[
    {
        "date": "2023-09-30",
        "symbol": "HT",
        "reportedCurrency": "USD",
        "cik": "0001063344",
        "fillingDate": "2023-11-09",
        "acceptedDate": "2023-11-09 16:11:49",
        "calendarYear": "2023",
        "period": "Q3",
        "revenue": 91984000,
        "costOfRevenue": 37101000,
        "grossProfit": 54883000,
        "grossProfitRatio": 0.5966581145,
        "researchAndDevelopmentExpenses": 0,
        "generalAndAdministrativeExpenses": 6049000,
        "sellingAndMarketingExpenses": 0,
        "sellingGeneralAndAdministrativeExpenses": 6049000,
        "otherExpenses": 40468000,
        "operatingExpenses": 46517000,
        "costAndExpenses": 83618000,
        "interestIncome": 5040000,
        "interestExpense": 11779000,
        "depreciationAndAmortization": 13794000,
        "ebitda": 5471000,
        "ebitdaratio": 0.0594777353,
        "operatingIncome": 8365000,
        "operatingIncomeRatio": 0.0909397286,
        "totalOtherIncomeExpensesNet": -7143000,
        "incomeBeforeTax": 1222000,
        "incomeBeforeTaxRatio": 0.0132849191,
        "incomeTaxExpense": -275000,
        "netIncome": 952000,
        "netIncomeRatio": 0.010349626,
        "eps": 0.0238,
        "epsdiluted": 0.0238,
        "weightedAverageShsOut": 40012965,
        "weightedAverageShsOutDil": 40012965,
        "link": "https://www.sec.gov/Archives/edgar/data/1063344/000106334423000116/0001063344-23-000116-index.htm",
        "finalLink": "https://www.sec.gov/Archives/edgar/data/1063344/000106334423000116/ht-20230930.htm"
    },
    {
        "date": "2023-06-30",
        "symbol": "HT",
        "reportedCurrency": "USD",
        "cik": "0001063344",
        "fillingDate": "2023-08-02",
        "acceptedDate": "2023-08-02 16:46:09",
        "calendarYear": "2023",
        "period": "Q2",
        "revenue": 97814000,
        "costOfRevenue": 64789000,
        "grossProfit": 33025000,
        "grossProfitRatio": 0.337630605,
        "researchAndDevelopmentExpenses": 0,
        "generalAndAdministrativeExpenses": 5770000,
        "sellingAndMarketingExpenses": 0,
        "sellingGeneralAndAdministrativeExpenses": 5770000,
        "otherExpenses": 73000,
        "operatingExpenses": 19776000,
        "costAndExpenses": 84565000,
        "interestIncome": 5271000,
        "interestExpense": 11778000,
        "depreciationAndAmortization": 14628000,
        "ebitda": 32484000,
        "ebitdaratio": 0.3320996994,
        "operatingIncome": 13249000,
        "operatingIncomeRatio": 0.1354509579,
        "totalOtherIncomeExpensesNet": -7223000,
        "incomeBeforeTax": 6026000,
        "incomeBeforeTaxRatio": 0.061606723,
        "incomeTaxExpense": 65000,
        "netIncome": 7764000,
        "netIncomeRatio": 0.0793751406,
        "eps": 0.04,
        "epsdiluted": 0.04,
        "weightedAverageShsOut": 39849859,
        "weightedAverageShsOutDil": 41287468,
        "link": "https://www.sec.gov/Archives/edgar/data/1063344/000106334423000112/0001063344-23-000112-index.htm",
        "finalLink": "https://www.sec.gov/Archives/edgar/data/1063344/000106334423000112/ht-20230630.htm"
    },
    {
        "date": "2023-03-31",
        "symbol": "HT",
        "reportedCurrency": "USD",
        "cik": "0001063344",
        "fillingDate": "2023-04-27",
        "acceptedDate": "2023-04-27 16:32:12",
        "calendarYear": "2023",
        "period": "Q1",
        "revenue": 75150000,
        "costOfRevenue": 59213000,
        "grossProfit": 15937000,
        "grossProfitRatio": 0.2120691949,
        "researchAndDevelopmentExpenses": 0,
        "generalAndAdministrativeExpenses": 4932000,
        "sellingAndMarketingExpenses": 0,
        "sellingGeneralAndAdministrativeExpenses": 4932000,
        "otherExpenses": 13669000,
        "operatingExpenses": 18601000,
        "costAndExpenses": 77814000,
        "interestIncome": 1739000,
        "interestExpense": 9089000,
        "depreciationAndAmortization": 13669000,
        "ebitda": 13305000,
        "ebitdaratio": 0.1770459082,
        "operatingIncome": -364000,
        "operatingIncomeRatio": -0.004843646,
        "totalOtherIncomeExpensesNet": -6803000,
        "incomeBeforeTax": -9467000,
        "incomeBeforeTaxRatio": -0.1259747172,
        "incomeTaxExpense": 34000,
        "netIncome": -9501000,
        "netIncomeRatio": -0.1264271457,
        "eps": -0.24,
        "epsdiluted": -0.24,
        "weightedAverageShsOut": 39618421,
        "weightedAverageShsOutDil": 39626231,
        "link": "https://www.sec.gov/Archives/edgar/data/1063344/000106334423000055/0001063344-23-000055-index.htm",
        "finalLink": "https://www.sec.gov/Archives/edgar/data/1063344/000106334423000055/ht-20230331.htm"
    },
    {
        "date": "2022-12-31",
        "symbol": "HT",
        "reportedCurrency": "USD",
        "cik": "0001063344",
        "fillingDate": "2023-02-23",
        "acceptedDate": "2023-02-23 17:26:22",
        "calendarYear": "2022",
        "period": "Q4",
        "revenue": 96468000,
        "costOfRevenue": 64919000,
        "grossProfit": 31549000,
        "grossProfitRatio": 0.3270410913,
        "researchAndDevelopmentExpenses": 0,
        "generalAndAdministrativeExpenses": 8785000,
        "sellingAndMarketingExpenses": 0,
        "sellingGeneralAndAdministrativeExpenses": 8785000,
        "otherExpenses": 13787000,
        "operatingExpenses": 22572000,
        "costAndExpenses": 87491000,
        "interestIncome": 1413000,
        "interestExpense": 8823000,
        "depreciationAndAmortization": 13787000,
        "ebitda": 29284000,
        "ebitdaratio": 0.3035618029,
        "operatingIncome": 15497000,
        "operatingIncomeRatio": 0.1606439441,
        "totalOtherIncomeExpensesNet": 20673000,
        "incomeBeforeTax": 36170000,
        "incomeBeforeTaxRatio": 0.3749429863,
        "incomeTaxExpense": -716000,
        "netIncome": 32922000,
        "netIncomeRatio": 0.3412737903,
        "eps": 0.65,
        "epsdiluted": 0.62,
        "weightedAverageShsOut": 39497268,
        "weightedAverageShsOutDil": 41534541,
        "link": "https://www.sec.gov/Archives/edgar/data/1063344/000106334423000018/0001063344-23-000018-index.htm",
        "finalLink": "https://www.sec.gov/Archives/edgar/data/1063344/000106334423000018/ht-20221231.htm"
    },
    {
        "date": "2022-09-30",
        "symbol": "HT",
        "reportedCurrency": "USD",
        "cik": "0001063344",
        "fillingDate": "2022-11-01",
        "acceptedDate": "2022-11-01 16:50:48",
        "calendarYear": "2022",
        "period": "Q3",
        "revenue": 104248000,
        "costOfRevenue": 71405000,
        "grossProfit": 32843000,
        "grossProfitRatio": 0.3150468114,
        "researchAndDevelopmentExpenses": 0,
        "generalAndAdministrativeExpenses": 5883000,
        "sellingAndMarketingExpenses": 0,
        "sellingGeneralAndAdministrativeExpenses": 5883000,
        "otherExpenses": 14900000,
        "operatingExpenses": 20783000,
        "costAndExpenses": 92188000,
        "interestIncome": 101000,
        "interestExpense": 11333000,
        "depreciationAndAmortization": 14900000,
        "ebitda": 28006000,
        "ebitdaratio": 0.2686478398,
        "operatingIncome": 13106000,
        "operatingIncomeRatio": 0.1257194383,
        "totalOtherIncomeExpensesNet": 128485000,
        "incomeBeforeTax": 141591000,
        "incomeBeforeTaxRatio": 1.3582131072,
        "incomeTaxExpense": 5402000,
        "netIncome": 121521000,
        "netIncomeRatio": 1.1656914281,
        "eps": 3.08,
        "epsdiluted": 2.97,
        "weightedAverageShsOut": 39465645,
        "weightedAverageShsOutDil": 40962773,
        "link": "https://www.sec.gov/Archives/edgar/data/1063344/000106334422000114/0001063344-22-000114-index.htm",
        "finalLink": "https://www.sec.gov/Archives/edgar/data/1063344/000106334422000114/ht-20220930.htm"
    },
    {
        "date": "2022-06-30",
        "symbol": "HT",
        "reportedCurrency": "USD",
        "cik": "0001063344",
        "fillingDate": "2022-08-09",
        "acceptedDate": "2022-08-09 16:38:09",
        "calendarYear": "2022",
        "period": "Q2",
        "revenue": 123290000,
        "costOfRevenue": 76959000,
        "grossProfit": 46331000,
        "grossProfitRatio": 0.3757887907,
        "researchAndDevelopmentExpenses": 0,
        "generalAndAdministrativeExpenses": 6491000,
        "sellingAndMarketingExpenses": 0,
        "sellingGeneralAndAdministrativeExpenses": 6491000,
        "otherExpenses": -108000,
        "operatingExpenses": 23494000,
        "costAndExpenses": 100453000,
        "interestIncome": 1000,
        "interestExpense": 14769000,
        "depreciationAndAmortization": 16266000,
        "ebitda": 40090000,
        "ebitdaratio": 0.3251683024,
        "operatingIncome": 23824000,
        "operatingIncomeRatio": 0.1932354611,
        "totalOtherIncomeExpensesNet": -14519000,
        "incomeBeforeTax": 9305000,
        "incomeBeforeTaxRatio": 0.0754724633,
        "incomeTaxExpense": 93000,
        "netIncome": 8142000,
        "netIncomeRatio": 0.0660394193,
        "eps": 0.2,
        "epsdiluted": 0.2,
        "weightedAverageShsOut": 39277269,
        "weightedAverageShsOutDil": 40453785,
        "link": "https://www.sec.gov/Archives/edgar/data/1063344/000106334422000101/0001063344-22-000101-index.htm",
        "finalLink": "https://www.sec.gov/Archives/edgar/data/1063344/000106334422000101/ht-20220630.htm"
    },
    {
        "date": "2022-03-31",
        "symbol": "HT",
        "reportedCurrency": "USD",
        "cik": "0001063344",
        "fillingDate": "2022-04-28",
        "acceptedDate": "2022-04-28 17:08:54",
        "calendarYear": "2022",
        "period": "Q1",
        "revenue": 81868000,
        "costOfRevenue": 58923000,
        "grossProfit": 22945000,
        "grossProfitRatio": 0.2802682367,
        "researchAndDevelopmentExpenses": 0,
        "generalAndAdministrativeExpenses": 5318000,
        "sellingAndMarketingExpenses": 0,
        "sellingGeneralAndAdministrativeExpenses": 5318000,
        "otherExpenses": -99000,
        "operatingExpenses": 24594000,
        "costAndExpenses": 83517000,
        "interestIncome": 1000,
        "interestExpense": 13046000,
        "depreciationAndAmortization": 20679000,
        "ebitda": 16805000,
        "ebitdaratio": 0.2052694582,
        "operatingIncome": -1674000,
        "operatingIncomeRatio": -0.0204475497,
        "totalOtherIncomeExpensesNet": -15271000,
        "incomeBeforeTax": -16945000,
        "incomeBeforeTaxRatio": -0.206979528,
        "incomeTaxExpense": 21000,
        "netIncome": -16515000,
        "netIncomeRatio": -0.2017271706,
        "eps": -0.42,
        "epsdiluted": -0.42,
        "weightedAverageShsOut": 39008771,
        "weightedAverageShsOutDil": 39231550,
        "link": "https://www.sec.gov/Archives/edgar/data/1063344/000106334422000057/0001063344-22-000057-index.htm",
        "finalLink": "https://www.sec.gov/Archives/edgar/data/1063344/000106334422000057/ht-20220331.htm"
    },
    {
        "date": "2021-12-31",
        "symbol": "HT",
        "reportedCurrency": "USD",
        "cik": "0001063344",
        "fillingDate": "2022-02-24",
        "acceptedDate": "2022-02-23 18:10:18",
        "calendarYear": "2021",
        "period": "Q4",
        "revenue": 93477000,
        "costOfRevenue": 64071000,
        "grossProfit": 29406000,
        "grossProfitRatio": 0.3145800571,
        "researchAndDevelopmentExpenses": 0,
        "generalAndAdministrativeExpenses": 7828000,
        "sellingAndMarketingExpenses": 0,
        "sellingGeneralAndAdministrativeExpenses": 7828000,
        "otherExpenses": -74000,
        "operatingExpenses": 27837000,
        "costAndExpenses": 91908000,
        "interestIncome": 7000,
        "interestExpense": 14549000,
        "depreciationAndAmortization": 20009000,
        "ebitda": 21077000,
        "ebitdaratio": 0.2254779251,
        "operatingIncome": 1569000,
        "operatingIncomeRatio": 0.0167848776,
        "totalOtherIncomeExpensesNet": -15050000,
        "incomeBeforeTax": -13481000,
        "incomeBeforeTaxRatio": -0.1442172941,
        "incomeTaxExpense": 999000,
        "netIncome": -12798000,
        "netIncomeRatio": -0.1369106839,
        "eps": -0.33,
        "epsdiluted": -0.33,
        "weightedAverageShsOut": 39149120,
        "weightedAverageShsOutDil": 39149120,
        "link": "https://www.sec.gov/Archives/edgar/data/1063344/000106334422000033/0001063344-22-000033-index.htm",
        "finalLink": "https://www.sec.gov/Archives/edgar/data/1063344/000106334422000033/ht-20211231.htm"
    },
    {
        "date": "2021-09-30",
        "symbol": "HT",
        "reportedCurrency": "USD",
        "cik": "0001063344",
        "fillingDate": "2021-10-27",
        "acceptedDate": "2021-10-27 17:06:32",
        "calendarYear": "2021",
        "period": "Q3",
        "revenue": 85251000,
        "costOfRevenue": 60081000,
        "grossProfit": 25170000,
        "grossProfitRatio": 0.2952458036,
        "researchAndDevelopmentExpenses": 0,
        "generalAndAdministrativeExpenses": 4968000,
        "sellingAndMarketingExpenses": 0,
        "sellingGeneralAndAdministrativeExpenses": 4968000,
        "otherExpenses": -176000,
        "operatingExpenses": 25452000,
        "costAndExpenses": 85533000,
        "interestIncome": 3000,
        "interestExpense": 14589000,
        "depreciationAndAmortization": 20484000,
        "ebitda": 19418000,
        "ebitdaratio": 0.2277744543,
        "operatingIncome": -282000,
        "operatingIncomeRatio": -0.0033078791,
        "totalOtherIncomeExpensesNet": -15373000,
        "incomeBeforeTax": -15655000,
        "incomeBeforeTaxRatio": -0.1836342096,
        "incomeTaxExpense": 277000,
        "netIncome": -13755000,
        "netIncomeRatio": -0.161347081,
        "eps": -0.35,
        "epsdiluted": -0.35,
        "weightedAverageShsOut": 38922000,
        "weightedAverageShsOutDil": 39139610,
        "link": "https://www.sec.gov/Archives/edgar/data/1063344/000106334421000105/0001063344-21-000105-index.htm",
        "finalLink": "https://www.sec.gov/Archives/edgar/data/1063344/000106334421000105/ht-20210930.htm"
    },
    {
        "date": "2021-06-30",
        "symbol": "HT",
        "reportedCurrency": "USD",
        "cik": "0001063344",
        "fillingDate": "2021-07-28",
        "acceptedDate": "2021-07-28 16:39:52",
        "calendarYear": "2021",
        "period": "Q2",
        "revenue": 70096000,
        "costOfRevenue": 51840000,
        "grossProfit": 18256000,
        "grossProfitRatio": 0.2604428213,
        "researchAndDevelopmentExpenses": 0,
        "generalAndAdministrativeExpenses": 5287000,
        "sellingAndMarketingExpenses": 0,
        "sellingGeneralAndAdministrativeExpenses": 5287000,
        "otherExpenses": -84000,
        "operatingExpenses": 26301000,
        "costAndExpenses": 78141000,
        "interestIncome": 4000,
        "interestExpense": 13894000,
        "depreciationAndAmortization": 22198000,
        "ebitda": 12396000,
        "ebitdaratio": 0.1768431865,
        "operatingIncome": -7592000,
        "operatingIncomeRatio": -0.1083086053,
        "totalOtherIncomeExpensesNet": -15780000,
        "incomeBeforeTax": -23372000,
        "incomeBeforeTaxRatio": -0.333428441,
        "incomeTaxExpense": 151000,
        "netIncome": -22546000,
        "netIncomeRatio": -0.3216446017,
        "eps": -0.58,
        "epsdiluted": -0.58,
        "weightedAverageShsOut": 39097820,
        "weightedAverageShsOutDil": 39097820,
        "link": "https://www.sec.gov/Archives/edgar/data/1063344/000106334421000093/0001063344-21-000093-index.htm",
        "finalLink": "https://www.sec.gov/Archives/edgar/data/1063344/000106334421000093/ht-20210630.htm"
    },
    {
        "date": "2021-03-31",
        "symbol": "HT",
        "reportedCurrency": "USD",
        "cik": "0001063344",
        "fillingDate": "2021-04-29",
        "acceptedDate": "2021-04-29 16:37:11",
        "calendarYear": "2021",
        "period": "Q1",
        "revenue": 47165000,
        "costOfRevenue": 43351000,
        "grossProfit": 3814000,
        "grossProfitRatio": 0.0808650482,
        "researchAndDevelopmentExpenses": 0,
        "generalAndAdministrativeExpenses": 4944000,
        "sellingAndMarketingExpenses": 0,
        "sellingGeneralAndAdministrativeExpenses": 4944000,
        "otherExpenses": 461000,
        "operatingExpenses": 26746000,
        "costAndExpenses": 70097000,
        "interestIncome": 1000,
        "interestExpense": 13429000,
        "depreciationAndAmortization": 23038000,
        "ebitda": -90000,
        "ebitdaratio": -0.0019081946,
        "operatingIncome": -23286000,
        "operatingIncomeRatio": -0.4937135588,
        "totalOtherIncomeExpensesNet": 31787000,
        "incomeBeforeTax": 8501000,
        "incomeBeforeTaxRatio": 0.1802395844,
        "incomeTaxExpense": -589000,
        "netIncome": 8926000,
        "netIncomeRatio": 0.1892505036,
        "eps": 0.07,
        "epsdiluted": 0.07,
        "weightedAverageShsOut": 38970893,
        "weightedAverageShsOutDil": 39840474,
        "link": "https://www.sec.gov/Archives/edgar/data/1063344/000106334421000051/0001063344-21-000051-index.htm",
        "finalLink": "https://www.sec.gov/Archives/edgar/data/1063344/000106334421000051/ht-20210331.htm"
    },
    {
        "date": "2020-12-31",
        "symbol": "HT",
        "reportedCurrency": "USD",
        "cik": "0001063344",
        "fillingDate": "2021-03-29",
        "acceptedDate": "2021-03-29 16:32:44",
        "calendarYear": "2020",
        "period": "Q4",
        "revenue": 35336000,
        "costOfRevenue": 40152000,
        "grossProfit": -4816000,
        "grossProfitRatio": -0.1362916006,
        "researchAndDevelopmentExpenses": 0,
        "generalAndAdministrativeExpenses": 5660000,
        "sellingAndMarketingExpenses": 0,
        "sellingGeneralAndAdministrativeExpenses": 5660000,
        "otherExpenses": 8000,
        "operatingExpenses": 30053000,
        "costAndExpenses": 70205000,
        "interestIncome": 0,
        "interestExpense": 13441000,
        "depreciationAndAmortization": 24393000,
        "ebitda": -11217000,
        "ebitdaratio": -0.3174383065,
        "operatingIncome": -30328000,
        "operatingIncomeRatio": -0.8582748472,
        "totalOtherIncomeExpensesNet": -13024000,
        "incomeBeforeTax": -43352000,
        "incomeBeforeTaxRatio": -1.2268508037,
        "incomeTaxExpense": -17000,
        "netIncome": -38709000,
        "netIncomeRatio": -1.09545506,
        "eps": -1,
        "epsdiluted": -1,
        "weightedAverageShsOut": 38640604,
        "weightedAverageShsOutDil": 38640604,
        "link": "https://www.sec.gov/Archives/edgar/data/1063344/000106334421000035/0001063344-21-000035-index.htm",
        "finalLink": "https://www.sec.gov/Archives/edgar/data/1063344/000106334421000035/ht-20201231.htm"
    },
    {
        "date": "2020-09-30",
        "symbol": "HT",
        "reportedCurrency": "USD",
        "cik": "0001063344",
        "fillingDate": "2020-11-09",
        "acceptedDate": "2020-11-09 16:58:38",
        "calendarYear": "2020",
        "period": "Q3",
        "revenue": 33746000,
        "costOfRevenue": 39404000,
        "grossProfit": -5658000,
        "grossProfitRatio": -0.1676643158,
        "researchAndDevelopmentExpenses": 0,
        "generalAndAdministrativeExpenses": 4397000,
        "sellingAndMarketingExpenses": 0,
        "sellingGeneralAndAdministrativeExpenses": 4397000,
        "otherExpenses": -73000,
        "operatingExpenses": 28452000,
        "costAndExpenses": 67856000,
        "interestIncome": 1000,
        "interestExpense": 12246000,
        "depreciationAndAmortization": 25040000,
        "ebitda": -10915000,
        "ebitdaratio": -0.3234457417,
        "operatingIncome": -34110000,
        "operatingIncomeRatio": -1.0107864636,
        "totalOtherIncomeExpensesNet": -14091000,
        "incomeBeforeTax": -48201000,
        "incomeBeforeTaxRatio": -1.4283470634,
        "incomeTaxExpense": -28000,
        "netIncome": -43141000,
        "netIncomeRatio": -1.2784033663,
        "eps": -1.12,
        "epsdiluted": -1.12,
        "weightedAverageShsOut": 38639048,
        "weightedAverageShsOutDil": 38639048,
        "link": "https://www.sec.gov/Archives/edgar/data/1063344/000106334420000219/0001063344-20-000219-index.htm",
        "finalLink": "https://www.sec.gov/Archives/edgar/data/1063344/000106334420000219/ht-20200930.htm"
    },
    {
        "date": "2020-06-30",
        "symbol": "HT",
        "reportedCurrency": "USD",
        "cik": "0001063344",
        "fillingDate": "2020-08-07",
        "acceptedDate": "2020-08-06 17:47:04",
        "calendarYear": "2020",
        "period": "Q2",
        "revenue": 17441000,
        "costOfRevenue": 29405000,
        "grossProfit": -11964000,
        "grossProfitRatio": -0.6859698412,
        "researchAndDevelopmentExpenses": 0,
        "generalAndAdministrativeExpenses": 4187000,
        "sellingAndMarketingExpenses": 0,
        "sellingGeneralAndAdministrativeExpenses": 4187000,
        "otherExpenses": -385000,
        "operatingExpenses": 28509000,
        "costAndExpenses": 57914000,
        "interestIncome": 2000,
        "interestExpense": 13481000,
        "depreciationAndAmortization": 24322000,
        "ebitda": -17036000,
        "ebitdaratio": -0.9767788544,
        "operatingIncome": -41542000,
        "operatingIncomeRatio": -2.3818588384,
        "totalOtherIncomeExpensesNet": -14366000,
        "incomeBeforeTax": -55908000,
        "incomeBeforeTaxRatio": -3.2055501405,
        "incomeTaxExpense": 15872000,
        "netIncome": -61420000,
        "netIncomeRatio": -3.521587065,
        "eps": -1.59,
        "epsdiluted": -1.59,
        "weightedAverageShsOut": 38550857,
        "weightedAverageShsOutDil": 38609922,
        "link": "https://www.sec.gov/Archives/edgar/data/1063344/000106334420000195/0001063344-20-000195-index.htm",
        "finalLink": "https://www.sec.gov/Archives/edgar/data/1063344/000106334420000195/ht-20200630.htm"
    },
    {
        "date": "2020-03-31",
        "symbol": "HT",
        "reportedCurrency": "USD",
        "cik": "0001063344",
        "fillingDate": "2020-05-07",
        "acceptedDate": "2020-05-07 17:28:58",
        "calendarYear": "2020",
        "period": "Q1",
        "revenue": 90137000,
        "costOfRevenue": 76524000,
        "grossProfit": 13613000,
        "grossProfitRatio": 0.1510256609,
        "researchAndDevelopmentExpenses": 0,
        "generalAndAdministrativeExpenses": 5834000,
        "sellingAndMarketingExpenses": 0,
        "sellingGeneralAndAdministrativeExpenses": 5834000,
        "otherExpenses": -72000,
        "operatingExpenses": 30022000,
        "costAndExpenses": 106546000,
        "interestIncome": 36000,
        "interestExpense": 13007000,
        "depreciationAndAmortization": 24188000,
        "ebitda": 6725000,
        "ebitdaratio": 0.0746086513,
        "operatingIncome": -16409000,
        "operatingIncomeRatio": -0.1820451091,
        "totalOtherIncomeExpensesNet": -14061000,
        "incomeBeforeTax": -30470000,
        "incomeBeforeTaxRatio": -0.3380409821,
        "incomeTaxExpense": -4498000,
        "netIncome": -23075000,
        "netIncomeRatio": -0.2559992012,
        "eps": -0.6,
        "epsdiluted": -0.6,
        "weightedAverageShsOut": 38314524,
        "weightedAverageShsOutDil": 38564099,
        "link": "https://www.sec.gov/Archives/edgar/data/1063344/000106334420000139/0001063344-20-000139-index.htm",
        "finalLink": "https://www.sec.gov/Archives/edgar/data/1063344/000106334420000139/ht-20200331.htm"
    },
    {
        "date": "2019-12-31",
        "symbol": "HT",
        "reportedCurrency": "USD",
        "cik": "0001063344",
        "fillingDate": "2020-02-25",
        "acceptedDate": "2020-02-25 16:55:34",
        "calendarYear": "2019",
        "period": "Q4",
        "revenue": 132671000,
        "costOfRevenue": 90253000,
        "grossProfit": 42418000,
        "grossProfitRatio": 0.3197232251,
        "researchAndDevelopmentExpenses": 0,
        "generalAndAdministrativeExpenses": 7118000,
        "sellingAndMarketingExpenses": 0,
        "sellingGeneralAndAdministrativeExpenses": 7118000,
        "otherExpenses": -255000,
        "operatingExpenses": 31463000,
        "costAndExpenses": 121716000,
        "interestIncome": 46000,
        "interestExpense": 13047000,
        "depreciationAndAmortization": 24345000,
        "ebitda": 35264000,
        "ebitdaratio": 0.2658003633,
        "operatingIncome": 10943000,
        "operatingIncomeRatio": 0.0824822305,
        "totalOtherIncomeExpensesNet": -13098000,
        "incomeBeforeTax": -2155000,
        "incomeBeforeTaxRatio": -0.016243188,
        "incomeTaxExpense": 1876000,
        "netIncome": -3219000,
        "netIncomeRatio": -0.0242630266,
        "eps": -0.0836,
        "epsdiluted": -0.0836,
        "weightedAverageShsOut": 38516879,
        "weightedAverageShsOutDil": 38516879,
        "link": "https://www.sec.gov/Archives/edgar/data/1063344/000106334420000029/0001063344-20-000029-index.htm",
        "finalLink": "https://www.sec.gov/Archives/edgar/data/1063344/000106334420000029/ht1231201910k.htm"
    },
    {
        "date": "2019-09-30",
        "symbol": "HT",
        "reportedCurrency": "USD",
        "cik": "0001063344",
        "fillingDate": "2019-11-06",
        "acceptedDate": "2019-11-06 16:24:29",
        "calendarYear": "2019",
        "period": "Q3",
        "revenue": 134995000,
        "costOfRevenue": 92026000,
        "grossProfit": 42969000,
        "grossProfitRatio": 0.3183006778,
        "researchAndDevelopmentExpenses": 0,
        "generalAndAdministrativeExpenses": 5613000,
        "sellingAndMarketingExpenses": 0,
        "sellingGeneralAndAdministrativeExpenses": 5613000,
        "otherExpenses": -246000,
        "operatingExpenses": 29705000,
        "costAndExpenses": 121731000,
        "interestIncome": 66000,
        "interestExpense": 12935000,
        "depreciationAndAmortization": 24092000,
        "ebitda": 37214000,
        "ebitdaratio": 0.2756694692,
        "operatingIncome": 13264000,
        "operatingIncomeRatio": 0.0982554909,
        "totalOtherIncomeExpensesNet": -13308000,
        "incomeBeforeTax": -44000,
        "incomeBeforeTaxRatio": -0.000325938,
        "incomeTaxExpense": -551000,
        "netIncome": 609000,
        "netIncomeRatio": 0.0045112782,
        "eps": -0.15,
        "epsdiluted": -0.15,
        "weightedAverageShsOut": 38093333,
        "weightedAverageShsOutDil": 38878818,
        "link": "https://www.sec.gov/Archives/edgar/data/1063344/000106334419000097/0001063344-19-000097-index.htm",
        "finalLink": "https://www.sec.gov/Archives/edgar/data/1063344/000106334419000097/ht930201910-q.htm"
    },
    {
        "date": "2019-06-30",
        "symbol": "HT",
        "reportedCurrency": "USD",
        "cik": "0001063344",
        "fillingDate": "2019-07-31",
        "acceptedDate": "2019-07-31 17:03:27",
        "calendarYear": "2019",
        "period": "Q2",
        "revenue": 147501000,
        "costOfRevenue": 92721000,
        "grossProfit": 54780000,
        "grossProfitRatio": 0.3713873126,
        "researchAndDevelopmentExpenses": 0,
        "generalAndAdministrativeExpenses": 8100000,
        "sellingAndMarketingExpenses": 0,
        "sellingGeneralAndAdministrativeExpenses": 8100000,
        "otherExpenses": -124000,
        "operatingExpenses": 32064000,
        "costAndExpenses": 124785000,
        "interestIncome": 58000,
        "interestExpense": 13325000,
        "depreciationAndAmortization": 24357000,
        "ebitda": 47306000,
        "ebitdaratio": 0.3207164697,
        "operatingIncome": 22716000,
        "operatingIncomeRatio": 0.1540057356,
        "totalOtherIncomeExpensesNet": -13126000,
        "incomeBeforeTax": 9590000,
        "incomeBeforeTaxRatio": 0.0650165084,
        "incomeTaxExpense": 4031000,
        "netIncome": 5600000,
        "netIncomeRatio": 0.0379658443,
        "eps": -0.02,
        "epsdiluted": -0.02,
        "weightedAverageShsOut": 39127385,
        "weightedAverageShsOutDil": 39127385,
        "link": "https://www.sec.gov/Archives/edgar/data/1063344/000106334419000068/0001063344-19-000068-index.htm",
        "finalLink": "https://www.sec.gov/Archives/edgar/data/1063344/000106334419000068/ht630201910-q.htm"
    },
    {
        "date": "2019-03-31",
        "symbol": "HT",
        "reportedCurrency": "USD",
        "cik": "0001063344",
        "fillingDate": "2019-04-30",
        "acceptedDate": "2019-04-30 16:56:37",
        "calendarYear": "2019",
        "period": "Q1",
        "revenue": 114793000,
        "costOfRevenue": 85618000,
        "grossProfit": 29175000,
        "grossProfitRatio": 0.2541531278,
        "researchAndDevelopmentExpenses": 0,
        "generalAndAdministrativeExpenses": 5600000,
        "sellingAndMarketingExpenses": 0,
        "sellingGeneralAndAdministrativeExpenses": 5600000,
        "otherExpenses": 41000,
        "operatingExpenses": 29728000,
        "costAndExpenses": 115346000,
        "interestIncome": 83000,
        "interestExpense": 12898000,
        "depreciationAndAmortization": 24128000,
        "ebitda": 23880000,
        "ebitdaratio": 0.2080266218,
        "operatingIncome": -553000,
        "operatingIncomeRatio": -0.0048173669,
        "totalOtherIncomeExpensesNet": -12593000,
        "incomeBeforeTax": -13146000,
        "incomeBeforeTaxRatio": -0.114519178,
        "incomeTaxExpense": -5264000,
        "netIncome": -6959000,
        "netIncomeRatio": -0.0606221634,
        "eps": -0.18,
        "epsdiluted": -0.18,
        "weightedAverageShsOut": 39073529,
        "weightedAverageShsOutDil": 39115390,
        "link": "https://www.sec.gov/Archives/edgar/data/1063344/000106334419000038/0001063344-19-000038-index.htm",
        "finalLink": "https://www.sec.gov/Archives/edgar/data/1063344/000106334419000038/ht_3312019x10-q.htm"
    },
    {
        "date": "2018-12-31",
        "symbol": "HT",
        "reportedCurrency": "USD",
        "cik": "0001063344",
        "fillingDate": "2019-02-27",
        "acceptedDate": "2019-02-26 17:54:46",
        "calendarYear": "2018",
        "period": "Q4",
        "revenue": 133736000,
        "costOfRevenue": 89577000,
        "grossProfit": 44159000,
        "grossProfitRatio": 0.3301953102,
        "researchAndDevelopmentExpenses": 0,
        "generalAndAdministrativeExpenses": 8366000,
        "sellingAndMarketingExpenses": 0,
        "sellingGeneralAndAdministrativeExpenses": 8366000,
        "otherExpenses": -183000,
        "operatingExpenses": 31833000,
        "costAndExpenses": 121410000,
        "interestIncome": 46000,
        "interestExpense": 12833000,
        "depreciationAndAmortization": 23467000,
        "ebitda": 35822000,
        "ebitdaratio": 0.2678560747,
        "operatingIncome": 13815000,
        "operatingIncomeRatio": 0.1033005324,
        "totalOtherIncomeExpensesNet": -12059000,
        "incomeBeforeTax": 1756000,
        "incomeBeforeTaxRatio": 0.0131303464,
        "incomeTaxExpense": -933000,
        "netIncome": 2688000,
        "netIncomeRatio": 0.0200993001,
        "eps": -0.09,
        "epsdiluted": -0.09,
        "weightedAverageShsOut": 39082356,
        "weightedAverageShsOutDil": 39334877,
        "link": "https://www.sec.gov/Archives/edgar/data/1063344/000106334419000019/0001063344-19-000019-index.htm",
        "finalLink": "https://www.sec.gov/Archives/edgar/data/1063344/000106334419000019/ht_12312018x10k.htm"
    },
    {
        "date": "2018-09-30",
        "symbol": "HT",
        "reportedCurrency": "USD",
        "cik": "0001063344",
        "fillingDate": "2018-10-24",
        "acceptedDate": "2018-10-24 17:15:09",
        "calendarYear": "2018",
        "period": "Q3",
        "revenue": 127876000,
        "costOfRevenue": 86555000,
        "grossProfit": 41321000,
        "grossProfitRatio": 0.3231333479,
        "researchAndDevelopmentExpenses": 0,
        "generalAndAdministrativeExpenses": 5841000,
        "sellingAndMarketingExpenses": 0,
        "sellingGeneralAndAdministrativeExpenses": 5841000,
        "otherExpenses": -12000,
        "operatingExpenses": 28605000,
        "costAndExpenses": 115160000,
        "interestIncome": 23000,
        "interestExpense": 12407000,
        "depreciationAndAmortization": 22764000,
        "ebitda": 36073000,
        "ebitdaratio": 0.2820935907,
        "operatingIncome": 17486000,
        "operatingIncomeRatio": 0.1367418437,
        "totalOtherIncomeExpensesNet": -11814000,
        "incomeBeforeTax": 5672000,
        "incomeBeforeTaxRatio": 0.0443554694,
        "incomeTaxExpense": 2685000,
        "netIncome": 2809000,
        "netIncomeRatio": 0.0219665926,
        "eps": -0.09,
        "epsdiluted": -0.09,
        "weightedAverageShsOut": 38122222,
        "weightedAverageShsOutDil": 39321062,
        "link": "https://www.sec.gov/Archives/edgar/data/1063344/000106334418000092/0001063344-18-000092-index.htm",
        "finalLink": "https://www.sec.gov/Archives/edgar/data/1063344/000106334418000092/ht_9302018x10-q.htm"
    },
    {
        "date": "2018-06-30",
        "symbol": "HT",
        "reportedCurrency": "USD",
        "cik": "0001063344",
        "fillingDate": "2018-07-25",
        "acceptedDate": "2018-07-25 17:00:20",
        "calendarYear": "2018",
        "period": "Q2",
        "revenue": 133840000,
        "costOfRevenue": 86137000,
        "grossProfit": 47703000,
        "grossProfitRatio": 0.3564181112,
        "researchAndDevelopmentExpenses": 0,
        "generalAndAdministrativeExpenses": 7585000,
        "sellingAndMarketingExpenses": 0,
        "sellingGeneralAndAdministrativeExpenses": 7585000,
        "otherExpenses": -75000,
        "operatingExpenses": 29646000,
        "costAndExpenses": 115783000,
        "interestIncome": 20000,
        "interestExpense": 11879000,
        "depreciationAndAmortization": 22523000,
        "ebitda": 41062000,
        "ebitdaratio": 0.3067991632,
        "operatingIncome": 24418000,
        "operatingIncomeRatio": 0.1824417215,
        "totalOtherIncomeExpensesNet": -11411000,
        "incomeBeforeTax": 13007000,
        "incomeBeforeTaxRatio": 0.0971832038,
        "incomeTaxExpense": 1170000,
        "netIncome": 12537000,
        "netIncomeRatio": 0.0936715481,
        "eps": 0.16,
        "epsdiluted": 0.16,
        "weightedAverageShsOut": 39246946,
        "weightedAverageShsOutDil": 39926099,
        "link": "https://www.sec.gov/Archives/edgar/data/1063344/000106334418000082/0001063344-18-000082-index.htm",
        "finalLink": "https://www.sec.gov/Archives/edgar/data/1063344/000106334418000082/ht_6302018x10-q.htm"
    },
    {
        "date": "2018-03-31",
        "symbol": "HT",
        "reportedCurrency": "USD",
        "cik": "0001063344",
        "fillingDate": "2018-04-26",
        "acceptedDate": "2018-04-26 16:06:30",
        "calendarYear": "2018",
        "period": "Q1",
        "revenue": 99639000,
        "costOfRevenue": 76002000,
        "grossProfit": 23637000,
        "grossProfitRatio": 0.2372263873,
        "researchAndDevelopmentExpenses": 0,
        "generalAndAdministrativeExpenses": 5091000,
        "sellingAndMarketingExpenses": 0,
        "sellingGeneralAndAdministrativeExpenses": 5091000,
        "otherExpenses": -657000,
        "operatingExpenses": 26630000,
        "costAndExpenses": 102632000,
        "interestIncome": 25000,
        "interestExpense": 11372000,
        "depreciationAndAmortization": 21539000,
        "ebitda": 17713000,
        "ebitdaratio": 0.177771756,
        "operatingIncome": -2993000,
        "operatingIncomeRatio": -0.0300384388,
        "totalOtherIncomeExpensesNet": -8810000,
        "incomeBeforeTax": -11803000,
        "incomeBeforeTaxRatio": -0.1184576321,
        "incomeTaxExpense": -2655000,
        "netIncome": -8044000,
        "netIncomeRatio": -0.0807314405,
        "eps": -0.2,
        "epsdiluted": -0.2,
        "weightedAverageShsOut": 39636166,
        "weightedAverageShsOutDil": 39636166,
        "link": "https://www.sec.gov/Archives/edgar/data/1063344/000106334418000062/0001063344-18-000062-index.htm",
        "finalLink": "https://www.sec.gov/Archives/edgar/data/1063344/000106334418000062/ht_3312018x10-q.htm"
    },
    {
        "date": "2017-12-31",
        "symbol": "HT",
        "reportedCurrency": "USD",
        "cik": "0001063344",
        "fillingDate": "2018-02-23",
        "acceptedDate": "2018-02-23 16:51:20",
        "calendarYear": "2017",
        "period": "Q4",
        "revenue": 122662000,
        "costOfRevenue": 83398000,
        "grossProfit": 39264000,
        "grossProfitRatio": 0.3200991342,
        "researchAndDevelopmentExpenses": 0,
        "generalAndAdministrativeExpenses": 7411000,
        "sellingAndMarketingExpenses": 0,
        "sellingGeneralAndAdministrativeExpenses": 7411000,
        "otherExpenses": -17000,
        "operatingExpenses": 29929000,
        "costAndExpenses": 113327000,
        "interestIncome": 34000,
        "interestExpense": 11082000,
        "depreciationAndAmortization": 22518000,
        "ebitda": 32034000,
        "ebitdaratio": 0.2611566744,
        "operatingIncome": 4715000,
        "operatingIncomeRatio": 0.0384389624,
        "totalOtherIncomeExpensesNet": -10099000,
        "incomeBeforeTax": -5384000,
        "incomeBeforeTaxRatio": -0.0438929742,
        "incomeTaxExpense": 3682000,
        "netIncome": -8290000,
        "netIncomeRatio": -0.0675840929,
        "eps": -0.2,
        "epsdiluted": -0.2,
        "weightedAverageShsOut": 39783786,
        "weightedAverageShsOutDil": 40529569,
        "link": "https://www.sec.gov/Archives/edgar/data/1063344/000106334418000034/0001063344-18-000034-index.htm",
        "finalLink": "https://www.sec.gov/Archives/edgar/data/1063344/000106334418000034/ht-20171231x10k.htm"
    },
    {
        "date": "2017-09-30",
        "symbol": "HT",
        "reportedCurrency": "USD",
        "cik": "0001063344",
        "fillingDate": "2017-10-26",
        "acceptedDate": "2017-10-26 17:00:56",
        "calendarYear": "2017",
        "period": "Q3",
        "revenue": 129589000,
        "costOfRevenue": 86228000,
        "grossProfit": 43361000,
        "grossProfitRatio": 0.3346040173,
        "researchAndDevelopmentExpenses": 0,
        "generalAndAdministrativeExpenses": 4919000,
        "sellingAndMarketingExpenses": 0,
        "sellingGeneralAndAdministrativeExpenses": 4919000,
        "otherExpenses": 176000,
        "operatingExpenses": 26577000,
        "costAndExpenses": 112805000,
        "interestIncome": 40000,
        "interestExpense": 11141000,
        "depreciationAndAmortization": 22022000,
        "ebitda": 39561000,
        "ebitdaratio": 0.3052805408,
        "operatingIncome": 12675000,
        "operatingIncomeRatio": 0.0978092276,
        "totalOtherIncomeExpensesNet": -10737000,
        "incomeBeforeTax": 1938000,
        "incomeBeforeTaxRatio": 0.014954973,
        "incomeTaxExpense": -1325000,
        "netIncome": 3353000,
        "netIncomeRatio": 0.0258741097,
        "eps": -0.07,
        "epsdiluted": -0.07,
        "weightedAverageShsOut": 39671428,
        "weightedAverageShsOutDil": 41721425,
        "link": "https://www.sec.gov/Archives/edgar/data/1063344/000106334417000085/0001063344-17-000085-index.htm",
        "finalLink": "https://www.sec.gov/Archives/edgar/data/1063344/000106334417000085/ht-20170930x10q.htm"
    },
    {
        "date": "2017-06-30",
        "symbol": "HT",
        "reportedCurrency": "USD",
        "cik": "0001063344",
        "fillingDate": "2017-07-27",
        "acceptedDate": "2017-07-26 17:42:12",
        "calendarYear": "2017",
        "period": "Q2",
        "revenue": 138004000,
        "costOfRevenue": 85484000,
        "grossProfit": 52520000,
        "grossProfitRatio": 0.3805686792,
        "researchAndDevelopmentExpenses": 0,
        "generalAndAdministrativeExpenses": 6598000,
        "sellingAndMarketingExpenses": 0,
        "sellingGeneralAndAdministrativeExpenses": 6598000,
        "otherExpenses": -279000,
        "operatingExpenses": 26712000,
        "costAndExpenses": 112196000,
        "interestIncome": 72000,
        "interestExpense": 10590000,
        "depreciationAndAmortization": 20573000,
        "ebitda": 46885000,
        "ebitdaratio": 0.3397365294,
        "operatingIncome": 24684000,
        "operatingIncomeRatio": 0.1788643807,
        "totalOtherIncomeExpensesNet": 60766000,
        "incomeBeforeTax": 85450000,
        "incomeBeforeTaxRatio": 0.6191849512,
        "incomeTaxExpense": 662000,
        "netIncome": 80030000,
        "netIncomeRatio": 0.5799107272,
        "eps": 1.77,
        "epsdiluted": 1.75,
        "weightedAverageShsOut": 41737044,
        "weightedAverageShsOutDil": 42207841,
        "link": "https://www.sec.gov/Archives/edgar/data/1063344/000106334417000069/0001063344-17-000069-index.htm",
        "finalLink": "https://www.sec.gov/Archives/edgar/data/1063344/000106334417000069/ht-20170630x10q.htm"
    },
    {
        "date": "2017-03-31",
        "symbol": "HT",
        "reportedCurrency": "USD",
        "cik": "0001063344",
        "fillingDate": "2017-04-27",
        "acceptedDate": "2017-04-26 18:08:45",
        "calendarYear": "2017",
        "period": "Q1",
        "revenue": 107998000,
        "costOfRevenue": 75700000,
        "grossProfit": 32298000,
        "grossProfitRatio": 0.2990610937,
        "researchAndDevelopmentExpenses": 0,
        "generalAndAdministrativeExpenses": 4625000,
        "sellingAndMarketingExpenses": 0,
        "sellingGeneralAndAdministrativeExpenses": 4625000,
        "otherExpenses": -399000,
        "operatingExpenses": 24087000,
        "costAndExpenses": 99787000,
        "interestIncome": 125000,
        "interestExpense": 9849000,
        "depreciationAndAmortization": 19462000,
        "ebitda": 39752000,
        "ebitdaratio": 0.3680808904,
        "operatingIncome": 7511000,
        "operatingIncomeRatio": 0.0695475842,
        "totalOtherIncomeExpensesNet": 8334000,
        "incomeBeforeTax": 28198000,
        "incomeBeforeTaxRatio": 0.2610974277,
        "incomeTaxExpense": 2243000,
        "netIncome": 24774000,
        "netIncomeRatio": 0.2293931369,
        "eps": 0.45,
        "epsdiluted": 0.44,
        "weightedAverageShsOut": 41716958,
        "weightedAverageShsOutDil": 42110911,
        "link": "https://www.sec.gov/Archives/edgar/data/1063344/000106334417000047/0001063344-17-000047-index.htm",
        "finalLink": "https://www.sec.gov/Archives/edgar/data/1063344/000106334417000047/c344-20170331x10q.htm"
    },
    {
        "date": "2016-12-31",
        "symbol": "HT",
        "reportedCurrency": "USD",
        "cik": "0001063344",
        "fillingDate": "2017-02-24",
        "acceptedDate": "2017-02-23 18:43:16",
        "calendarYear": "2016",
        "period": "Q4",
        "revenue": 111445000,
        "costOfRevenue": 73228000,
        "grossProfit": 38217000,
        "grossProfitRatio": 0.3429225178,
        "researchAndDevelopmentExpenses": 0,
        "generalAndAdministrativeExpenses": 7189000,
        "sellingAndMarketingExpenses": 0,
        "sellingGeneralAndAdministrativeExpenses": 7189000,
        "otherExpenses": -16928000,
        "operatingExpenses": 25320000,
        "costAndExpenses": 98548000,
        "interestIncome": 143000,
        "interestExpense": 10425000,
        "depreciationAndAmortization": 18131000,
        "ebitda": 14830000,
        "ebitdaratio": 0.1330701243,
        "operatingIncome": 12070000,
        "operatingIncomeRatio": 0.1083045448,
        "totalOtherIncomeExpensesNet": -5734000,
        "incomeBeforeTax": 6336000,
        "incomeBeforeTaxRatio": 0.0568531563,
        "incomeTaxExpense": -375000,
        "netIncome": 6507000,
        "netIncomeRatio": 0.0583875454,
        "eps": 0.03,
        "epsdiluted": 0.03,
        "weightedAverageShsOut": 41733272,
        "weightedAverageShsOutDil": 42307583,
        "link": "https://www.sec.gov/Archives/edgar/data/1063344/000106334417000015/0001063344-17-000015-index.htm",
        "finalLink": "https://www.sec.gov/Archives/edgar/data/1063344/000106334417000015/ht-20161231x10k.htm"
    },
    {
        "date": "2016-09-30",
        "symbol": "HT",
        "reportedCurrency": "USD",
        "cik": "0001063344",
        "fillingDate": "2016-10-27",
        "acceptedDate": "2016-10-26 19:26:27",
        "calendarYear": "2016",
        "period": "Q3",
        "revenue": 120607000,
        "costOfRevenue": 74977000,
        "grossProfit": 45630000,
        "grossProfitRatio": 0.3783362491,
        "researchAndDevelopmentExpenses": 0,
        "generalAndAdministrativeExpenses": 5400000,
        "sellingAndMarketingExpenses": 0,
        "sellingGeneralAndAdministrativeExpenses": 5400000,
        "otherExpenses": -125000,
        "operatingExpenses": 24104000,
        "costAndExpenses": 99081000,
        "interestIncome": 95000,
        "interestExpense": 10425000,
        "depreciationAndAmortization": 18704000,
        "ebitda": 36483000,
        "ebitdaratio": 0.3024948801,
        "operatingIncome": 21356000,
        "operatingIncomeRatio": 0.1770709826,
        "totalOtherIncomeExpensesNet": -10877000,
        "incomeBeforeTax": 6762000,
        "incomeBeforeTaxRatio": 0.0560663975,
        "incomeTaxExpense": -1443000,
        "netIncome": 7994000,
        "netIncomeRatio": 0.0662813933,
        "eps": 0.08,
        "epsdiluted": 0.08,
        "weightedAverageShsOut": 42309044,
        "weightedAverageShsOutDil": 42745864,
        "link": "https://www.sec.gov/Archives/edgar/data/1063344/000106334416000203/0001063344-16-000203-index.htm",
        "finalLink": "https://www.sec.gov/Archives/edgar/data/1063344/000106334416000203/ht-20160930x10q.htm"
    },
    {
        "date": "2016-06-30",
        "symbol": "HT",
        "reportedCurrency": "USD",
        "cik": "0001063344",
        "fillingDate": "2016-07-29",
        "acceptedDate": "2016-07-28 17:48:02",
        "calendarYear": "2016",
        "period": "Q2",
        "revenue": 127723000,
        "costOfRevenue": 74741000,
        "grossProfit": 52982000,
        "grossProfitRatio": 0.4148195705,
        "researchAndDevelopmentExpenses": 0,
        "generalAndAdministrativeExpenses": 6455000,
        "sellingAndMarketingExpenses": 0,
        "sellingGeneralAndAdministrativeExpenses": 6455000,
        "otherExpenses": -633000,
        "operatingExpenses": 24950000,
        "costAndExpenses": 99691000,
        "interestIncome": 78000,
        "interestExpense": 11281000,
        "depreciationAndAmortization": 18495000,
        "ebitda": 47493000,
        "ebitdaratio": 0.3718437556,
        "operatingIncome": 27977000,
        "operatingIncomeRatio": 0.2190443381,
        "totalOtherIncomeExpensesNet": 83912000,
        "incomeBeforeTax": 111889000,
        "incomeBeforeTaxRatio": 0.8760285931,
        "incomeTaxExpense": -3070000,
        "netIncome": 110211000,
        "netIncomeRatio": 0.8628907871,
        "eps": 2.35,
        "epsdiluted": 2.33,
        "weightedAverageShsOut": 43427726,
        "weightedAverageShsOutDil": 43863577,
        "link": "https://www.sec.gov/Archives/edgar/data/1063344/000106334416000182/0001063344-16-000182-index.htm",
        "finalLink": "https://www.sec.gov/Archives/edgar/data/1063344/000106334416000182/ht-20160630x10q.htm"
    },
    {
        "date": "2016-03-31",
        "symbol": "HT",
        "reportedCurrency": "USD",
        "cik": "0001063344",
        "fillingDate": "2016-05-02",
        "acceptedDate": "2016-04-29 19:00:40",
        "calendarYear": "2016",
        "period": "Q1",
        "revenue": 106870000,
        "costOfRevenue": 75767000,
        "grossProfit": 31103000,
        "grossProfitRatio": 0.2910358379,
        "researchAndDevelopmentExpenses": 0,
        "generalAndAdministrativeExpenses": 5400000,
        "sellingAndMarketingExpenses": 0,
        "sellingGeneralAndAdministrativeExpenses": 5400000,
        "otherExpenses": -123000,
        "operatingExpenses": 25460000,
        "costAndExpenses": 101227000,
        "interestIncome": 46000,
        "interestExpense": 12221000,
        "depreciationAndAmortization": 20060000,
        "ebitda": 25412000,
        "ebitdaratio": 0.2377842238,
        "operatingIncome": 4135000,
        "operatingIncomeRatio": 0.0386918686,
        "totalOtherIncomeExpensesNet": -12554000,
        "incomeBeforeTax": -8419000,
        "incomeBeforeTaxRatio": -0.0787779545,
        "incomeTaxExpense": 11197000,
        "netIncome": -7732000,
        "netIncomeRatio": -0.0723495836,
        "eps": -0.17,
        "epsdiluted": -0.17,
        "weightedAverageShsOut": 44096323,
        "weightedAverageShsOutDil": 44379327,
        "link": "https://www.sec.gov/Archives/edgar/data/1063344/000106334416000147/0001063344-16-000147-index.htm",
        "finalLink": "https://www.sec.gov/Archives/edgar/data/1063344/000106334416000147/ht-20160331x10q.htm"
    },
    {
        "date": "2015-12-31",
        "symbol": "HT",
        "reportedCurrency": "USD",
        "cik": "0001063344",
        "fillingDate": "2016-02-17",
        "acceptedDate": "2016-02-17 17:24:57",
        "calendarYear": "2015",
        "period": "Q4",
        "revenue": 123128000,
        "costOfRevenue": 76292000,
        "grossProfit": 46836000,
        "grossProfitRatio": 0.3803846404,
        "researchAndDevelopmentExpenses": 0,
        "generalAndAdministrativeExpenses": 5949000,
        "sellingAndMarketingExpenses": 0,
        "sellingGeneralAndAdministrativeExpenses": 5949000,
        "otherExpenses": -33000,
        "operatingExpenses": 24944000,
        "costAndExpenses": 101236000,
        "interestIncome": 49000,
        "interestExpense": 11167000,
        "depreciationAndAmortization": 18995000,
        "ebitda": 41008000,
        "ebitdaratio": 0.3330517835,
        "operatingIncome": 21227000,
        "operatingIncomeRatio": 0.1723978299,
        "totalOtherIncomeExpensesNet": -11061000,
        "incomeBeforeTax": 10166000,
        "incomeBeforeTaxRatio": 0.0825644857,
        "incomeTaxExpense": -2401000,
        "netIncome": 12357000,
        "netIncomeRatio": 0.100358976,
        "eps": 0.19,
        "epsdiluted": 0.19,
        "weightedAverageShsOut": 45663416,
        "weightedAverageShsOutDil": 46211104,
        "link": "https://www.sec.gov/Archives/edgar/data/1063344/000106334416000102/0001063344-16-000102-index.htm",
        "finalLink": "https://www.sec.gov/Archives/edgar/data/1063344/000106334416000102/ht-20151231x10k.htm"
    },
    {
        "date": "2015-09-30",
        "symbol": "HT",
        "reportedCurrency": "USD",
        "cik": "0001063344",
        "fillingDate": "2015-10-29",
        "acceptedDate": "2015-10-29 16:38:08",
        "calendarYear": "2015",
        "period": "Q3",
        "revenue": 124515000,
        "costOfRevenue": 76240000,
        "grossProfit": 48275000,
        "grossProfitRatio": 0.3877042927,
        "researchAndDevelopmentExpenses": 0,
        "generalAndAdministrativeExpenses": 4796000,
        "sellingAndMarketingExpenses": 0,
        "sellingGeneralAndAdministrativeExpenses": 4796000,
        "otherExpenses": -9000,
        "operatingExpenses": 23610000,
        "costAndExpenses": 99850000,
        "interestIncome": 45000,
        "interestExpense": 11067000,
        "depreciationAndAmortization": 18972000,
        "ebitda": 44281000,
        "ebitdaratio": 0.355627836,
        "operatingIncome": 24519000,
        "operatingIncomeRatio": 0.1969160342,
        "totalOtherIncomeExpensesNet": -10747000,
        "incomeBeforeTax": 13772000,
        "incomeBeforeTaxRatio": 0.110605148,
        "incomeTaxExpense": -631000,
        "netIncome": 14159000,
        "netIncomeRatio": 0.1137132072,
        "eps": 0.22,
        "epsdiluted": 0.22,
        "weightedAverageShsOut": 47417452,
        "weightedAverageShsOutDil": 47909549,
        "link": "https://www.sec.gov/Archives/edgar/data/1063344/000106334415000083/0001063344-15-000083-index.htm",
        "finalLink": "https://www.sec.gov/Archives/edgar/data/1063344/000106334415000083/ht-20150930x10q.htm"
    },
    {
        "date": "2015-06-30",
        "symbol": "HT",
        "reportedCurrency": "USD",
        "cik": "0001063344",
        "fillingDate": "2015-07-29",
        "acceptedDate": "2015-07-29 17:05:29",
        "calendarYear": "2015",
        "period": "Q2",
        "revenue": 127030000,
        "costOfRevenue": 73083000,
        "grossProfit": 53947000,
        "grossProfitRatio": 0.4246792096,
        "researchAndDevelopmentExpenses": 0,
        "generalAndAdministrativeExpenses": 5423000,
        "sellingAndMarketingExpenses": 0,
        "sellingGeneralAndAdministrativeExpenses": 5423000,
        "otherExpenses": -156000,
        "operatingExpenses": 23751000,
        "costAndExpenses": 96834000,
        "interestIncome": 51000,
        "interestExpense": 10688000,
        "depreciationAndAmortization": 18649000,
        "ebitda": 49266000,
        "ebitdaratio": 0.3878296465,
        "operatingIncome": 30006000,
        "operatingIncomeRatio": 0.2362119184,
        "totalOtherIncomeExpensesNet": -10489000,
        "incomeBeforeTax": 19517000,
        "incomeBeforeTaxRatio": 0.1536408722,
        "incomeTaxExpense": -109000,
        "netIncome": 19221000,
        "netIncomeRatio": 0.151310714,
        "eps": 0.32,
        "epsdiluted": 0.32,
        "weightedAverageShsOut": 48530716,
        "weightedAverageShsOutDil": 49043914,
        "link": "https://www.sec.gov/Archives/edgar/data/1063344/000106334415000073/0001063344-15-000073-index.htm",
        "finalLink": "https://www.sec.gov/Archives/edgar/data/1063344/000106334415000073/ht-20150630x10q.htm"
    },
    {
        "date": "2015-03-31",
        "symbol": "HT",
        "reportedCurrency": "USD",
        "cik": "0001063344",
        "fillingDate": "2015-04-28",
        "acceptedDate": "2015-04-28 17:28:14",
        "calendarYear": "2015",
        "period": "Q1",
        "revenue": 95712000,
        "costOfRevenue": 66353000,
        "grossProfit": 29359000,
        "grossProfitRatio": 0.3067431461,
        "researchAndDevelopmentExpenses": 0,
        "generalAndAdministrativeExpenses": 4347000,
        "sellingAndMarketingExpenses": 0,
        "sellingGeneralAndAdministrativeExpenses": 4347000,
        "otherExpenses": -169000,
        "operatingExpenses": 22600000,
        "costAndExpenses": 88953000,
        "interestIncome": 48000,
        "interestExpense": 10635000,
        "depreciationAndAmortization": 18641000,
        "ebitda": 25005000,
        "ebitdaratio": 0.2612525075,
        "operatingIncome": 6641000,
        "operatingIncomeRatio": 0.0693852391,
        "totalOtherIncomeExpensesNet": -11030000,
        "incomeBeforeTax": -4389000,
        "incomeBeforeTaxRatio": -0.045856319,
        "incomeTaxExpense": 9749000,
        "netIncome": -3946000,
        "netIncomeRatio": -0.0412278502,
        "eps": -0.0796,
        "epsdiluted": -0.0796,
        "weightedAverageShsOut": 49582790,
        "weightedAverageShsOutDil": 49582790,
        "link": "https://www.sec.gov/Archives/edgar/data/1063344/000106334415000052/0001063344-15-000052-index.htm",
        "finalLink": "https://www.sec.gov/Archives/edgar/data/1063344/000106334415000052/ht-20150331x10q.htm"
    },
    {
        "date": "2014-12-31",
        "symbol": "HT",
        "reportedCurrency": "USD",
        "cik": "0001063344",
        "fillingDate": "2015-02-20",
        "acceptedDate": "2015-02-20 17:26:53",
        "calendarYear": "2014",
        "period": "Q4",
        "revenue": 112926000,
        "costOfRevenue": 69992000,
        "grossProfit": 42934000,
        "grossProfitRatio": 0.3801958805,
        "researchAndDevelopmentExpenses": 0,
        "generalAndAdministrativeExpenses": 6053000,
        "sellingAndMarketingExpenses": 0,
        "sellingGeneralAndAdministrativeExpenses": 6053000,
        "otherExpenses": -104000,
        "operatingExpenses": 22855000,
        "costAndExpenses": 92847000,
        "interestIncome": 59000,
        "interestExpense": 11108000,
        "depreciationAndAmortization": 16802000,
        "ebitda": 36923000,
        "ebitdaratio": 0.3269663319,
        "operatingIncome": 18751000,
        "operatingIncomeRatio": 0.1660467917,
        "totalOtherIncomeExpensesNet": -12019000,
        "incomeBeforeTax": 6732000,
        "incomeBeforeTaxRatio": 0.0596142607,
        "incomeTaxExpense": -1879000,
        "netIncome": 8695000,
        "netIncomeRatio": 0.0769973257,
        "eps": 0.12,
        "epsdiluted": 0.08,
        "weightedAverageShsOut": 49657486,
        "weightedAverageShsOutDil": 50194868,
        "link": "https://www.sec.gov/Archives/edgar/data/1063344/000106334415000025/0001063344-15-000025-index.htm",
        "finalLink": "https://www.sec.gov/Archives/edgar/data/1063344/000106334415000025/ht-20141231x10k.htm"
    },
    {
        "date": "2014-09-30",
        "symbol": "HT",
        "reportedCurrency": "USD",
        "cik": "0001063344",
        "fillingDate": "2014-10-31",
        "acceptedDate": "2014-10-30 18:40:52",
        "calendarYear": "2014",
        "period": "Q3",
        "revenue": 112977000,
        "costOfRevenue": 69392000,
        "grossProfit": 43585000,
        "grossProfitRatio": 0.3857864875,
        "researchAndDevelopmentExpenses": 0,
        "generalAndAdministrativeExpenses": 5670000,
        "sellingAndMarketingExpenses": 0,
        "sellingGeneralAndAdministrativeExpenses": 5670000,
        "otherExpenses": -346000,
        "operatingExpenses": 24235000,
        "costAndExpenses": 93627000,
        "interestIncome": 71000,
        "interestExpense": 11456000,
        "depreciationAndAmortization": 18565000,
        "ebitda": 38247000,
        "ebitdaratio": 0.3385379325,
        "operatingIncome": 18012000,
        "operatingIncomeRatio": 0.1594306806,
        "totalOtherIncomeExpensesNet": -11124000,
        "incomeBeforeTax": 6888000,
        "incomeBeforeTaxRatio": 0.0609681617,
        "incomeTaxExpense": -699000,
        "netIncome": 7636000,
        "netIncomeRatio": 0.0675889783,
        "eps": 0.08,
        "epsdiluted": 0.08,
        "weightedAverageShsOut": 49649379,
        "weightedAverageShsOutDil": 50155496,
        "link": "https://www.sec.gov/Archives/edgar/data/1063344/000106334414000043/0001063344-14-000043-index.htm",
        "finalLink": "https://www.sec.gov/Archives/edgar/data/1063344/000106334414000043/ht-20140930x10q.htm"
    },
    {
        "date": "2014-06-30",
        "symbol": "HT",
        "reportedCurrency": "USD",
        "cik": "0001063344",
        "fillingDate": "2014-08-06",
        "acceptedDate": "2014-08-06 17:14:19",
        "calendarYear": "2014",
        "period": "Q2",
        "revenue": 111553000,
        "costOfRevenue": 64723000,
        "grossProfit": 46830000,
        "grossProfitRatio": 0.4198004536,
        "researchAndDevelopmentExpenses": 0,
        "generalAndAdministrativeExpenses": 4738000,
        "sellingAndMarketingExpenses": 0,
        "sellingGeneralAndAdministrativeExpenses": 4738000,
        "otherExpenses": -214000,
        "operatingExpenses": 22195000,
        "costAndExpenses": 86918000,
        "interestIncome": 277000,
        "interestExpense": 10745000,
        "depreciationAndAmortization": 17720000,
        "ebitda": 42837000,
        "ebitdaratio": 0.3840058089,
        "operatingIncome": 25520000,
        "operatingIncomeRatio": 0.228770181,
        "totalOtherIncomeExpensesNet": 33067000,
        "incomeBeforeTax": 58587000,
        "incomeBeforeTaxRatio": 0.5251943023,
        "incomeTaxExpense": 1000,
        "netIncome": 56931000,
        "netIncomeRatio": 0.5103493407,
        "eps": 1.07,
        "epsdiluted": 1.06,
        "weightedAverageShsOut": 49623618,
        "weightedAverageShsOutDil": 50053389,
        "link": "https://www.sec.gov/Archives/edgar/data/1063344/000106334414000038/0001063344-14-000038-index.htm",
        "finalLink": "https://www.sec.gov/Archives/edgar/data/1063344/000106334414000038/ht-20140630x10q.htm"
    },
    {
        "date": "2014-03-31",
        "symbol": "HT",
        "reportedCurrency": "USD",
        "cik": "0001063344",
        "fillingDate": "2014-05-02",
        "acceptedDate": "2014-05-02 16:37:29",
        "calendarYear": "2014",
        "period": "Q1",
        "revenue": 79950000,
        "costOfRevenue": 55992000,
        "grossProfit": 23958000,
        "grossProfitRatio": 0.2996622889,
        "researchAndDevelopmentExpenses": 0,
        "generalAndAdministrativeExpenses": 3902000,
        "sellingAndMarketingExpenses": 0,
        "sellingGeneralAndAdministrativeExpenses": 3902000,
        "otherExpenses": -198000,
        "operatingExpenses": 20245000,
        "costAndExpenses": 76237000,
        "interestIncome": 398000,
        "interestExpense": 10048000,
        "depreciationAndAmortization": 16866000,
        "ebitda": 20359000,
        "ebitdaratio": 0.2546466542,
        "operatingIncome": 5624000,
        "operatingIncomeRatio": 0.070343965,
        "totalOtherIncomeExpensesNet": -10912000,
        "incomeBeforeTax": -5288000,
        "incomeBeforeTaxRatio": -0.0661413383,
        "incomeTaxExpense": -108000,
        "netIncome": -6006000,
        "netIncomeRatio": -0.0751219512,
        "eps": -0.12,
        "epsdiluted": -0.12,
        "weightedAverageShsOut": 50185937,
        "weightedAverageShsOutDil": 50185937,
        "link": "https://www.sec.gov/Archives/edgar/data/1063344/000106334414000022/0001063344-14-000022-index.htm",
        "finalLink": "https://www.sec.gov/Archives/edgar/data/1063344/000106334414000022/ht-20140331x10q.htm"
    },
    {
        "date": "2013-12-31",
        "symbol": "HT",
        "reportedCurrency": "USD",
        "cik": "0001063344",
        "fillingDate": "2014-02-27",
        "acceptedDate": "2014-02-27 09:32:49",
        "calendarYear": "2013",
        "period": "Q4",
        "revenue": 92101000,
        "costOfRevenue": 57456000,
        "grossProfit": 34645000,
        "grossProfitRatio": 0.3761631253,
        "researchAndDevelopmentExpenses": 0,
        "generalAndAdministrativeExpenses": 8095000,
        "sellingAndMarketingExpenses": 0,
        "sellingGeneralAndAdministrativeExpenses": 8095000,
        "otherExpenses": -60000,
        "operatingExpenses": 22723000,
        "costAndExpenses": 80179000,
        "interestIncome": 409000,
        "interestExpense": 10411000,
        "depreciationAndAmortization": 14628000,
        "ebitda": 26898000,
        "ebitdaratio": 0.2920489463,
        "operatingIncome": 11751000,
        "operatingIncomeRatio": 0.1275881912,
        "totalOtherIncomeExpensesNet": -11876000,
        "incomeBeforeTax": -125000,
        "incomeBeforeTaxRatio": -0.0013572057,
        "incomeTaxExpense": -3318000,
        "netIncome": 36276000,
        "netIncomeRatio": 0.3938719449,
        "eps": 0.64,
        "epsdiluted": 0.64,
        "weightedAverageShsOut": 49748569,
        "weightedAverageShsOutDil": 49748569,
        "link": "https://www.sec.gov/Archives/edgar/data/1063344/000106334414000005/0001063344-14-000005-index.htm",
        "finalLink": "https://www.sec.gov/Archives/edgar/data/1063344/000106334414000005/ht-20131231x10k.htm"
    },
    {
        "date": "2013-09-30",
        "symbol": "HT",
        "reportedCurrency": "USD",
        "cik": "0001063344",
        "fillingDate": "2013-11-07",
        "acceptedDate": "2013-11-07 17:17:30",
        "calendarYear": "2013",
        "period": "Q3",
        "revenue": 90291000,
        "costOfRevenue": 56873000,
        "grossProfit": 33418000,
        "grossProfitRatio": 0.3701144079,
        "researchAndDevelopmentExpenses": 0,
        "generalAndAdministrativeExpenses": 5251000,
        "sellingAndMarketingExpenses": 0,
        "sellingGeneralAndAdministrativeExpenses": 5251000,
        "otherExpenses": -261000,
        "operatingExpenses": 19823000,
        "costAndExpenses": 76696000,
        "interestIncome": 450000,
        "interestExpense": 10528000,
        "depreciationAndAmortization": 17147000,
        "ebitda": 31158000,
        "ebitdaratio": 0.3450842277,
        "operatingIncome": 13568000,
        "operatingIncomeRatio": 0.1502696836,
        "totalOtherIncomeExpensesNet": -10112000,
        "incomeBeforeTax": 3456000,
        "incomeBeforeTaxRatio": 0.0382762402,
        "incomeTaxExpense": -2375000,
        "netIncome": 2463000,
        "netIncomeRatio": 0.0272784663,
        "eps": -0.04,
        "epsdiluted": -0.04,
        "weightedAverageShsOut": 49719624,
        "weightedAverageShsOutDil": 50411158,
        "link": "https://www.sec.gov/Archives/edgar/data/1063344/000106334413000016/0001063344-13-000016-index.htm",
        "finalLink": "https://www.sec.gov/Archives/edgar/data/1063344/000106334413000016/ht-20130930x10q.htm"
    },
    {
        "date": "2013-06-30",
        "symbol": "HT",
        "reportedCurrency": "USD",
        "cik": "0001063344",
        "fillingDate": "2013-08-01",
        "acceptedDate": "2013-08-01 16:54:54",
        "calendarYear": "2013",
        "period": "Q2",
        "revenue": 106164000,
        "costOfRevenue": 62456000,
        "grossProfit": 43708000,
        "grossProfitRatio": 0.4117026487,
        "researchAndDevelopmentExpenses": 0,
        "generalAndAdministrativeExpenses": 5699000,
        "sellingAndMarketingExpenses": 0,
        "sellingGeneralAndAdministrativeExpenses": 5699000,
        "otherExpenses": -350000,
        "operatingExpenses": 21782000,
        "costAndExpenses": 84238000,
        "interestIncome": 469000,
        "interestExpense": 11138000,
        "depreciationAndAmortization": 16083000,
        "ebitda": 38276000,
        "ebitdaratio": 0.3605365284,
        "operatingIncome": 33260000,
        "operatingIncomeRatio": 0.3132888738,
        "totalOtherIncomeExpensesNet": 681000,
        "incomeBeforeTax": 22105000,
        "incomeBeforeTaxRatio": 0.208215591,
        "incomeTaxExpense": 1438000,
        "netIncome": 17875000,
        "netIncomeRatio": 0.1683715761,
        "eps": 0.28,
        "epsdiluted": 0.28,
        "weightedAverageShsOut": 49658262,
        "weightedAverageShsOutDil": 50300334,
        "link": "https://www.sec.gov/Archives/edgar/data/1063344/000106334413000007/0001063344-13-000007-index.htm",
        "finalLink": "https://www.sec.gov/Archives/edgar/data/1063344/000106334413000007/ht-20130630x10q.htm"
    },
    {
        "date": "2013-03-31",
        "symbol": "HT",
        "reportedCurrency": "USD",
        "cik": "0001063344",
        "fillingDate": "2013-05-02",
        "acceptedDate": "2013-05-02 17:17:11",
        "calendarYear": "2013",
        "period": "Q1",
        "revenue": 76970000,
        "costOfRevenue": 55258000,
        "grossProfit": 21712000,
        "grossProfitRatio": 0.2820839288,
        "researchAndDevelopmentExpenses": 0,
        "generalAndAdministrativeExpenses": 4996000,
        "sellingAndMarketingExpenses": 0,
        "sellingGeneralAndAdministrativeExpenses": 4996000,
        "otherExpenses": -205000,
        "operatingExpenses": 20092000,
        "costAndExpenses": 75350000,
        "interestIncome": 456000,
        "interestExpense": 10420000,
        "depreciationAndAmortization": 15096000,
        "ebitda": 16571000,
        "ebitdaratio": 0.2152916721,
        "operatingIncome": 2020000,
        "operatingIncomeRatio": 0.0262439912,
        "totalOtherIncomeExpensesNet": -2257000,
        "incomeBeforeTax": -8806000,
        "incomeBeforeTaxRatio": -0.114408211,
        "incomeTaxExpense": -1130000,
        "netIncome": -7003000,
        "netIncomeRatio": -0.0909835001,
        "eps": -0.14,
        "epsdiluted": -0.14,
        "weightedAverageShsOut": 49257254,
        "weightedAverageShsOutDil": 49257254,
        "link": "https://www.sec.gov/Archives/edgar/data/1063344/000114036113018459/0001140361-13-018459-index.htm",
        "finalLink": "https://www.sec.gov/Archives/edgar/data/1063344/000114036113018459/form10q.htm"
    },
    {
        "date": "2012-12-31",
        "symbol": "HT",
        "reportedCurrency": "USD",
        "cik": "0001063344",
        "fillingDate": "2013-02-22",
        "acceptedDate": "2013-02-22 17:15:32",
        "calendarYear": "2012",
        "period": "Q4",
        "revenue": 98902000,
        "costOfRevenue": 58182000,
        "grossProfit": 40720000,
        "grossProfitRatio": 0.4117206932,
        "researchAndDevelopmentExpenses": 0,
        "generalAndAdministrativeExpenses": 8214000,
        "sellingAndMarketingExpenses": 0,
        "sellingGeneralAndAdministrativeExpenses": 8214000,
        "otherExpenses": -223000,
        "operatingExpenses": 23274000,
        "costAndExpenses": 81456000,
        "interestIncome": 452000,
        "interestExpense": 10894000,
        "depreciationAndAmortization": 15060000,
        "ebitda": 32582000,
        "ebitdaratio": 0.3294372207,
        "operatingIncome": 17426000,
        "operatingIncomeRatio": 0.1761946169,
        "totalOtherIncomeExpensesNet": -13893000,
        "incomeBeforeTax": 3533000,
        "incomeBeforeTaxRatio": 0.0357222301,
        "incomeTaxExpense": -3355000,
        "netIncome": 6784000,
        "netIncomeRatio": 0.0685931528,
        "eps": 0.08,
        "epsdiluted": 0.08,
        "weightedAverageShsOut": 49102932,
        "weightedAverageShsOutDil": 49898412,
        "link": "https://www.sec.gov/Archives/edgar/data/1063344/000114036113008942/0001140361-13-008942-index.htm",
        "finalLink": "https://www.sec.gov/Archives/edgar/data/1063344/000114036113008942/form10k.htm"
    },
    {
        "date": "2012-09-30",
        "symbol": "HT",
        "reportedCurrency": "USD",
        "cik": "0001063344",
        "fillingDate": "2012-11-06",
        "acceptedDate": "2012-11-05 18:19:05",
        "calendarYear": "2012",
        "period": "Q3",
        "revenue": 97071000,
        "costOfRevenue": 53463000,
        "grossProfit": 43608000,
        "grossProfitRatio": 0.4492381865,
        "researchAndDevelopmentExpenses": 0,
        "generalAndAdministrativeExpenses": 4705000,
        "sellingAndMarketingExpenses": 0,
        "sellingGeneralAndAdministrativeExpenses": 4705000,
        "otherExpenses": 0,
        "operatingExpenses": 25228000,
        "costAndExpenses": 78691000,
        "interestIncome": 407000,
        "interestExpense": 11149000,
        "depreciationAndAmortization": 14719000,
        "ebitda": 33229000,
        "ebitdaratio": 0.3423164488,
        "operatingIncome": 18295000,
        "operatingIncomeRatio": 0.1884702949,
        "totalOtherIncomeExpensesNet": -12218000,
        "incomeBeforeTax": 6077000,
        "incomeBeforeTaxRatio": 0.0626036612,
        "incomeTaxExpense": 10776000,
        "netIncome": 6173000,
        "netIncomeRatio": 0.0635926281,
        "eps": 0.04,
        "epsdiluted": 0.04,
        "weightedAverageShsOut": 49090081,
        "weightedAverageShsOutDil": 49848238,
        "link": "https://www.sec.gov/Archives/edgar/data/1063344/000114036112045694/0001140361-12-045694-index.htm",
        "finalLink": "https://www.sec.gov/Archives/edgar/data/1063344/000114036112045694/form10q.htm"
    },
    {
        "date": "2012-06-30",
        "symbol": "HT",
        "reportedCurrency": "USD",
        "cik": "0001063344",
        "fillingDate": "2012-08-06",
        "acceptedDate": "2012-08-06 17:17:08",
        "calendarYear": "2012",
        "period": "Q2",
        "revenue": 96706000,
        "costOfRevenue": 51208000,
        "grossProfit": 45498000,
        "grossProfitRatio": 0.4704775298,
        "researchAndDevelopmentExpenses": 0,
        "generalAndAdministrativeExpenses": 5340000,
        "sellingAndMarketingExpenses": 0,
        "sellingGeneralAndAdministrativeExpenses": 5340000,
        "otherExpenses": 0,
        "operatingExpenses": 24652000,
        "costAndExpenses": 75860000,
        "interestIncome": 345000,
        "interestExpense": 10441000,
        "depreciationAndAmortization": 14144000,
        "ebitda": 35641000,
        "ebitdaratio": 0.3685500383,
        "operatingIncome": 20722000,
        "operatingIncomeRatio": 0.2142783281,
        "totalOtherIncomeExpensesNet": -461000,
        "incomeBeforeTax": 20261000,
        "incomeBeforeTaxRatio": 0.2095113023,
        "incomeTaxExpense": 4443000,
        "netIncome": 16593000,
        "netIncomeRatio": 0.1715819081,
        "eps": 0.28,
        "epsdiluted": 0.28,
        "weightedAverageShsOut": 46566109,
        "weightedAverageShsOutDil": 47252997,
        "link": "https://www.sec.gov/Archives/edgar/data/1063344/000114036112035327/0001140361-12-035327-index.htm",
        "finalLink": "https://www.sec.gov/Archives/edgar/data/1063344/000114036112035327/form10q.htm"
    },
    {
        "date": "2012-03-31",
        "symbol": "HT",
        "reportedCurrency": "USD",
        "cik": "0001063344",
        "fillingDate": "2012-05-02",
        "acceptedDate": "2012-05-02 08:33:53",
        "calendarYear": "2012",
        "period": "Q1",
        "revenue": 65512000,
        "costOfRevenue": 40544000,
        "grossProfit": 24968000,
        "grossProfitRatio": 0.381121016,
        "researchAndDevelopmentExpenses": 0,
        "generalAndAdministrativeExpenses": 5168000,
        "sellingAndMarketingExpenses": 0,
        "sellingGeneralAndAdministrativeExpenses": 5168000,
        "otherExpenses": 0,
        "operatingExpenses": 23762000,
        "costAndExpenses": 64306000,
        "interestIncome": 107000,
        "interestExpense": 11685000,
        "depreciationAndAmortization": 14514000,
        "ebitda": 16920000,
        "ebitdaratio": 0.2582732934,
        "operatingIncome": 248000,
        "operatingIncomeRatio": 0.003785566,
        "totalOtherIncomeExpensesNet": -1930000,
        "incomeBeforeTax": -1682000,
        "incomeBeforeTaxRatio": -0.0256746856,
        "incomeTaxExpense": 7649000,
        "netIncome": -7173000,
        "netIncomeRatio": -0.1094913909,
        "eps": -0.17,
        "epsdiluted": -0.17,
        "weightedAverageShsOut": 42606857,
        "weightedAverageShsOutDil": 42606857,
        "link": "https://www.sec.gov/Archives/edgar/data/1063344/000114036112022259/0001140361-12-022259-index.htm",
        "finalLink": "https://www.sec.gov/Archives/edgar/data/1063344/000114036112022259/form10q.htm"
    },
    {
        "date": "2011-12-31",
        "symbol": "HT",
        "reportedCurrency": "USD",
        "cik": "0001063344",
        "fillingDate": "2012-02-29",
        "acceptedDate": "2012-02-29 06:12:03",
        "calendarYear": "2011",
        "period": "Q4",
        "revenue": 76388000,
        "costOfRevenue": 41007000,
        "grossProfit": 35381000,
        "grossProfitRatio": 0.4631748442,
        "researchAndDevelopmentExpenses": 0,
        "generalAndAdministrativeExpenses": 7156000,
        "sellingAndMarketingExpenses": 0,
        "sellingGeneralAndAdministrativeExpenses": 7156000,
        "otherExpenses": 0,
        "operatingExpenses": 25110000,
        "costAndExpenses": 66117000,
        "interestIncome": 94000,
        "interestExpense": 10941000,
        "depreciationAndAmortization": 14324000,
        "ebitda": 23158000,
        "ebitdaratio": 0.3031628004,
        "operatingIncome": 9792000,
        "operatingIncomeRatio": 0.1281876735,
        "totalOtherIncomeExpensesNet": 628000,
        "incomeBeforeTax": 10420000,
        "incomeBeforeTaxRatio": 0.13640886,
        "incomeTaxExpense": 8741000,
        "netIncome": 721000,
        "netIncomeRatio": 0.0094386553,
        "eps": -0.04,
        "epsdiluted": -0.04,
        "weightedAverageShsOut": 42253316,
        "weightedAverageShsOutDil": 42253316,
        "link": "https://www.sec.gov/Archives/edgar/data/1063344/000114036112011617/0001140361-12-011617-index.htm",
        "finalLink": "https://www.sec.gov/Archives/edgar/data/1063344/000114036112011617/form10k.htm"
    },
    {
        "date": "2011-09-30",
        "symbol": "HT",
        "reportedCurrency": "USD",
        "cik": "0001063344",
        "fillingDate": "2011-11-04",
        "acceptedDate": "2011-11-04 16:46:20",
        "calendarYear": "2011",
        "period": "Q3",
        "revenue": 80799000,
        "costOfRevenue": 41834000,
        "grossProfit": 38965000,
        "grossProfitRatio": 0.4822460674,
        "researchAndDevelopmentExpenses": 0,
        "generalAndAdministrativeExpenses": 3993000,
        "sellingAndMarketingExpenses": 0,
        "sellingGeneralAndAdministrativeExpenses": 3993000,
        "otherExpenses": 0,
        "operatingExpenses": 21650000,
        "costAndExpenses": 63484000,
        "interestIncome": 144000,
        "interestExpense": 10621000,
        "depreciationAndAmortization": 14877000,
        "ebitda": 34336000,
        "ebitdaratio": 0.4249557544,
        "operatingIncome": 17168000,
        "operatingIncomeRatio": 0.2124778772,
        "totalOtherIncomeExpensesNet": -2037000,
        "incomeBeforeTax": 15131000,
        "incomeBeforeTaxRatio": 0.1872671691,
        "incomeTaxExpense": 38925000,
        "netIncome": -21503000,
        "netIncomeRatio": -0.2661295313,
        "eps": -0.51,
        "epsdiluted": -0.5,
        "weightedAverageShsOut": 42246298,
        "weightedAverageShsOutDil": 43066574,
        "link": "https://www.sec.gov/Archives/edgar/data/1063344/000114036111051888/0001140361-11-051888-index.htm",
        "finalLink": "https://www.sec.gov/Archives/edgar/data/1063344/000114036111051888/form10.htm"
    },
    {
        "date": "2011-06-30",
        "symbol": "HT",
        "reportedCurrency": "USD",
        "cik": "0001063344",
        "fillingDate": "2011-08-08",
        "acceptedDate": "2011-08-08 16:25:07",
        "calendarYear": "2011",
        "period": "Q2",
        "revenue": 90506000,
        "costOfRevenue": 46905000,
        "grossProfit": 43601000,
        "grossProfitRatio": 0.4817470665,
        "researchAndDevelopmentExpenses": 0,
        "generalAndAdministrativeExpenses": 3964000,
        "sellingAndMarketingExpenses": 0,
        "sellingGeneralAndAdministrativeExpenses": 3964000,
        "otherExpenses": 0,
        "operatingExpenses": 23789000,
        "costAndExpenses": 70694000,
        "interestIncome": 117000,
        "interestExpense": 11588000,
        "depreciationAndAmortization": 15372000,
        "ebitda": 36777000,
        "ebitdaratio": 0.4063487504,
        "operatingIncome": 18536000,
        "operatingIncomeRatio": 0.2048041014,
        "totalOtherIncomeExpensesNet": 966000,
        "incomeBeforeTax": 19502000,
        "incomeBeforeTaxRatio": 0.2154774269,
        "incomeTaxExpense": 13482000,
        "netIncome": 8889000,
        "netIncomeRatio": 0.098214483,
        "eps": 0.16,
        "epsdiluted": 0.16,
        "weightedAverageShsOut": 42168234,
        "weightedAverageShsOutDil": 43421808,
        "link": "https://www.sec.gov/Archives/edgar/data/1063344/000114036111040228/0001140361-11-040228-index.htm",
        "finalLink": "https://www.sec.gov/Archives/edgar/data/1063344/000114036111040228/form10q.htm"
    },
    {
        "date": "2011-03-31",
        "symbol": "HT",
        "reportedCurrency": "USD",
        "cik": "0001063344",
        "fillingDate": "2011-05-05",
        "acceptedDate": "2011-05-05 17:05:19",
        "calendarYear": "2011",
        "period": "Q1",
        "revenue": 58980000,
        "costOfRevenue": 38201000,
        "grossProfit": 20779000,
        "grossProfitRatio": 0.3523058664,
        "researchAndDevelopmentExpenses": 0,
        "generalAndAdministrativeExpenses": 3446000,
        "sellingAndMarketingExpenses": 0,
        "sellingGeneralAndAdministrativeExpenses": 3446000,
        "otherExpenses": 0,
        "operatingExpenses": 22596000,
        "costAndExpenses": 60797000,
        "interestIncome": 102000,
        "interestExpense": 10623000,
        "depreciationAndAmortization": 14870000,
        "ebitda": 14152000,
        "ebitdaratio": 0.2399457443,
        "operatingIncome": -2632000,
        "operatingIncomeRatio": -0.0446252967,
        "totalOtherIncomeExpensesNet": -2080000,
        "incomeBeforeTax": -4712000,
        "incomeBeforeTaxRatio": -0.0798914886,
        "incomeTaxExpense": 10593000,
        "netIncome": -13391000,
        "netIncomeRatio": -0.2270430654,
        "eps": -0.32,
        "epsdiluted": -0.32,
        "weightedAverageShsOut": 42083745,
        "weightedAverageShsOutDil": 42083745,
        "link": "https://www.sec.gov/Archives/edgar/data/1063344/000114036111025342/0001140361-11-025342-index.htm",
        "finalLink": "https://www.sec.gov/Archives/edgar/data/1063344/000114036111025342/form10q.htm"
    },
    {
        "date": "2010-12-31",
        "symbol": "HT",
        "reportedCurrency": "USD",
        "cik": "0001063344",
        "fillingDate": "2011-03-03",
        "acceptedDate": "2011-03-03 17:23:03",
        "calendarYear": "2010",
        "period": "Q4",
        "revenue": 75413000,
        "costOfRevenue": 43619000,
        "grossProfit": 31794000,
        "grossProfitRatio": 0.4215983982,
        "researchAndDevelopmentExpenses": 0,
        "generalAndAdministrativeExpenses": 6183000,
        "sellingAndMarketingExpenses": 0,
        "sellingGeneralAndAdministrativeExpenses": 6183000,
        "otherExpenses": 0,
        "operatingExpenses": 25591000,
        "costAndExpenses": 69210000,
        "interestIncome": 100000,
        "interestExpense": 12518000,
        "depreciationAndAmortization": 14772000,
        "ebitda": 19619000,
        "ebitdaratio": 0.2601540848,
        "operatingIncome": 3714000,
        "operatingIncomeRatio": 0.0492488033,
        "totalOtherIncomeExpensesNet": -2617000,
        "incomeBeforeTax": 1097000,
        "incomeBeforeTaxRatio": 0.0145465636,
        "incomeTaxExpense": 9861000,
        "netIncome": -7631000,
        "netIncomeRatio": -0.1011894501,
        "eps": -0.19,
        "epsdiluted": -0.19,
        "weightedAverageShsOut": 40475008,
        "weightedAverageShsOutDil": 40475008,
        "link": "https://www.sec.gov/Archives/edgar/data/1063344/000114036111013950/0001140361-11-013950-index.htm",
        "finalLink": "https://www.sec.gov/Archives/edgar/data/1063344/000114036111013950/form10k.htm"
    },
    {
        "date": "2010-09-30",
        "symbol": "HT",
        "reportedCurrency": "USD",
        "cik": "0001063344",
        "fillingDate": "2010-11-05",
        "acceptedDate": "2010-11-05 17:27:38",
        "calendarYear": "2010",
        "period": "Q3",
        "revenue": 80741000,
        "costOfRevenue": 44261000,
        "grossProfit": 36480000,
        "grossProfitRatio": 0.451815063,
        "researchAndDevelopmentExpenses": 0,
        "generalAndAdministrativeExpenses": 3836000,
        "sellingAndMarketingExpenses": 0,
        "sellingGeneralAndAdministrativeExpenses": 3836000,
        "otherExpenses": 0,
        "operatingExpenses": 22365000,
        "costAndExpenses": 66626000,
        "interestIncome": 12000,
        "interestExpense": 11040000,
        "depreciationAndAmortization": 13965000,
        "ebitda": 29219000,
        "ebitdaratio": 0.3618855352,
        "operatingIncome": 12902000,
        "operatingIncomeRatio": 0.1597948997,
        "totalOtherIncomeExpensesNet": -1139000,
        "incomeBeforeTax": 11763000,
        "incomeBeforeTaxRatio": 0.1456880643,
        "incomeTaxExpense": 12776000,
        "netIncome": 1339000,
        "netIncomeRatio": 0.0165838917,
        "eps": 0.0386,
        "epsdiluted": 0.0386,
        "weightedAverageShsOut": 34659051,
        "weightedAverageShsOutDil": 34659051,
        "link": "https://www.sec.gov/Archives/edgar/data/1063344/000114036110044032/0001140361-10-044032-index.htm",
        "finalLink": "https://www.sec.gov/Archives/edgar/data/1063344/000114036110044032/form10q.htm"
    },
    {
        "date": "2010-06-30",
        "symbol": "HT",
        "reportedCurrency": "USD",
        "cik": "0001063344",
        "fillingDate": "2010-08-05",
        "acceptedDate": "2010-08-05 17:21:42",
        "calendarYear": "2010",
        "period": "Q2",
        "revenue": 75928000,
        "costOfRevenue": 39972000,
        "grossProfit": 35956000,
        "grossProfitRatio": 0.4735538932,
        "researchAndDevelopmentExpenses": 0,
        "generalAndAdministrativeExpenses": 3402000,
        "sellingAndMarketingExpenses": 0,
        "sellingGeneralAndAdministrativeExpenses": 3402000,
        "otherExpenses": 0,
        "operatingExpenses": 20770000,
        "costAndExpenses": 60742000,
        "interestIncome": 16000,
        "interestExpense": 10953000,
        "depreciationAndAmortization": 13410000,
        "ebitda": 28906000,
        "ebitdaratio": 0.380702771,
        "operatingIncome": 14964000,
        "operatingIncomeRatio": 0.1970814456,
        "totalOtherIncomeExpensesNet": 1749000,
        "incomeBeforeTax": 16713000,
        "incomeBeforeTaxRatio": 0.2201164261,
        "incomeTaxExpense": 12689000,
        "netIncome": 4556000,
        "netIncomeRatio": 0.0600042145,
        "eps": 0.08,
        "epsdiluted": 0.08,
        "weightedAverageShsOut": 34300199,
        "weightedAverageShsOutDil": 35071029,
        "link": "https://www.sec.gov/Archives/edgar/data/1063344/000114036110031875/0001140361-10-031875-index.htm",
        "finalLink": "https://www.sec.gov/Archives/edgar/data/1063344/000114036110031875/form10q.htm"
    },
    {
        "date": "2010-03-31",
        "symbol": "HT",
        "reportedCurrency": "USD",
        "cik": "0001063344",
        "fillingDate": "2010-05-10",
        "acceptedDate": "2010-05-10 16:38:08",
        "calendarYear": "2010",
        "period": "Q1",
        "revenue": 50927000,
        "costOfRevenue": 32455000,
        "grossProfit": 18472000,
        "grossProfitRatio": 0.3627152591,
        "researchAndDevelopmentExpenses": 0,
        "generalAndAdministrativeExpenses": 3490000,
        "sellingAndMarketingExpenses": 0,
        "sellingGeneralAndAdministrativeExpenses": 3490000,
        "otherExpenses": 0,
        "operatingExpenses": 19591000,
        "costAndExpenses": 52046000,
        "interestIncome": 41000,
        "interestExpense": 11357000,
        "depreciationAndAmortization": 12056000,
        "ebitda": 13450000,
        "ebitdaratio": 0.2641035207,
        "operatingIncome": -4455000,
        "operatingIncomeRatio": -0.087478155,
        "totalOtherIncomeExpensesNet": -2513000,
        "incomeBeforeTax": -6968000,
        "incomeBeforeTaxRatio": -0.1368232961,
        "incomeTaxExpense": 13503000,
        "netIncome": -14622000,
        "netIncomeRatio": -0.2871168535,
        "eps": -0.59,
        "epsdiluted": -0.59,
        "weightedAverageShsOut": 24827880,
        "weightedAverageShsOutDil": 24827880,
        "link": "https://www.sec.gov/Archives/edgar/data/1063344/000114036110020095/0001140361-10-020095-index.htm",
        "finalLink": "https://www.sec.gov/Archives/edgar/data/1063344/000114036110020095/form10q.htm"
    },
    {
        "date": "2009-12-31",
        "symbol": "HT",
        "reportedCurrency": "USD",
        "cik": "0001063344",
        "fillingDate": "2010-03-05",
        "acceptedDate": "2010-03-04 18:11:34",
        "calendarYear": "2009",
        "period": "Q4",
        "revenue": 53579000,
        "costOfRevenue": 31447000,
        "grossProfit": 22132000,
        "grossProfitRatio": 0.4130722858,
        "researchAndDevelopmentExpenses": 0,
        "generalAndAdministrativeExpenses": 2173000,
        "sellingAndMarketingExpenses": 0,
        "sellingGeneralAndAdministrativeExpenses": 2173000,
        "otherExpenses": 0,
        "operatingExpenses": 16722000,
        "costAndExpenses": 48169000,
        "interestIncome": 49000,
        "interestExpense": 11189000,
        "depreciationAndAmortization": 11474000,
        "ebitda": -11472000,
        "ebitdaratio": -0.2141137386,
        "operatingIncome": 5158000,
        "operatingIncomeRatio": 0.0962690606,
        "totalOtherIncomeExpensesNet": -7717000,
        "incomeBeforeTax": -2559000,
        "incomeBeforeTaxRatio": -0.0477612497,
        "incomeTaxExpense": -20774000,
        "netIncome": -9889000,
        "netIncomeRatio": -0.184568581,
        "eps": -0.7,
        "epsdiluted": -0.7,
        "weightedAverageShsOut": 14137142,
        "weightedAverageShsOutDil": 14137142,
        "link": "https://www.sec.gov/Archives/edgar/data/1063344/000114036110010140/0001140361-10-010140-index.htm",
        "finalLink": "https://www.sec.gov/Archives/edgar/data/1063344/000114036110010140/form10k.htm"
    },
    {
        "date": "2009-09-30",
        "symbol": "HT",
        "reportedCurrency": "USD",
        "cik": "0001063344",
        "fillingDate": "2009-11-05",
        "acceptedDate": "2009-11-05 17:19:44",
        "calendarYear": "2009",
        "period": "Q3",
        "revenue": 61857000,
        "costOfRevenue": 33855000,
        "grossProfit": 28002000,
        "grossProfitRatio": 0.4526892672,
        "researchAndDevelopmentExpenses": 0,
        "generalAndAdministrativeExpenses": 2091000,
        "sellingAndMarketingExpenses": 0,
        "sellingGeneralAndAdministrativeExpenses": 2091000,
        "otherExpenses": 0,
        "operatingExpenses": 16803000,
        "costAndExpenses": 50658000,
        "interestIncome": 49000,
        "interestExpense": 11129000,
        "depreciationAndAmortization": 11552000,
        "ebitda": 44162000,
        "ebitdaratio": 0.7139369837,
        "operatingIncome": -10241000,
        "operatingIncomeRatio": -0.1655592738,
        "totalOtherIncomeExpensesNet": -27694000,
        "incomeBeforeTax": -31652000,
        "incomeBeforeTaxRatio": -0.5116963319,
        "incomeTaxExpense": 43574000,
        "netIncome": -32375000,
        "netIncomeRatio": -0.5233845806,
        "eps": -2.5,
        "epsdiluted": -2.5,
        "weightedAverageShsOut": 12969620,
        "weightedAverageShsOutDil": 12969620,
        "link": "https://www.sec.gov/Archives/edgar/data/1063344/000114036109024941/0001140361-09-024941-index.htm",
        "finalLink": "https://www.sec.gov/Archives/edgar/data/1063344/000114036109024941/form10q.htm"
    },
    {
        "date": "2009-06-30",
        "symbol": "HT",
        "reportedCurrency": "USD",
        "cik": "0001063344",
        "fillingDate": "2009-08-07",
        "acceptedDate": "2009-08-07 17:19:19",
        "calendarYear": "2009",
        "period": "Q2",
        "revenue": 61616000,
        "costOfRevenue": 32814000,
        "grossProfit": 28802000,
        "grossProfitRatio": 0.4674435212,
        "researchAndDevelopmentExpenses": 0,
        "generalAndAdministrativeExpenses": 1873000,
        "sellingAndMarketingExpenses": 0,
        "sellingGeneralAndAdministrativeExpenses": 1873000,
        "otherExpenses": 0,
        "operatingExpenses": 16167000,
        "costAndExpenses": 48981000,
        "interestIncome": 50000,
        "interestExpense": 10951000,
        "depreciationAndAmortization": 11793000,
        "ebitda": 24496000,
        "ebitdaratio": 0.3975590756,
        "operatingIncome": 12598000,
        "operatingIncomeRatio": 0.2044598806,
        "totalOtherIncomeExpensesNet": -68000,
        "incomeBeforeTax": 12530000,
        "incomeBeforeTaxRatio": 0.2033562711,
        "incomeTaxExpense": 11602000,
        "netIncome": 1033000,
        "netIncomeRatio": 0.0167651259,
        "eps": 0.0861,
        "epsdiluted": 0.0861,
        "weightedAverageShsOut": 11991204,
        "weightedAverageShsOutDil": 11991204,
        "link": "https://www.sec.gov/Archives/edgar/data/1063344/000114036109018305/0001140361-09-018305-index.htm",
        "finalLink": "https://www.sec.gov/Archives/edgar/data/1063344/000114036109018305/form10q.htm"
    },
    {
        "date": "2009-03-31",
        "symbol": "HT",
        "reportedCurrency": "USD",
        "cik": "0001063344",
        "fillingDate": "2009-05-08",
        "acceptedDate": "2009-05-08 16:37:47",
        "calendarYear": "2009",
        "period": "Q1",
        "revenue": 49003000,
        "costOfRevenue": 31554000,
        "grossProfit": 17449000,
        "grossProfitRatio": 0.35608024,
        "researchAndDevelopmentExpenses": 0,
        "generalAndAdministrativeExpenses": 0,
        "sellingAndMarketingExpenses": 0,
        "sellingGeneralAndAdministrativeExpenses": 1901000,
        "otherExpenses": 0,
        "operatingExpenses": 16187000,
        "costAndExpenses": 47741000,
        "interestIncome": 60000,
        "interestExpense": 10619000,
        "depreciationAndAmortization": 11468000,
        "ebitda": 11458000,
        "ebitdaratio": 0.233822419,
        "operatingIncome": 1255000,
        "operatingIncomeRatio": 0.0256106769,
        "totalOtherIncomeExpensesNet": -57000,
        "incomeBeforeTax": 1198000,
        "incomeBeforeTaxRatio": 0.0244474828,
        "incomeTaxExpense": 8563000,
        "netIncome": -8630000,
        "netIncomeRatio": -0.1761116666,
        "eps": -0.72,
        "epsdiluted": -0.72,
        "weightedAverageShsOut": 11946625,
        "weightedAverageShsOutDil": 11946625,
        "link": "https://www.sec.gov/Archives/edgar/data/1063344/000114036109011574/0001140361-09-011574-index.htm",
        "finalLink": "https://www.sec.gov/Archives/edgar/data/1063344/000114036109011574/form10q.htm"
    },
    {
        "date": "2008-12-31",
        "symbol": "HT",
        "reportedCurrency": "USD",
        "cik": "0001063344",
        "fillingDate": "2009-03-06",
        "acceptedDate": "2009-03-06 16:42:27",
        "calendarYear": "2008",
        "period": "Q4",
        "revenue": 62120000,
        "costOfRevenue": 36350000,
        "grossProfit": 25770000,
        "grossProfitRatio": 0.4148422408,
        "researchAndDevelopmentExpenses": 0,
        "generalAndAdministrativeExpenses": 0,
        "sellingAndMarketingExpenses": 0,
        "sellingGeneralAndAdministrativeExpenses": 2893000,
        "otherExpenses": 0,
        "operatingExpenses": 17301000,
        "costAndExpenses": 53651000,
        "interestIncome": 54000,
        "interestExpense": 11283000,
        "depreciationAndAmortization": 11488000,
        "ebitda": -1282000,
        "ebitdaratio": -0.0206374759,
        "operatingIncome": -12915000,
        "operatingIncomeRatio": -0.2079040567,
        "totalOtherIncomeExpensesNet": -47727000,
        "incomeBeforeTax": -36711000,
        "incomeBeforeTaxRatio": -0.5909690921,
        "incomeTaxExpense": -16077000,
        "netIncome": -20489000,
        "netIncomeRatio": -0.3298293625,
        "eps": -1.71,
        "epsdiluted": -1.71,
        "weightedAverageShsOut": 11947415,
        "weightedAverageShsOutDil": 11947415,
        "link": "https://www.sec.gov/Archives/edgar/data/1063344/000114036109006280/0001140361-09-006280-index.htm",
        "finalLink": "https://www.sec.gov/Archives/edgar/data/1063344/000114036109006280/form10k.htm"
    },
    {
        "date": "2008-09-30",
        "symbol": "HT",
        "reportedCurrency": "USD",
        "cik": "0001063344",
        "fillingDate": "2008-11-06",
        "acceptedDate": "2008-11-06 17:03:02",
        "calendarYear": "2008",
        "period": "Q3",
        "revenue": 75864000,
        "costOfRevenue": 41547000,
        "grossProfit": 34317000,
        "grossProfitRatio": 0.4523489402,
        "researchAndDevelopmentExpenses": 0,
        "generalAndAdministrativeExpenses": 1918000,
        "sellingAndMarketingExpenses": 0,
        "sellingGeneralAndAdministrativeExpenses": 1918000,
        "otherExpenses": 0,
        "operatingExpenses": 16000000,
        "costAndExpenses": 57547000,
        "interestIncome": 69000,
        "interestExpense": 10892000,
        "depreciationAndAmortization": 11434000,
        "ebitda": 29751000,
        "ebitdaratio": 0.3921622904,
        "operatingIncome": 18317000,
        "operatingIncomeRatio": 0.2414452178,
        "totalOtherIncomeExpensesNet": 1629000,
        "incomeBeforeTax": 19946000,
        "incomeBeforeTaxRatio": 0.262917853,
        "incomeTaxExpense": 13611000,
        "netIncome": 6335000,
        "netIncomeRatio": 0.0835046926,
        "eps": 0.44,
        "epsdiluted": 0.44,
        "weightedAverageShsOut": 11941042,
        "weightedAverageShsOutDil": 11941042,
        "link": "https://www.sec.gov/Archives/edgar/data/1063344/000114036108024599/0001140361-08-024599-index.htm",
        "finalLink": "https://www.sec.gov/Archives/edgar/data/1063344/000114036108024599/form10q.htm"
    },
    {
        "date": "2008-06-30",
        "symbol": "HT",
        "reportedCurrency": "USD",
        "cik": "0001063344",
        "fillingDate": "2008-08-07",
        "acceptedDate": "2008-08-07 16:28:45",
        "calendarYear": "2008",
        "period": "Q2",
        "revenue": 71473000,
        "costOfRevenue": 0,
        "grossProfit": 71473000,
        "grossProfitRatio": 1,
        "researchAndDevelopmentExpenses": 0,
        "generalAndAdministrativeExpenses": 2003000,
        "sellingAndMarketingExpenses": 0,
        "sellingGeneralAndAdministrativeExpenses": 2003000,
        "otherExpenses": 0,
        "operatingExpenses": 52626000,
        "costAndExpenses": 52626000,
        "interestIncome": 101000,
        "interestExpense": 10346000,
        "depreciationAndAmortization": 10288000,
        "ebitda": 29135000,
        "ebitdaratio": 0.4076364501,
        "operatingIncome": 18847000,
        "operatingIncomeRatio": 0.2636939823,
        "totalOtherIncomeExpensesNet": 1360000,
        "incomeBeforeTax": 20207000,
        "incomeBeforeTaxRatio": 0.2827221468,
        "incomeTaxExpense": 11982000,
        "netIncome": 8225000,
        "netIncomeRatio": 0.1150784212,
        "eps": 0.64,
        "epsdiluted": 0.64,
        "weightedAverageShsOut": 11063410,
        "weightedAverageShsOutDil": 11063410,
        "link": "https://www.sec.gov/Archives/edgar/data/1063344/000114036108018579/0001140361-08-018579-index.htm",
        "finalLink": "https://www.sec.gov/Archives/edgar/data/1063344/000114036108018579/form10-q.htm"
    },
    {
        "date": "2008-03-31",
        "symbol": "HT",
        "reportedCurrency": "USD",
        "cik": "0001063344",
        "fillingDate": "2008-05-09",
        "acceptedDate": "2008-05-09 14:33:40",
        "calendarYear": "2008",
        "period": "Q1",
        "revenue": 55662000,
        "costOfRevenue": 0,
        "grossProfit": 55662000,
        "grossProfitRatio": 1,
        "researchAndDevelopmentExpenses": 0,
        "generalAndAdministrativeExpenses": 1903000,
        "sellingAndMarketingExpenses": 0,
        "sellingGeneralAndAdministrativeExpenses": 1903000,
        "otherExpenses": 0,
        "operatingExpenses": 48114000,
        "costAndExpenses": 48114000,
        "interestIncome": 0,
        "interestExpense": 0,
        "depreciationAndAmortization": 9967000,
        "ebitda": 17515000,
        "ebitdaratio": 0.3146670978,
        "operatingIncome": 7548000,
        "operatingIncomeRatio": 0.1356041824,
        "totalOtherIncomeExpensesNet": 0,
        "incomeBeforeTax": 0,
        "incomeBeforeTaxRatio": 0,
        "incomeTaxExpense": 10427000,
        "netIncome": -2879000,
        "netIncomeRatio": -0.0517228989,
        "eps": -0.28,
        "epsdiluted": -0.28,
        "weightedAverageShsOut": 10222785,
        "weightedAverageShsOutDil": 10222785,
        "link": "https://www.sec.gov/Archives/edgar/data/1063344/000114036108011739/0001140361-08-011739-index.htm",
        "finalLink": "https://www.sec.gov/Archives/edgar/data/1063344/000114036108011739/form10q.htm"
    },
    {
        "date": "2007-12-31",
        "symbol": "HT",
        "reportedCurrency": "USD",
        "cik": "0001063344",
        "fillingDate": "2008-03-13",
        "acceptedDate": "2008-03-13 17:17:09",
        "calendarYear": "2007",
        "period": "Q4",
        "revenue": 61425000,
        "costOfRevenue": 0,
        "grossProfit": 61425000,
        "grossProfitRatio": 1,
        "researchAndDevelopmentExpenses": 0,
        "generalAndAdministrativeExpenses": 0,
        "sellingAndMarketingExpenses": 0,
        "sellingGeneralAndAdministrativeExpenses": 2664000,
        "otherExpenses": 0,
        "operatingExpenses": -96448000,
        "costAndExpenses": 49480000,
        "interestIncome": 0,
        "interestExpense": 0,
        "depreciationAndAmortization": 9578000,
        "ebitda": 23920000,
        "ebitdaratio": 0.3894179894,
        "operatingIncome": 11945000,
        "operatingIncomeRatio": 0.1944647945,
        "totalOtherIncomeExpensesNet": 0,
        "incomeBeforeTax": 0,
        "incomeBeforeTaxRatio": 0,
        "incomeTaxExpense": 8549000,
        "netIncome": 5793000,
        "netIncomeRatio": 0.0943101343,
        "eps": 0.48,
        "epsdiluted": 0.48,
        "weightedAverageShsOut": 10220973,
        "weightedAverageShsOutDil": 10190794,
        "link": "https://www.sec.gov/Archives/edgar/data/1063344/000114036108006663/0001140361-08-006663-index.htm",
        "finalLink": "https://www.sec.gov/Archives/edgar/data/1063344/000114036108006663/form10-k.htm"
    },
    {
        "date": "2007-09-30",
        "symbol": "HT",
        "reportedCurrency": "USD",
        "cik": "0001063344",
        "fillingDate": "2007-11-09",
        "acceptedDate": "2007-11-09 15:23:01",
        "calendarYear": "2007",
        "period": "Q3",
        "revenue": 68831000,
        "costOfRevenue": 0,
        "grossProfit": 68831000,
        "grossProfitRatio": 1,
        "researchAndDevelopmentExpenses": 0,
        "generalAndAdministrativeExpenses": 1689000,
        "sellingAndMarketingExpenses": 0,
        "sellingGeneralAndAdministrativeExpenses": 1689000,
        "otherExpenses": 0,
        "operatingExpenses": 50201000,
        "costAndExpenses": 50201000,
        "interestIncome": 0,
        "interestExpense": 0,
        "depreciationAndAmortization": 9667000,
        "ebitda": 28297000,
        "ebitdaratio": 0.4111083669,
        "operatingIncome": 18630000,
        "operatingIncomeRatio": 0.270662928,
        "totalOtherIncomeExpensesNet": 0,
        "incomeBeforeTax": 0,
        "incomeBeforeTaxRatio": 0,
        "incomeTaxExpense": 10134000,
        "netIncome": 8496000,
        "netIncomeRatio": 0.1234327556,
        "eps": 0.72,
        "epsdiluted": 0.72,
        "weightedAverageShsOut": 10201906,
        "weightedAverageShsOutDil": 10201906,
        "link": "https://www.sec.gov/Archives/edgar/data/1063344/000114036107021493/0001140361-07-021493-index.htm",
        "finalLink": "https://www.sec.gov/Archives/edgar/data/1063344/000114036107021493/form10q.htm"
    },
    {
        "date": "2007-06-30",
        "symbol": "HT",
        "reportedCurrency": "USD",
        "cik": "0001063344",
        "fillingDate": "2007-08-09",
        "acceptedDate": "2007-08-09 16:48:21",
        "calendarYear": "2007",
        "period": "Q2",
        "revenue": 66307000,
        "costOfRevenue": 0,
        "grossProfit": 66307000,
        "grossProfitRatio": 1,
        "researchAndDevelopmentExpenses": 0,
        "generalAndAdministrativeExpenses": 1621000,
        "sellingAndMarketingExpenses": 0,
        "sellingGeneralAndAdministrativeExpenses": 1621000,
        "otherExpenses": 0,
        "operatingExpenses": 48425000,
        "costAndExpenses": 48425000,
        "interestIncome": 0,
        "interestExpense": 0,
        "depreciationAndAmortization": 8953000,
        "ebitda": 26835000,
        "ebitdaratio": 0.4047084018,
        "operatingIncome": 17882000,
        "operatingIncomeRatio": 0.2696849503,
        "totalOtherIncomeExpensesNet": 0,
        "incomeBeforeTax": 0,
        "incomeBeforeTaxRatio": 0,
        "incomeTaxExpense": 10087000,
        "netIncome": 7795000,
        "netIncomeRatio": 0.1175592321,
        "eps": 0.64,
        "epsdiluted": 0.64,
        "weightedAverageShsOut": 10160642,
        "weightedAverageShsOutDil": 10160642,
        "link": "https://www.sec.gov/Archives/edgar/data/1063344/000114036107015849/0001140361-07-015849-index.htm",
        "finalLink": "https://www.sec.gov/Archives/edgar/data/1063344/000114036107015849/form10-q.htm"
    },
    {
        "date": "2007-03-31",
        "symbol": "HT",
        "reportedCurrency": "USD",
        "cik": "0001063344",
        "fillingDate": "2007-05-10",
        "acceptedDate": "2007-05-10 16:35:37",
        "calendarYear": "2007",
        "period": "Q1",
        "revenue": 49053000,
        "costOfRevenue": 0,
        "grossProfit": 49053000,
        "grossProfitRatio": 1,
        "researchAndDevelopmentExpenses": 0,
        "generalAndAdministrativeExpenses": 2211000,
        "sellingAndMarketingExpenses": 0,
        "sellingGeneralAndAdministrativeExpenses": 2211000,
        "otherExpenses": 0,
        "operatingExpenses": 43279000,
        "costAndExpenses": 43279000,
        "interestIncome": 0,
        "interestExpense": 0,
        "depreciationAndAmortization": 8577000,
        "ebitda": 14351000,
        "ebitdaratio": 0.2925611074,
        "operatingIncome": 5774000,
        "operatingIncomeRatio": 0.1177094163,
        "totalOtherIncomeExpensesNet": 0,
        "incomeBeforeTax": 0,
        "incomeBeforeTaxRatio": 0,
        "incomeTaxExpense": 10012000,
        "netIncome": -4238000,
        "netIncomeRatio": -0.0863963468,
        "eps": -0.42,
        "epsdiluted": -0.42,
        "weightedAverageShsOut": 10134462,
        "weightedAverageShsOutDil": 10134462,
        "link": "https://www.sec.gov/Archives/edgar/data/1063344/000114036107009591/0001140361-07-009591-index.htm",
        "finalLink": "https://www.sec.gov/Archives/edgar/data/1063344/000114036107009591/form10-q.htm"
    },
    {
        "date": "2006-12-31",
        "symbol": "HT",
        "reportedCurrency": "USD",
        "cik": "0001063344",
        "fillingDate": "2007-03-16",
        "acceptedDate": "2007-03-16 06:14:25",
        "calendarYear": "2006",
        "period": "Q4",
        "revenue": 44526000,
        "costOfRevenue": 0,
        "grossProfit": 44526000,
        "grossProfitRatio": 1,
        "researchAndDevelopmentExpenses": 0,
        "generalAndAdministrativeExpenses": 0,
        "sellingAndMarketingExpenses": 0,
        "sellingGeneralAndAdministrativeExpenses": 1912000,
        "otherExpenses": 0,
        "operatingExpenses": -49101000,
        "costAndExpenses": 36366000,
        "interestIncome": 0,
        "interestExpense": 0,
        "depreciationAndAmortization": 6732000,
        "ebitda": 16710000,
        "ebitdaratio": 0.3752863495,
        "operatingIncome": 9323000,
        "operatingIncomeRatio": 0.2093832817,
        "totalOtherIncomeExpensesNet": 926000,
        "incomeBeforeTax": 10249000,
        "incomeBeforeTaxRatio": 0.2301801195,
        "incomeTaxExpense": 11078000,
        "netIncome": -174000,
        "netIncomeRatio": -0.0039078291,
        "eps": -0.0204,
        "epsdiluted": -0.0204,
        "weightedAverageShsOut": 8548126,
        "weightedAverageShsOutDil": 8548126,
        "link": "https://www.sec.gov/Archives/edgar/data/1063344/000114036107005830/0001140361-07-005830-index.htm",
        "finalLink": "https://www.sec.gov/Archives/edgar/data/1063344/000114036107005830/form10-k.htm"
    },
    {
        "date": "2006-09-30",
        "symbol": "HT",
        "reportedCurrency": "USD",
        "cik": "0001063344",
        "fillingDate": "2006-11-09",
        "acceptedDate": "2006-11-09 16:53:19",
        "calendarYear": "2006",
        "period": "Q3",
        "revenue": 41278000,
        "costOfRevenue": 0,
        "grossProfit": 41278000,
        "grossProfitRatio": 1,
        "researchAndDevelopmentExpenses": 0,
        "generalAndAdministrativeExpenses": 1350000,
        "sellingAndMarketingExpenses": 0,
        "sellingGeneralAndAdministrativeExpenses": 1350000,
        "otherExpenses": 0,
        "operatingExpenses": 31127000,
        "costAndExpenses": 31127000,
        "interestIncome": 0,
        "interestExpense": 0,
        "depreciationAndAmortization": 5363000,
        "ebitda": 15514000,
        "ebitdaratio": 0.3758418528,
        "operatingIncome": 10151000,
        "operatingIncomeRatio": 0.2459179224,
        "totalOtherIncomeExpensesNet": 0,
        "incomeBeforeTax": 0,
        "incomeBeforeTaxRatio": 0,
        "incomeTaxExpense": 4371000,
        "netIncome": 5780000,
        "netIncomeRatio": 0.1400261641,
        "eps": 0.64,
        "epsdiluted": 0.64,
        "weightedAverageShsOut": 7103388,
        "weightedAverageShsOutDil": 7107159,
        "link": "https://www.sec.gov/Archives/edgar/data/1063344/000114036106015881/0001140361-06-015881-index.htm",
        "finalLink": "https://www.sec.gov/Archives/edgar/data/1063344/000114036106015881/form10-q.htm"
    },
    {
        "date": "2006-06-30",
        "symbol": "HT",
        "reportedCurrency": "USD",
        "cik": "0001063344",
        "fillingDate": "2006-08-09",
        "acceptedDate": "2006-08-09 16:29:45",
        "calendarYear": "2006",
        "period": "Q2",
        "revenue": 38183000,
        "costOfRevenue": 0,
        "grossProfit": 38183000,
        "grossProfitRatio": 1,
        "researchAndDevelopmentExpenses": 0,
        "generalAndAdministrativeExpenses": 1812000,
        "sellingAndMarketingExpenses": 0,
        "sellingGeneralAndAdministrativeExpenses": 1812000,
        "otherExpenses": 0,
        "operatingExpenses": 28581000,
        "costAndExpenses": 28581000,
        "interestIncome": 0,
        "interestExpense": 0,
        "depreciationAndAmortization": 4891000,
        "ebitda": 15401000,
        "ebitdaratio": 0.4033470393,
        "operatingIncome": 8694000,
        "operatingIncomeRatio": 0.2276929524,
        "totalOtherIncomeExpensesNet": 4962000,
        "incomeBeforeTax": 7786000,
        "incomeBeforeTaxRatio": 0.203912736,
        "incomeTaxExpense": 6226000,
        "netIncome": 3376000,
        "netIncomeRatio": 0.0884163109,
        "eps": 0.36,
        "epsdiluted": 0.36,
        "weightedAverageShsOut": 6367427,
        "weightedAverageShsOutDil": 6367427,
        "link": "https://www.sec.gov/Archives/edgar/data/1063344/000114036106011433/0001140361-06-011433-index.htm",
        "finalLink": "https://www.sec.gov/Archives/edgar/data/1063344/000114036106011433/form10-q.htm"
    },
    {
        "date": "2006-03-31",
        "symbol": "HT",
        "reportedCurrency": "USD",
        "cik": "0001063344",
        "fillingDate": "2006-05-10",
        "acceptedDate": "2006-05-10 17:15:45",
        "calendarYear": "2006",
        "period": "Q1",
        "revenue": 23901000,
        "costOfRevenue": 0,
        "grossProfit": 23901000,
        "grossProfitRatio": 1,
        "researchAndDevelopmentExpenses": 0,
        "generalAndAdministrativeExpenses": 1164000,
        "sellingAndMarketingExpenses": 0,
        "sellingGeneralAndAdministrativeExpenses": 1164000,
        "otherExpenses": 0,
        "operatingExpenses": 22308000,
        "costAndExpenses": 22308000,
        "interestIncome": 0,
        "interestExpense": 0,
        "depreciationAndAmortization": 4263000,
        "ebitda": 6107000,
        "ebitdaratio": 0.2555123217,
        "operatingIncome": 1338000,
        "operatingIncomeRatio": 0.0559809213,
        "totalOtherIncomeExpensesNet": -251000,
        "incomeBeforeTax": 1087000,
        "incomeBeforeTaxRatio": 0.0454792686,
        "incomeTaxExpense": 5477000,
        "netIncome": -3884000,
        "netIncomeRatio": -0.1625036609,
        "eps": -0.77,
        "epsdiluted": -0.77,
        "weightedAverageShsOut": 5077056,
        "weightedAverageShsOutDil": 5077056,
        "link": "https://www.sec.gov/Archives/edgar/data/1063344/000114036106007115/0001140361-06-007115-index.htm",
        "finalLink": "https://www.sec.gov/Archives/edgar/data/1063344/000114036106007115/form10-q.htm"
    },
    {
        "date": "2005-12-31",
        "symbol": "HT",
        "reportedCurrency": "USD",
        "cik": "0001063344",
        "fillingDate": "2006-03-22",
        "acceptedDate": "2006-03-21 21:58:25",
        "calendarYear": "2005",
        "period": "Q4",
        "revenue": 22021000,
        "costOfRevenue": 0,
        "grossProfit": 22021000,
        "grossProfitRatio": 1,
        "researchAndDevelopmentExpenses": 0,
        "generalAndAdministrativeExpenses": 1763000,
        "sellingAndMarketingExpenses": 0,
        "sellingGeneralAndAdministrativeExpenses": 1763000,
        "otherExpenses": 0,
        "operatingExpenses": -29772000,
        "costAndExpenses": 20444000,
        "interestIncome": 0,
        "interestExpense": 0,
        "depreciationAndAmortization": 3483000,
        "ebitda": 10592000,
        "ebitdaratio": 0.4809954135,
        "operatingIncome": 1590000,
        "operatingIncomeRatio": 0.0722038055,
        "totalOtherIncomeExpensesNet": 0,
        "incomeBeforeTax": 0,
        "incomeBeforeTaxRatio": 0,
        "incomeTaxExpense": 9047000,
        "netIncome": -1938000,
        "netIncomeRatio": -0.0880069025,
        "eps": -0.38,
        "epsdiluted": -0.38,
        "weightedAverageShsOut": 5074000,
        "weightedAverageShsOutDil": 5074000,
        "link": "https://www.sec.gov/Archives/edgar/data/1063344/000114036106004309/0001140361-06-004309-index.htm",
        "finalLink": "https://www.sec.gov/Archives/edgar/data/1063344/000114036106004309/form10-k.htm"
    },
    {
        "date": "2005-09-30",
        "symbol": "HT",
        "reportedCurrency": "USD",
        "cik": "0001063344",
        "fillingDate": "2005-11-09",
        "acceptedDate": "2005-11-09 17:23:58",
        "calendarYear": "2005",
        "period": "Q3",
        "revenue": 24750000,
        "costOfRevenue": 0,
        "grossProfit": 24750000,
        "grossProfitRatio": 1,
        "researchAndDevelopmentExpenses": 0,
        "generalAndAdministrativeExpenses": 1097000,
        "sellingAndMarketingExpenses": 0,
        "sellingGeneralAndAdministrativeExpenses": 1097000,
        "otherExpenses": 0,
        "operatingExpenses": 19661000,
        "costAndExpenses": 19661000,
        "interestIncome": 0,
        "interestExpense": 0,
        "depreciationAndAmortization": 3331000,
        "ebitda": 8420000,
        "ebitdaratio": 0.3402020202,
        "operatingIncome": 5089000,
        "operatingIncomeRatio": 0.2056161616,
        "totalOtherIncomeExpensesNet": 0,
        "incomeBeforeTax": 0,
        "incomeBeforeTaxRatio": 0,
        "incomeTaxExpense": 2628000,
        "netIncome": 2461000,
        "netIncomeRatio": 0.0994343434,
        "eps": 0.36,
        "epsdiluted": 0.36,
        "weightedAverageShsOut": 5073456,
        "weightedAverageShsOutDil": 5091206,
        "link": "https://www.sec.gov/Archives/edgar/data/1063344/000114036105009320/0001140361-05-009320-index.htm",
        "finalLink": "https://www.sec.gov/Archives/edgar/data/1063344/000114036105009320/body.htm"
    },
    {
        "date": "2005-06-30",
        "symbol": "HT",
        "reportedCurrency": "USD",
        "cik": "0001063344",
        "fillingDate": "2005-08-09",
        "acceptedDate": "2005-08-09 17:19:13",
        "calendarYear": "2005",
        "period": "Q2",
        "revenue": 21071000,
        "costOfRevenue": 0,
        "grossProfit": 21071000,
        "grossProfitRatio": 1,
        "researchAndDevelopmentExpenses": 0,
        "generalAndAdministrativeExpenses": 1147000,
        "sellingAndMarketingExpenses": 0,
        "sellingGeneralAndAdministrativeExpenses": 1147000,
        "otherExpenses": 0,
        "operatingExpenses": 16691000,
        "costAndExpenses": 16691000,
        "interestIncome": 0,
        "interestExpense": 0,
        "depreciationAndAmortization": 2511000,
        "ebitda": 6891000,
        "ebitdaratio": 0.3270371601,
        "operatingIncome": 4380000,
        "operatingIncomeRatio": 0.2078686346,
        "totalOtherIncomeExpensesNet": 0,
        "incomeBeforeTax": 0,
        "incomeBeforeTaxRatio": 0,
        "incomeTaxExpense": 625000,
        "netIncome": 3755000,
        "netIncomeRatio": 0.1782070144,
        "eps": 0.76,
        "epsdiluted": 0.72,
        "weightedAverageShsOut": 5073292,
        "weightedAverageShsOutDil": 5789753,
        "link": "https://www.sec.gov/Archives/edgar/data/1063344/000095013305003621/0000950133-05-003621-index.htm",
        "finalLink": "https://www.sec.gov/Archives/edgar/data/1063344/000095013305003621/w11730e10vq.htm"
    },
    {
        "date": "2005-03-31",
        "symbol": "HT",
        "reportedCurrency": "USD",
        "cik": "0001063344",
        "fillingDate": "2005-05-10",
        "acceptedDate": "2005-05-10 16:54:48",
        "calendarYear": "2005",
        "period": "Q1",
        "revenue": 12800000,
        "costOfRevenue": 0,
        "grossProfit": 12800000,
        "grossProfitRatio": 1,
        "researchAndDevelopmentExpenses": 0,
        "generalAndAdministrativeExpenses": 990000,
        "sellingAndMarketingExpenses": 0,
        "sellingGeneralAndAdministrativeExpenses": 990000,
        "otherExpenses": 0,
        "operatingExpenses": 13293000,
        "costAndExpenses": 13293000,
        "interestIncome": 0,
        "interestExpense": 0,
        "depreciationAndAmortization": 2043000,
        "ebitda": 1550000,
        "ebitdaratio": 0.12109375,
        "operatingIncome": -493000,
        "operatingIncomeRatio": -0.038515625,
        "totalOtherIncomeExpensesNet": 0,
        "incomeBeforeTax": 0,
        "incomeBeforeTaxRatio": 0,
        "incomeTaxExpense": 481000,
        "netIncome": -974000,
        "netIncomeRatio": -0.07609375,
        "eps": -0.19,
        "epsdiluted": -0.19,
        "weightedAverageShsOut": 5072808,
        "weightedAverageShsOutDil": 5072808,
        "link": "https://www.sec.gov/Archives/edgar/data/1063344/000101540205002354/0001015402-05-002354-index.htm",
        "finalLink": "https://www.sec.gov/Archives/edgar/data/1063344/000101540205002354/body.htm"
    },
    {
        "date": "2004-12-31",
        "symbol": "HT",
        "reportedCurrency": "USD",
        "cik": "0001063344",
        "fillingDate": "2005-03-16",
        "acceptedDate": "2005-03-16 17:15:33",
        "calendarYear": "2004",
        "period": "Q4",
        "revenue": 10536000,
        "costOfRevenue": 0,
        "grossProfit": 10536000,
        "grossProfitRatio": 1,
        "researchAndDevelopmentExpenses": 0,
        "generalAndAdministrativeExpenses": 1344000,
        "sellingAndMarketingExpenses": 0,
        "sellingGeneralAndAdministrativeExpenses": 1344000,
        "otherExpenses": 0,
        "operatingExpenses": -18669000,
        "costAndExpenses": 13667000,
        "interestIncome": 0,
        "interestExpense": 0,
        "depreciationAndAmortization": 1806000,
        "ebitda": 1268000,
        "ebitdaratio": 0.1203492787,
        "operatingIncome": -3193000,
        "operatingIncomeRatio": -0.3030561883,
        "totalOtherIncomeExpensesNet": 0,
        "incomeBeforeTax": 0,
        "incomeBeforeTaxRatio": 0,
        "incomeTaxExpense": 551000,
        "netIncome": -1089000,
        "netIncomeRatio": -0.1033599089,
        "eps": -0.21,
        "epsdiluted": -0.21,
        "weightedAverageShsOut": 5079611,
        "weightedAverageShsOutDil": 5079611,
        "link": "https://www.sec.gov/Archives/edgar/data/1063344/000101540205001359/0001015402-05-001359-index.htm",
        "finalLink": "https://www.sec.gov/Archives/edgar/data/1063344/000101540205001359/body.htm"
    },
    {
        "date": "2004-09-30",
        "symbol": "HT",
        "reportedCurrency": "USD",
        "cik": "0001063344",
        "fillingDate": "2004-11-15",
        "acceptedDate": "2004-11-15 15:34:56",
        "calendarYear": "2004",
        "period": "Q3",
        "revenue": 17760000,
        "costOfRevenue": 0,
        "grossProfit": 17760000,
        "grossProfitRatio": 1,
        "researchAndDevelopmentExpenses": 0,
        "generalAndAdministrativeExpenses": 676000,
        "sellingAndMarketingExpenses": 0,
        "sellingGeneralAndAdministrativeExpenses": 676000,
        "otherExpenses": 0,
        "operatingExpenses": 13755000,
        "costAndExpenses": 13755000,
        "interestIncome": 0,
        "interestExpense": 0,
        "depreciationAndAmortization": 1952000,
        "ebitda": 5959000,
        "ebitdaratio": 0.3355292793,
        "operatingIncome": 4005000,
        "operatingIncomeRatio": 0.2255067568,
        "totalOtherIncomeExpensesNet": 0,
        "incomeBeforeTax": 0,
        "incomeBeforeTaxRatio": 0,
        "incomeTaxExpense": 1645000,
        "netIncome": 2362000,
        "netIncomeRatio": 0.1329954955,
        "eps": 0.56,
        "epsdiluted": 0.52,
        "weightedAverageShsOut": 4155468,
        "weightedAverageShsOutDil": 4866078,
        "link": "https://www.sec.gov/Archives/edgar/data/1063344/000101540204004978/0001015402-04-004978-index.htm",
        "finalLink": "https://www.sec.gov/Archives/edgar/data/1063344/000101540204004978/doc1.txt"
    },
    {
        "date": "2004-06-30",
        "symbol": "HT",
        "reportedCurrency": "USD",
        "cik": "0001063344",
        "fillingDate": "2004-08-16",
        "acceptedDate": "2004-08-16 16:13:29",
        "calendarYear": "2004",
        "period": "Q2",
        "revenue": 14788000,
        "costOfRevenue": 0,
        "grossProfit": 14788000,
        "grossProfitRatio": 1,
        "researchAndDevelopmentExpenses": 0,
        "generalAndAdministrativeExpenses": 685000,
        "sellingAndMarketingExpenses": 0,
        "sellingGeneralAndAdministrativeExpenses": 685000,
        "otherExpenses": 0,
        "operatingExpenses": 11736000,
        "costAndExpenses": 11736000,
        "interestIncome": 0,
        "interestExpense": 0,
        "depreciationAndAmortization": 1840000,
        "ebitda": 4892000,
        "ebitdaratio": 0.3308087639,
        "operatingIncome": 3052000,
        "operatingIncomeRatio": 0.2063835542,
        "totalOtherIncomeExpensesNet": 0,
        "incomeBeforeTax": 0,
        "incomeBeforeTaxRatio": 0,
        "incomeTaxExpense": 1447000,
        "netIncome": 1605000,
        "netIncomeRatio": 0.1085339464,
        "eps": 0.36,
        "epsdiluted": 0.36,
        "weightedAverageShsOut": 3973384,
        "weightedAverageShsOutDil": 4683994,
        "link": "https://www.sec.gov/Archives/edgar/data/1063344/000101540204003453/0001015402-04-003453-index.htm",
        "finalLink": "https://www.sec.gov/Archives/edgar/data/1063344/000101540204003453/doc1.txt"
    },
    {
        "date": "2004-03-31",
        "symbol": "HT",
        "reportedCurrency": "USD",
        "cik": "0001063344",
        "fillingDate": "2004-05-17",
        "acceptedDate": "2004-05-17 15:49:38",
        "calendarYear": "2004",
        "period": "Q1",
        "revenue": 7914000,
        "costOfRevenue": 0,
        "grossProfit": 7914000,
        "grossProfitRatio": 1,
        "researchAndDevelopmentExpenses": 0,
        "generalAndAdministrativeExpenses": 499000,
        "sellingAndMarketingExpenses": 0,
        "sellingGeneralAndAdministrativeExpenses": 499000,
        "otherExpenses": 0,
        "operatingExpenses": 6989000,
        "costAndExpenses": 6989000,
        "interestIncome": 0,
        "interestExpense": 0,
        "depreciationAndAmortization": 1602000,
        "ebitda": 2527000,
        "ebitdaratio": 0.3193075562,
        "operatingIncome": 925000,
        "operatingIncomeRatio": 0.1168814759,
        "totalOtherIncomeExpensesNet": 0,
        "incomeBeforeTax": 0,
        "incomeBeforeTaxRatio": 0,
        "incomeTaxExpense": 1754000,
        "netIncome": -829000,
        "netIncomeRatio": -0.104751074,
        "eps": -0.26,
        "epsdiluted": -0.2,
        "weightedAverageShsOut": 3179114,
        "weightedAverageShsOutDil": 4058037,
        "link": "https://www.sec.gov/Archives/edgar/data/1063344/000101540204002170/0001015402-04-002170-index.htm",
        "finalLink": "https://www.sec.gov/Archives/edgar/data/1063344/000101540204002170/doc1.txt"
    },
    {
        "date": "2003-12-31",
        "symbol": "HT",
        "reportedCurrency": "USD",
        "cik": "0001063344",
        "fillingDate": "2004-03-29",
        "acceptedDate": "2004-03-29 15:06:52",
        "calendarYear": "2003",
        "period": "Q4",
        "revenue": 4872000,
        "costOfRevenue": 0,
        "grossProfit": 4872000,
        "grossProfitRatio": 1,
        "researchAndDevelopmentExpenses": 0,
        "generalAndAdministrativeExpenses": 1458000,
        "sellingAndMarketingExpenses": 0,
        "sellingGeneralAndAdministrativeExpenses": 1458000,
        "otherExpenses": 0,
        "operatingExpenses": 1983000,
        "costAndExpenses": 5356000,
        "interestIncome": 0,
        "interestExpense": 0,
        "depreciationAndAmortization": 1456000,
        "ebitda": -375000,
        "ebitdaratio": -0.0769704433,
        "operatingIncome": -600000,
        "operatingIncomeRatio": -0.1231527094,
        "totalOtherIncomeExpensesNet": 0,
        "incomeBeforeTax": 0,
        "incomeBeforeTaxRatio": 0,
        "incomeTaxExpense": -1980000,
        "netIncome": 149000,
        "netIncomeRatio": 0.0305829228,
        "eps": 0.17,
        "epsdiluted": 0.17,
        "weightedAverageShsOut": 899217,
        "weightedAverageShsOutDil": 899217,
        "link": "https://www.sec.gov/Archives/edgar/data/1063344/000101540204001181/0001015402-04-001181-index.htm",
        "finalLink": "https://www.sec.gov/Archives/edgar/data/1063344/000101540204001181/doc1.txt"
    },
    {
        "date": "2003-09-30",
        "symbol": "HT",
        "reportedCurrency": "USD",
        "cik": "0001063344",
        "fillingDate": "2003-11-13",
        "acceptedDate": "2003-11-13 13:15:26",
        "calendarYear": "2003",
        "period": "Q3",
        "revenue": 5447000,
        "costOfRevenue": 0,
        "grossProfit": 5447000,
        "grossProfitRatio": 1,
        "researchAndDevelopmentExpenses": 0,
        "generalAndAdministrativeExpenses": 151000,
        "sellingAndMarketingExpenses": 0,
        "sellingGeneralAndAdministrativeExpenses": 151000,
        "otherExpenses": 0,
        "operatingExpenses": 2144000,
        "costAndExpenses": 2144000,
        "interestIncome": 0,
        "interestExpense": 0,
        "depreciationAndAmortization": 1138000,
        "ebitda": 4441000,
        "ebitdaratio": 0.8153111805,
        "operatingIncome": 3303000,
        "operatingIncomeRatio": 0.6063888379,
        "totalOtherIncomeExpensesNet": 0,
        "incomeBeforeTax": 0,
        "incomeBeforeTaxRatio": 0,
        "incomeTaxExpense": 3011000,
        "netIncome": 292000,
        "netIncomeRatio": 0.0536074904,
        "eps": 0.44,
        "epsdiluted": 0.44,
        "weightedAverageShsOut": 644854,
        "weightedAverageShsOutDil": 644854,
        "link": "https://www.sec.gov/Archives/edgar/data/1063344/000101540203004461/0001015402-03-004461-index.htm",
        "finalLink": "https://www.sec.gov/Archives/edgar/data/1063344/000101540203004461/doc1.txt"
    },
    {
        "date": "2003-06-30",
        "symbol": "HT",
        "reportedCurrency": "USD",
        "cik": "0001063344",
        "fillingDate": "2003-08-13",
        "acceptedDate": "2003-08-13 11:46:03",
        "calendarYear": "2003",
        "period": "Q2",
        "revenue": 5004000,
        "costOfRevenue": 0,
        "grossProfit": 5004000,
        "grossProfitRatio": 1,
        "researchAndDevelopmentExpenses": 0,
        "generalAndAdministrativeExpenses": 150000,
        "sellingAndMarketingExpenses": 0,
        "sellingGeneralAndAdministrativeExpenses": 150000,
        "otherExpenses": 0,
        "operatingExpenses": 2423000,
        "costAndExpenses": 2423000,
        "interestIncome": 0,
        "interestExpense": 0,
        "depreciationAndAmortization": 1109000,
        "ebitda": 3690000,
        "ebitdaratio": 0.7374100719,
        "operatingIncome": 2581000,
        "operatingIncomeRatio": 0.5157873701,
        "totalOtherIncomeExpensesNet": 0,
        "incomeBeforeTax": 0,
        "incomeBeforeTaxRatio": 0,
        "incomeTaxExpense": 2547000,
        "netIncome": 34000,
        "netIncomeRatio": 0.0067945643,
        "eps": 0.04,
        "epsdiluted": 0.04,
        "weightedAverageShsOut": 644675,
        "weightedAverageShsOutDil": 644675,
        "link": "https://www.sec.gov/Archives/edgar/data/1063344/000101540203003238/0001015402-03-003238-index.htm",
        "finalLink": "https://www.sec.gov/Archives/edgar/data/1063344/000101540203003238/doc1.txt"
    },
    {
        "date": "2003-03-31",
        "symbol": "HT",
        "reportedCurrency": "USD",
        "cik": "0001063344",
        "fillingDate": "2003-05-14",
        "acceptedDate": "2003-05-14 17:01:40",
        "calendarYear": "2003",
        "period": "Q1",
        "revenue": 3278000,
        "costOfRevenue": 0,
        "grossProfit": 3278000,
        "grossProfitRatio": 1,
        "researchAndDevelopmentExpenses": 0,
        "generalAndAdministrativeExpenses": 240000,
        "sellingAndMarketingExpenses": 0,
        "sellingGeneralAndAdministrativeExpenses": 240000,
        "otherExpenses": 0,
        "operatingExpenses": 1592000,
        "costAndExpenses": 1592000,
        "interestIncome": 0,
        "interestExpense": 0,
        "depreciationAndAmortization": 1087000,
        "ebitda": 2773000,
        "ebitdaratio": 0.845942648,
        "operatingIncome": 1686000,
        "operatingIncomeRatio": 0.514338011,
        "totalOtherIncomeExpensesNet": 0,
        "incomeBeforeTax": 0,
        "incomeBeforeTaxRatio": 0,
        "incomeTaxExpense": 1382000,
        "netIncome": 304000,
        "netIncomeRatio": 0.0927394753,
        "eps": 0.48,
        "epsdiluted": 0.2,
        "weightedAverageShsOut": 633333,
        "weightedAverageShsOutDil": 633333,
        "link": "https://www.sec.gov/Archives/edgar/data/1063344/000101540203001819/0001015402-03-001819-index.htm",
        "finalLink": "https://www.sec.gov/Archives/edgar/data/1063344/000101540203001819/doc1.txt"
    },
    {
        "date": "2002-12-31",
        "symbol": "HT",
        "reportedCurrency": "USD",
        "cik": "0001063344",
        "fillingDate": "2003-03-31",
        "acceptedDate": "2003-03-31 17:21:18",
        "calendarYear": "2002",
        "period": "Q4",
        "revenue": 2768000,
        "costOfRevenue": 0,
        "grossProfit": 2768000,
        "grossProfitRatio": 1,
        "researchAndDevelopmentExpenses": 0,
        "generalAndAdministrativeExpenses": 110000,
        "sellingAndMarketingExpenses": 0,
        "sellingGeneralAndAdministrativeExpenses": 110000,
        "otherExpenses": 0,
        "operatingExpenses": 1641000,
        "costAndExpenses": 1641000,
        "interestIncome": 0,
        "interestExpense": 0,
        "depreciationAndAmortization": 1060000,
        "ebitda": 2187000,
        "ebitdaratio": 0.7901011561,
        "operatingIncome": 1127000,
        "operatingIncomeRatio": 0.4071531792,
        "totalOtherIncomeExpensesNet": 0,
        "incomeBeforeTax": 0,
        "incomeBeforeTaxRatio": 0,
        "incomeTaxExpense": 750000,
        "netIncome": 377000,
        "netIncomeRatio": 0.136199422,
        "eps": 0.56,
        "epsdiluted": 0.56,
        "weightedAverageShsOut": 673155,
        "weightedAverageShsOutDil": 673155,
        "link": "https://www.sec.gov/Archives/edgar/data/1063344/000101540203001018/0001015402-03-001018-index.htm",
        "finalLink": "https://www.sec.gov/Archives/edgar/data/1063344/000101540203001018/doc1.txt"
    },
    {
        "date": "2002-09-30",
        "symbol": "HT",
        "reportedCurrency": "USD",
        "cik": "0001063344",
        "fillingDate": "2002-11-14",
        "acceptedDate": "2002-11-14 14:23:56",
        "calendarYear": "2002",
        "period": "Q3",
        "revenue": 4670000,
        "costOfRevenue": 0,
        "grossProfit": 4670000,
        "grossProfitRatio": 1,
        "researchAndDevelopmentExpenses": 0,
        "generalAndAdministrativeExpenses": 98000,
        "sellingAndMarketingExpenses": 0,
        "sellingGeneralAndAdministrativeExpenses": 98000,
        "otherExpenses": 0,
        "operatingExpenses": 994000,
        "costAndExpenses": 994000,
        "interestIncome": 0,
        "interestExpense": 0,
        "depreciationAndAmortization": 1076000,
        "ebitda": 4752000,
        "ebitdaratio": 1.0175588865,
        "operatingIncome": 3676000,
        "operatingIncomeRatio": 0.7871520343,
        "totalOtherIncomeExpensesNet": 0,
        "incomeBeforeTax": 0,
        "incomeBeforeTaxRatio": 0,
        "incomeTaxExpense": 3379000,
        "netIncome": 297000,
        "netIncomeRatio": 0.0635974304,
        "eps": 0.48,
        "epsdiluted": 0.48,
        "weightedAverageShsOut": 643864,
        "weightedAverageShsOutDil": 643864,
        "link": "https://www.sec.gov/Archives/edgar/data/1063344/000101540202003782/0001015402-02-003782-index.htm",
        "finalLink": "https://www.sec.gov/Archives/edgar/data/1063344/000101540202003782/doc1.txt"
    },
    {
        "date": "2002-06-30",
        "symbol": "HT",
        "reportedCurrency": "USD",
        "cik": "0001063344",
        "fillingDate": "2002-08-14",
        "acceptedDate": "2002-08-14 14:45:11",
        "calendarYear": "2002",
        "period": "Q2",
        "revenue": 4039000,
        "costOfRevenue": 0,
        "grossProfit": 4039000,
        "grossProfitRatio": 1,
        "researchAndDevelopmentExpenses": 0,
        "generalAndAdministrativeExpenses": 207000,
        "sellingAndMarketingExpenses": 0,
        "sellingGeneralAndAdministrativeExpenses": 207000,
        "otherExpenses": 0,
        "operatingExpenses": 1530000,
        "costAndExpenses": 1530000,
        "interestIncome": 0,
        "interestExpense": 0,
        "depreciationAndAmortization": 1055000,
        "ebitda": 3564000,
        "ebitdaratio": 0.8823966328,
        "operatingIncome": 2509000,
        "operatingIncomeRatio": 0.6211933647,
        "totalOtherIncomeExpensesNet": 0,
        "incomeBeforeTax": 0,
        "incomeBeforeTaxRatio": 0,
        "incomeTaxExpense": 2201000,
        "netIncome": 308000,
        "netIncomeRatio": 0.0762564991,
        "eps": 0.48,
        "epsdiluted": 0.48,
        "weightedAverageShsOut": 643864,
        "weightedAverageShsOutDil": 643864,
        "link": "https://www.sec.gov/Archives/edgar/data/1063344/000101540202002767/0001015402-02-002767-index.htm",
        "finalLink": "https://www.sec.gov/Archives/edgar/data/1063344/000101540202002767/doc1.txt"
    },
    {
        "date": "2002-03-31",
        "symbol": "HT",
        "reportedCurrency": "USD",
        "cik": "0001063344",
        "fillingDate": "2002-05-15",
        "acceptedDate": "2002-05-15 12:19:54",
        "calendarYear": "2002",
        "period": "Q1",
        "revenue": 2971000,
        "costOfRevenue": 0,
        "grossProfit": 2971000,
        "grossProfitRatio": 1,
        "researchAndDevelopmentExpenses": 0,
        "generalAndAdministrativeExpenses": 152000,
        "sellingAndMarketingExpenses": 0,
        "sellingGeneralAndAdministrativeExpenses": 152000,
        "otherExpenses": 0,
        "operatingExpenses": 1417000,
        "costAndExpenses": 1417000,
        "interestIncome": 0,
        "interestExpense": 0,
        "depreciationAndAmortization": 1021000,
        "ebitda": 2575000,
        "ebitdaratio": 0.8667115449,
        "operatingIncome": 1554000,
        "operatingIncomeRatio": 0.52305621,
        "totalOtherIncomeExpensesNet": 0,
        "incomeBeforeTax": 0,
        "incomeBeforeTaxRatio": 0,
        "incomeTaxExpense": 1244000,
        "netIncome": 310000,
        "netIncomeRatio": 0.1043419724,
        "eps": 0.52,
        "epsdiluted": 0.16,
        "weightedAverageShsOut": 586930,
        "weightedAverageShsOutDil": 606307,
        "link": "https://www.sec.gov/Archives/edgar/data/1063344/000101540202001769/0001015402-02-001769-index.htm",
        "finalLink": "https://www.sec.gov/Archives/edgar/data/1063344/000101540202001769/doc1.txt"
    },
    {
        "date": "2001-12-31",
        "symbol": "HT",
        "reportedCurrency": "USD",
        "cik": "0001063344",
        "fillingDate": "2002-04-01",
        "acceptedDate": "2002-04-01 00:00:00",
        "calendarYear": "2001",
        "period": "Q4",
        "revenue": 3248000,
        "costOfRevenue": 0,
        "grossProfit": 3248000,
        "grossProfitRatio": 1,
        "researchAndDevelopmentExpenses": 0,
        "generalAndAdministrativeExpenses": 132000,
        "sellingAndMarketingExpenses": 0,
        "sellingGeneralAndAdministrativeExpenses": 132000,
        "otherExpenses": 0,
        "operatingExpenses": 1519000,
        "costAndExpenses": 1519000,
        "interestIncome": 0,
        "interestExpense": 0,
        "depreciationAndAmortization": 1141000,
        "ebitda": 2870000,
        "ebitdaratio": 0.8836206897,
        "operatingIncome": 1729000,
        "operatingIncomeRatio": 0.5323275862,
        "totalOtherIncomeExpensesNet": 0,
        "incomeBeforeTax": 0,
        "incomeBeforeTaxRatio": 0,
        "incomeTaxExpense": 1490000,
        "netIncome": 239000,
        "netIncomeRatio": 0.0735837438,
        "eps": 0.44,
        "epsdiluted": 0.44,
        "weightedAverageShsOut": 568750,
        "weightedAverageShsOutDil": 606307,
        "link": "https://www.sec.gov/Archives/edgar/data/1063344/000101540202001076/0001015402-02-001076-index.htm",
        "finalLink": "https://www.sec.gov/Archives/edgar/data/1063344/000101540202001076/doc1.txt"
    },
    {
        "date": "2001-09-30",
        "symbol": "HT",
        "reportedCurrency": "USD",
        "cik": "0001063344",
        "fillingDate": "2001-11-13",
        "acceptedDate": "2001-11-13 00:00:00",
        "calendarYear": "2001",
        "period": "Q3",
        "revenue": 4204000,
        "costOfRevenue": 0,
        "grossProfit": 4204000,
        "grossProfitRatio": 1,
        "researchAndDevelopmentExpenses": 0,
        "generalAndAdministrativeExpenses": 137000,
        "sellingAndMarketingExpenses": 0,
        "sellingGeneralAndAdministrativeExpenses": 137000,
        "otherExpenses": 0,
        "operatingExpenses": 1546000,
        "costAndExpenses": 1546000,
        "interestIncome": 0,
        "interestExpense": 0,
        "depreciationAndAmortization": 1132000,
        "ebitda": 3790000,
        "ebitdaratio": 0.9015223597,
        "operatingIncome": 2658000,
        "operatingIncomeRatio": 0.6322549952,
        "totalOtherIncomeExpensesNet": 0,
        "incomeBeforeTax": 0,
        "incomeBeforeTaxRatio": 0,
        "incomeTaxExpense": 2424000,
        "netIncome": 234000,
        "netIncomeRatio": 0.055661275,
        "eps": 0.4,
        "epsdiluted": 0.4,
        "weightedAverageShsOut": 568750,
        "weightedAverageShsOutDil": 606307,
        "link": "https://www.sec.gov/Archives/edgar/data/1063344/000101540201503338/0001015402-01-503338-index.htm",
        "finalLink": "https://www.sec.gov/Archives/edgar/data/1063344/000101540201503338/doc1.txt"
    },
    {
        "date": "2001-06-30",
        "symbol": "HT",
        "reportedCurrency": "USD",
        "cik": "0001063344",
        "fillingDate": "2001-08-14",
        "acceptedDate": "2001-08-14 00:00:00",
        "calendarYear": "2001",
        "period": "Q2",
        "revenue": 3634000,
        "costOfRevenue": 0,
        "grossProfit": 3634000,
        "grossProfitRatio": 1,
        "researchAndDevelopmentExpenses": 0,
        "generalAndAdministrativeExpenses": 149000,
        "sellingAndMarketingExpenses": 0,
        "sellingGeneralAndAdministrativeExpenses": 149000,
        "otherExpenses": 0,
        "operatingExpenses": 1514000,
        "costAndExpenses": 1514000,
        "interestIncome": 0,
        "interestExpense": 0,
        "depreciationAndAmortization": 1068000,
        "ebitda": 3188000,
        "ebitdaratio": 0.8772702256,
        "operatingIncome": 2120000,
        "operatingIncomeRatio": 0.5833791965,
        "totalOtherIncomeExpensesNet": 0,
        "incomeBeforeTax": 0,
        "incomeBeforeTaxRatio": 0,
        "incomeTaxExpense": 1875000,
        "netIncome": 245000,
        "netIncomeRatio": 0.0674188222,
        "eps": 0.44,
        "epsdiluted": 0.44,
        "weightedAverageShsOut": 568750,
        "weightedAverageShsOutDil": 606307,
        "link": "https://www.sec.gov/Archives/edgar/data/1063344/000101540201502313/0001015402-01-502313-index.htm",
        "finalLink": "https://www.sec.gov/Archives/edgar/data/1063344/000101540201502313/doc1.txt"
    },
    {
        "date": "2001-03-31",
        "symbol": "HT",
        "reportedCurrency": "USD",
        "cik": "0001063344",
        "fillingDate": "2001-05-14",
        "acceptedDate": "2001-05-14 00:00:00",
        "calendarYear": "2001",
        "period": "Q1",
        "revenue": 3002000,
        "costOfRevenue": 0,
        "grossProfit": 3002000,
        "grossProfitRatio": 1,
        "researchAndDevelopmentExpenses": 0,
        "generalAndAdministrativeExpenses": 137000,
        "sellingAndMarketingExpenses": 0,
        "sellingGeneralAndAdministrativeExpenses": 137000,
        "otherExpenses": 0,
        "operatingExpenses": 1510000,
        "costAndExpenses": 1510000,
        "interestIncome": 0,
        "interestExpense": 0,
        "depreciationAndAmortization": 1135000,
        "ebitda": 2627000,
        "ebitdaratio": 0.8750832778,
        "operatingIncome": 1492000,
        "operatingIncomeRatio": 0.4970019987,
        "totalOtherIncomeExpensesNet": 0,
        "incomeBeforeTax": 0,
        "incomeBeforeTaxRatio": 0,
        "incomeTaxExpense": 1376000,
        "netIncome": 116000,
        "netIncomeRatio": 0.0386409061,
        "eps": 0.2,
        "epsdiluted": 0.08,
        "weightedAverageShsOut": 568750,
        "weightedAverageShsOutDil": 606307,
        "link": "https://www.sec.gov/Archives/edgar/data/1063344/000091664101500351/0000916641-01-500351-index.htm",
        "finalLink": "https://www.sec.gov/Archives/edgar/data/1063344/000091664101500351/d10q.txt"
    },
    {
        "date": "2000-12-31",
        "symbol": "HT",
        "reportedCurrency": "USD",
        "cik": "0001063344",
        "fillingDate": "2001-04-02",
        "acceptedDate": "2001-04-02 00:00:00",
        "calendarYear": "2000",
        "period": "Q4",
        "revenue": 3569000,
        "costOfRevenue": 0,
        "grossProfit": 3569000,
        "grossProfitRatio": 1,
        "researchAndDevelopmentExpenses": 0,
        "generalAndAdministrativeExpenses": 143000,
        "sellingAndMarketingExpenses": 0,
        "sellingGeneralAndAdministrativeExpenses": 143000,
        "otherExpenses": 0,
        "operatingExpenses": 1568000,
        "costAndExpenses": 1568000,
        "interestIncome": 0,
        "interestExpense": 0,
        "depreciationAndAmortization": 1102000,
        "ebitda": 3103000,
        "ebitdaratio": 0.8694312132,
        "operatingIncome": 2108000,
        "operatingIncomeRatio": 0.5906416363,
        "totalOtherIncomeExpensesNet": 0,
        "incomeBeforeTax": 0,
        "incomeBeforeTaxRatio": 0,
        "incomeTaxExpense": 1924000,
        "netIncome": 77000,
        "netIncomeRatio": 0.0215746708,
        "eps": 0.12,
        "epsdiluted": 0.12,
        "weightedAverageShsOut": 568750,
        "weightedAverageShsOutDil": 606307,
        "link": "https://www.sec.gov/Archives/edgar/data/1063344/000091664101000483/0000916641-01-000483-index.htm",
        "finalLink": "https://www.sec.gov/Archives/edgar/data/1063344/000091664101000483/0000916641-01-000483-0001.txt"
    },
    {
        "date": "2000-09-30",
        "symbol": "HT",
        "reportedCurrency": "USD",
        "cik": "0001063344",
        "fillingDate": "2000-11-13",
        "acceptedDate": "2000-11-13 00:00:00",
        "calendarYear": "2000",
        "period": "Q3",
        "revenue": 3687000,
        "costOfRevenue": 0,
        "grossProfit": 3687000,
        "grossProfitRatio": 1,
        "researchAndDevelopmentExpenses": 0,
        "generalAndAdministrativeExpenses": 147000,
        "sellingAndMarketingExpenses": 0,
        "sellingGeneralAndAdministrativeExpenses": 147000,
        "otherExpenses": 0,
        "operatingExpenses": 1370000,
        "costAndExpenses": 1370000,
        "interestIncome": 0,
        "interestExpense": 0,
        "depreciationAndAmortization": 1032000,
        "ebitda": 3349000,
        "ebitdaratio": 0.9083265528,
        "operatingIncome": 2317000,
        "operatingIncomeRatio": 0.6284241931,
        "totalOtherIncomeExpensesNet": 0,
        "incomeBeforeTax": 0,
        "incomeBeforeTaxRatio": 0,
        "incomeTaxExpense": 2048000,
        "netIncome": 269000,
        "netIncomeRatio": 0.0729590453,
        "eps": 0.48,
        "epsdiluted": 0.48,
        "weightedAverageShsOut": 568750,
        "weightedAverageShsOutDil": 606307,
        "link": "https://www.sec.gov/Archives/edgar/data/1063344/000091664100001655/0000916641-00-001655-index.htm",
        "finalLink": "https://www.sec.gov/Archives/edgar/data/1063344/000091664100001655/0000916641-00-001655-0001.txt"
    },
    {
        "date": "2000-06-30",
        "symbol": "HT",
        "reportedCurrency": "USD",
        "cik": "0001063344",
        "fillingDate": "2000-08-14",
        "acceptedDate": "2000-08-14 00:00:00",
        "calendarYear": "2000",
        "period": "Q2",
        "revenue": 3216000,
        "costOfRevenue": 0,
        "grossProfit": 3216000,
        "grossProfitRatio": 1,
        "researchAndDevelopmentExpenses": 0,
        "generalAndAdministrativeExpenses": 134000,
        "sellingAndMarketingExpenses": 0,
        "sellingGeneralAndAdministrativeExpenses": 134000,
        "otherExpenses": 0,
        "operatingExpenses": 1308000,
        "costAndExpenses": 1308000,
        "interestIncome": 0,
        "interestExpense": 0,
        "depreciationAndAmortization": 961000,
        "ebitda": 2869000,
        "ebitdaratio": 0.89210199,
        "operatingIncome": 1908000,
        "operatingIncomeRatio": 0.5932835821,
        "totalOtherIncomeExpensesNet": 0,
        "incomeBeforeTax": 0,
        "incomeBeforeTaxRatio": 0,
        "incomeTaxExpense": 1701000,
        "netIncome": 207000,
        "netIncomeRatio": 0.0643656716,
        "eps": 0.36,
        "epsdiluted": 0.36,
        "weightedAverageShsOut": 568750,
        "weightedAverageShsOutDil": 568750,
        "link": "https://www.sec.gov/Archives/edgar/data/1063344/000091664100001159/0000916641-00-001159-index.htm",
        "finalLink": "https://www.sec.gov/Archives/edgar/data/1063344/000091664100001159/0000916641-00-001159-0001.txt"
    },
    {
        "date": "2000-03-31",
        "symbol": "HT",
        "reportedCurrency": "USD",
        "cik": "0001063344",
        "fillingDate": "2000-05-15",
        "acceptedDate": "2000-05-15 00:00:00",
        "calendarYear": "2000",
        "period": "Q1",
        "revenue": 2353000,
        "costOfRevenue": 0,
        "grossProfit": 2353000,
        "grossProfitRatio": 1,
        "researchAndDevelopmentExpenses": 0,
        "generalAndAdministrativeExpenses": 166000,
        "sellingAndMarketingExpenses": 0,
        "sellingGeneralAndAdministrativeExpenses": 166000,
        "otherExpenses": 0,
        "operatingExpenses": 1112000,
        "costAndExpenses": 1112000,
        "interestIncome": 0,
        "interestExpense": 0,
        "depreciationAndAmortization": 797000,
        "ebitda": 2145000,
        "ebitdaratio": 0.9116022099,
        "operatingIncome": 1134000,
        "operatingIncomeRatio": 0.4819379516,
        "totalOtherIncomeExpensesNet": -107000,
        "incomeBeforeTax": 1027000,
        "incomeBeforeTaxRatio": 0.4364640884,
        "incomeTaxExpense": 947000,
        "netIncome": 294000,
        "netIncomeRatio": 0.1249468763,
        "eps": 0.52,
        "epsdiluted": 0.2,
        "weightedAverageShsOut": 568750,
        "weightedAverageShsOutDil": 568750,
        "link": "https://www.sec.gov/Archives/edgar/data/1063344/000091664100000697/0000916641-00-000697-index.html",
        "finalLink": "https://www.sec.gov/Archives/edgar/data/1063344/000091664100000697/"
    },
    {
        "date": "1999-12-31",
        "symbol": "HT",
        "reportedCurrency": "USD",
        "cik": "0001063344",
        "fillingDate": "2000-03-30",
        "acceptedDate": "2000-03-30 00:00:00",
        "calendarYear": "1999",
        "period": "Q4",
        "revenue": 2170000,
        "costOfRevenue": 0,
        "grossProfit": 2170000,
        "grossProfitRatio": 1,
        "researchAndDevelopmentExpenses": 0,
        "generalAndAdministrativeExpenses": 63000,
        "sellingAndMarketingExpenses": 0,
        "sellingGeneralAndAdministrativeExpenses": 63000,
        "otherExpenses": 0,
        "operatingExpenses": 4597000,
        "costAndExpenses": 4597000,
        "interestIncome": 0,
        "interestExpense": 0,
        "depreciationAndAmortization": 664000,
        "ebitda": -1763000,
        "ebitdaratio": -0.8124423963,
        "operatingIncome": -2427000,
        "operatingIncomeRatio": -1.1184331797,
        "totalOtherIncomeExpensesNet": 0,
        "incomeBeforeTax": 0,
        "incomeBeforeTaxRatio": 0,
        "incomeTaxExpense": -2765000,
        "netIncome": 338000,
        "netIncomeRatio": 0.1557603687,
        "eps": 0.56,
        "epsdiluted": 0.56,
        "weightedAverageShsOut": 608333,
        "weightedAverageShsOutDil": 608333,
        "link": "https://www.sec.gov/Archives/edgar/data/1063344/000091664100000428/0000916641-00-000428-index.html",
        "finalLink": "https://www.sec.gov/Archives/edgar/data/1063344/000091664100000428/"
    },
    {
        "date": "1999-09-30",
        "symbol": "HT",
        "reportedCurrency": "USD",
        "cik": "0001063344",
        "fillingDate": "1999-11-15",
        "acceptedDate": "1999-11-15 00:00:00",
        "calendarYear": "1999",
        "period": "Q3",
        "revenue": 2100000,
        "costOfRevenue": 0,
        "grossProfit": 2100000,
        "grossProfitRatio": 1,
        "researchAndDevelopmentExpenses": 0,
        "generalAndAdministrativeExpenses": 100000,
        "sellingAndMarketingExpenses": 0,
        "sellingGeneralAndAdministrativeExpenses": 100000,
        "otherExpenses": 0,
        "operatingExpenses": -700000,
        "costAndExpenses": -700000,
        "interestIncome": 0,
        "interestExpense": 0,
        "depreciationAndAmortization": 600000,
        "ebitda": 3400000,
        "ebitdaratio": 1.619047619,
        "operatingIncome": 2800000,
        "operatingIncomeRatio": 1.3333333333,
        "totalOtherIncomeExpensesNet": 0,
        "incomeBeforeTax": 0,
        "incomeBeforeTaxRatio": 0,
        "incomeTaxExpense": 2400000,
        "netIncome": 400000,
        "netIncomeRatio": 0.1904761905,
        "eps": 0.64,
        "epsdiluted": 0.64,
        "weightedAverageShsOut": 625000,
        "weightedAverageShsOutDil": 625000,
        "link": "https://www.sec.gov/Archives/edgar/data/1063344/000091664199000907/0000916641-99-000907-index.html",
        "finalLink": "https://www.sec.gov/Archives/edgar/data/1063344/000091664199000907/"
    },
    {
        "date": "1999-06-30",
        "symbol": "HT",
        "reportedCurrency": "USD",
        "cik": "0001063344",
        "fillingDate": "1999-08-16",
        "acceptedDate": "1999-08-16 00:00:00",
        "calendarYear": "1999",
        "period": "Q2",
        "revenue": 1900000,
        "costOfRevenue": 0,
        "grossProfit": 1900000,
        "grossProfitRatio": 1,
        "researchAndDevelopmentExpenses": 0,
        "generalAndAdministrativeExpenses": 100000,
        "sellingAndMarketingExpenses": 0,
        "sellingGeneralAndAdministrativeExpenses": 100000,
        "otherExpenses": 0,
        "operatingExpenses": -600000,
        "costAndExpenses": -600000,
        "interestIncome": 0,
        "interestExpense": 0,
        "depreciationAndAmortization": 500000,
        "ebitda": 3000000,
        "ebitdaratio": 1.5789473684,
        "operatingIncome": 2500000,
        "operatingIncomeRatio": 1.3157894737,
        "totalOtherIncomeExpensesNet": 0,
        "incomeBeforeTax": 0,
        "incomeBeforeTaxRatio": 0,
        "incomeTaxExpense": 2100000,
        "netIncome": 400000,
        "netIncomeRatio": 0.2105263158,
        "eps": 0.68,
        "epsdiluted": 0.56,
        "weightedAverageShsOut": 588235,
        "weightedAverageShsOutDil": 714286,
        "link": "https://www.sec.gov/Archives/edgar/data/1063344/000091664199000710/0000916641-99-000710-index.html",
        "finalLink": "https://www.sec.gov/Archives/edgar/data/1063344/000091664199000710/"
    },
    {
        "date": "1999-03-31",
        "symbol": "HT",
        "reportedCurrency": "USD",
        "cik": "0001063344",
        "fillingDate": "1999-05-17",
        "acceptedDate": "1999-05-17 00:00:00",
        "calendarYear": "1999",
        "period": "Q1",
        "revenue": 1200000,
        "costOfRevenue": 0,
        "grossProfit": 1200000,
        "grossProfitRatio": 1,
        "researchAndDevelopmentExpenses": 0,
        "generalAndAdministrativeExpenses": 100000,
        "sellingAndMarketingExpenses": 0,
        "sellingGeneralAndAdministrativeExpenses": 100000,
        "otherExpenses": 0,
        "operatingExpenses": -400000,
        "costAndExpenses": -400000,
        "interestIncome": 0,
        "interestExpense": 0,
        "depreciationAndAmortization": 300000,
        "ebitda": 1900000,
        "ebitdaratio": 1.5833333333,
        "operatingIncome": 1600000,
        "operatingIncomeRatio": 1.3333333333,
        "totalOtherIncomeExpensesNet": 0,
        "incomeBeforeTax": 0,
        "incomeBeforeTaxRatio": 0,
        "incomeTaxExpense": 1300000,
        "netIncome": 300000,
        "netIncomeRatio": 0.25,
        "eps": 0.48,
        "epsdiluted": 0.28,
        "weightedAverageShsOut": 625000,
        "weightedAverageShsOutDil": 625000,
        "link": "https://www.sec.gov/Archives/edgar/data/1063344/000091664199000460/0000916641-99-000460-index.html",
        "finalLink": "https://www.sec.gov/Archives/edgar/data/1063344/"
    }
]