[
    {
        "date": "2025-09-30",
        "symbol": "HWC",
        "reportedCurrency": "USD",
        "cik": "0000750577",
        "fillingDate": "2025-10-14",
        "acceptedDate": "2025-10-14 16:01:06",
        "calendarYear": "2025",
        "period": "Q3",
        "revenue": 515021000,
        "costOfRevenue": 141933000,
        "grossProfit": 373088000,
        "grossProfitRatio": 0.7244131793,
        "researchAndDevelopmentExpenses": 0,
        "generalAndAdministrativeExpenses": 53188250,
        "sellingAndMarketingExpenses": 53188250,
        "sellingGeneralAndAdministrativeExpenses": 106376500,
        "otherExpenses": 106376500,
        "operatingExpenses": 212753000,
        "costAndExpenses": 354686000,
        "interestIncome": 282309000,
        "interestExpense": 131362000,
        "depreciationAndAmortization": 0,
        "ebitda": 160335000,
        "ebitdaratio": 0.3113174026,
        "operatingIncome": 160335000,
        "operatingIncomeRatio": 0.3113174026,
        "totalOtherIncomeExpensesNet": 0,
        "incomeBeforeTax": 160335000,
        "incomeBeforeTaxRatio": 0.3113174026,
        "incomeTaxExpense": 32869000,
        "netIncome": 127466000,
        "netIncomeRatio": 0.247496704,
        "eps": 1.49,
        "epsdiluted": 1.49,
        "weightedAverageShsOut": 85453000,
        "weightedAverageShsOutDil": 85453000,
        "link": "https://www.sec.gov/Archives/edgar/data/750577/000119312525238979/0001193125-25-238979-index.htm",
        "finalLink": "https://www.sec.gov/Archives/edgar/data/750577/000119312525238979/hwc-ex99_1.htm"
    },
    {
        "date": "2025-06-30",
        "symbol": "HWC",
        "reportedCurrency": "USD",
        "cik": "0000750577",
        "fillingDate": "2025-08-07",
        "acceptedDate": "2025-08-07 16:40:04",
        "calendarYear": "2025",
        "period": "Q2",
        "revenue": 500069000,
        "costOfRevenue": 140547000,
        "grossProfit": 359522000,
        "grossProfitRatio": 0.7189447856,
        "researchAndDevelopmentExpenses": 0,
        "generalAndAdministrativeExpenses": 117427000,
        "sellingAndMarketingExpenses": 2988000,
        "sellingGeneralAndAdministrativeExpenses": 120415000,
        "otherExpenses": 94528000,
        "operatingExpenses": 214943000,
        "costAndExpenses": 355490000,
        "interestIncome": 402581000,
        "interestExpense": 125622000,
        "depreciationAndAmortization": 9753000,
        "ebitda": 154332000,
        "ebitdaratio": 0.3086214102,
        "operatingIncome": 144579000,
        "operatingIncomeRatio": 0.2891181017,
        "totalOtherIncomeExpensesNet": 0,
        "incomeBeforeTax": 144579000,
        "incomeBeforeTaxRatio": 0.2891181017,
        "incomeTaxExpense": 31048000,
        "netIncome": 113531000,
        "netIncomeRatio": 0.2270306698,
        "eps": 1.32,
        "epsdiluted": 1.32,
        "weightedAverageShsOut": 86203000,
        "weightedAverageShsOutDil": 86203000,
        "link": "https://www.sec.gov/Archives/edgar/data/750577/000095017025105138/0000950170-25-105138-index.htm",
        "finalLink": "https://www.sec.gov/Archives/edgar/data/750577/000095017025105138/hwc-20250630.htm"
    },
    {
        "date": "2025-03-31",
        "symbol": "HWC",
        "reportedCurrency": "USD",
        "cik": "0000750577",
        "fillingDate": "2025-05-09",
        "acceptedDate": "2025-05-08 17:36:57",
        "calendarYear": "2025",
        "period": "Q1",
        "revenue": 488255000,
        "costOfRevenue": 135878000,
        "grossProfit": 352377000,
        "grossProfitRatio": 0.721706895,
        "researchAndDevelopmentExpenses": 0,
        "generalAndAdministrativeExpenses": 115489000,
        "sellingAndMarketingExpenses": 3015000,
        "sellingGeneralAndAdministrativeExpenses": 118504000,
        "otherExpenses": 84698000,
        "operatingExpenses": 203202000,
        "costAndExpenses": 339080000,
        "interestIncome": 395321000,
        "interestExpense": 125416000,
        "depreciationAndAmortization": 9905000,
        "ebitda": 159080000,
        "ebitdaratio": 0.3258133557,
        "operatingIncome": 149175000,
        "operatingIncomeRatio": 0.3055268251,
        "totalOtherIncomeExpensesNet": 0,
        "incomeBeforeTax": 149175000,
        "incomeBeforeTaxRatio": 0.3055268251,
        "incomeTaxExpense": 29671000,
        "netIncome": 119504000,
        "netIncomeRatio": 0.2447573502,
        "eps": 1.38,
        "epsdiluted": 1.38,
        "weightedAverageShsOut": 86462000,
        "weightedAverageShsOutDil": 86462000,
        "link": "https://www.sec.gov/Archives/edgar/data/750577/000095017025067254/0000950170-25-067254-index.htm",
        "finalLink": "https://www.sec.gov/Archives/edgar/data/750577/000095017025067254/hwc-20250331.htm"
    },
    {
        "date": "2024-12-31",
        "symbol": "HWC",
        "reportedCurrency": "USD",
        "cik": "0000750577",
        "fillingDate": "2025-02-27",
        "acceptedDate": "2025-02-26 17:50:42",
        "calendarYear": "2024",
        "period": "Q4",
        "revenue": 504440000,
        "costOfRevenue": 152642000,
        "grossProfit": 351798000,
        "grossProfitRatio": 0.6974030608,
        "researchAndDevelopmentExpenses": 0,
        "generalAndAdministrativeExpenses": 113128000,
        "sellingAndMarketingExpenses": 3789000,
        "sellingGeneralAndAdministrativeExpenses": 116917000,
        "otherExpenses": 84361000,
        "operatingExpenses": 201278000,
        "costAndExpenses": 353920000,
        "interestIncome": 414286000,
        "interestExpense": 140730000,
        "depreciationAndAmortization": 9977000,
        "ebitda": 160497000,
        "ebitdaratio": 0.3181686623,
        "operatingIncome": 150520000,
        "operatingIncomeRatio": 0.2983902942,
        "totalOtherIncomeExpensesNet": 0,
        "incomeBeforeTax": 150520000,
        "incomeBeforeTaxRatio": 0.2983902942,
        "incomeTaxExpense": 28446000,
        "netIncome": 122074000,
        "netIncomeRatio": 0.2419990484,
        "eps": 1.41,
        "epsdiluted": 1.4,
        "weightedAverageShsOut": 86346000,
        "weightedAverageShsOutDil": 86602000,
        "link": "https://www.sec.gov/Archives/edgar/data/750577/000095017025028009/0000950170-25-028009-index.htm",
        "finalLink": "https://www.sec.gov/Archives/edgar/data/750577/000095017025028009/hwc-20241231.htm"
    },
    {
        "date": "2024-09-30",
        "symbol": "HWC",
        "reportedCurrency": "USD",
        "cik": "0000750577",
        "fillingDate": "2024-11-07",
        "acceptedDate": "2024-11-07 16:07:29",
        "calendarYear": "2024",
        "period": "Q3",
        "revenue": 522428000,
        "costOfRevenue": 176276000,
        "grossProfit": 346152000,
        "grossProfitRatio": 0.6625831694,
        "researchAndDevelopmentExpenses": 0,
        "generalAndAdministrativeExpenses": 116855000,
        "sellingAndMarketingExpenses": 3331000,
        "sellingGeneralAndAdministrativeExpenses": 120186000,
        "otherExpenses": 80710000,
        "operatingExpenses": 200896000,
        "costAndExpenses": 377172000,
        "interestIncome": 429476000,
        "interestExpense": 157712000,
        "depreciationAndAmortization": 10453000,
        "ebitda": 155709000,
        "ebitdaratio": 0.2980487263,
        "operatingIncome": 145256000,
        "operatingIncomeRatio": 0.2780402276,
        "totalOtherIncomeExpensesNet": 0,
        "incomeBeforeTax": 145256000,
        "incomeBeforeTaxRatio": 0.2780402276,
        "incomeTaxExpense": 29684000,
        "netIncome": 115572000,
        "netIncomeRatio": 0.2212209147,
        "eps": 1.33,
        "epsdiluted": 1.33,
        "weightedAverageShsOut": 86234000,
        "weightedAverageShsOutDil": 86560000,
        "link": "https://www.sec.gov/Archives/edgar/data/750577/000095017024123302/0000950170-24-123302-index.htm",
        "finalLink": "https://www.sec.gov/Archives/edgar/data/750577/000095017024123302/hwc-20240930.htm"
    },
    {
        "date": "2024-06-30",
        "symbol": "HWC",
        "reportedCurrency": "USD",
        "cik": "0000750577",
        "fillingDate": "2024-08-07",
        "acceptedDate": "2024-08-07 16:55:53",
        "calendarYear": "2024",
        "period": "Q2",
        "revenue": 515676000,
        "costOfRevenue": 165838000,
        "grossProfit": 349838000,
        "grossProfitRatio": 0.6784065964,
        "researchAndDevelopmentExpenses": 0,
        "generalAndAdministrativeExpenses": 120227000,
        "sellingAndMarketingExpenses": 3271000,
        "sellingGeneralAndAdministrativeExpenses": 123498000,
        "otherExpenses": 81475000,
        "operatingExpenses": 204973000,
        "costAndExpenses": 370811000,
        "interestIncome": 427545000,
        "interestExpense": 157115000,
        "depreciationAndAmortization": 10582000,
        "ebitda": 155447000,
        "ebitdaratio": 0.3014431542,
        "operatingIncome": 144865000,
        "operatingIncomeRatio": 0.2809225172,
        "totalOtherIncomeExpensesNet": 0,
        "incomeBeforeTax": 144865000,
        "incomeBeforeTaxRatio": 0.2809225172,
        "incomeTaxExpense": 30308000,
        "netIncome": 114557000,
        "netIncomeRatio": 0.2221491789,
        "eps": 1.31,
        "epsdiluted": 1.31,
        "weightedAverageShsOut": 86765000,
        "weightedAverageShsOutDil": 86765000,
        "link": "https://www.sec.gov/Archives/edgar/data/750577/000095017024092942/0000950170-24-092942-index.htm",
        "finalLink": "https://www.sec.gov/Archives/edgar/data/750577/000095017024092942/hwc-20240630.htm"
    },
    {
        "date": "2024-03-31",
        "symbol": "HWC",
        "reportedCurrency": "USD",
        "cik": "0000750577",
        "fillingDate": "2024-05-08",
        "acceptedDate": "2024-05-08 17:24:29",
        "calendarYear": "2024",
        "period": "Q1",
        "revenue": 506756000,
        "costOfRevenue": 168481000,
        "grossProfit": 338275000,
        "grossProfitRatio": 0.6675303302,
        "researchAndDevelopmentExpenses": 0,
        "generalAndAdministrativeExpenses": 125264000,
        "sellingAndMarketingExpenses": 2907000,
        "sellingGeneralAndAdministrativeExpenses": 128171000,
        "otherExpenses": 76772000,
        "operatingExpenses": 204943000,
        "costAndExpenses": 373424000,
        "interestIncome": 421684000,
        "interestExpense": 155513000,
        "depreciationAndAmortization": 10702000,
        "ebitda": 144034000,
        "ebitdaratio": 0.2842275178,
        "operatingIncome": 133332000,
        "operatingIncomeRatio": 0.2631088729,
        "totalOtherIncomeExpensesNet": 0,
        "incomeBeforeTax": 133332000,
        "incomeBeforeTaxRatio": 0.2631088729,
        "incomeTaxExpense": 24720000,
        "netIncome": 108612000,
        "netIncomeRatio": 0.2143280001,
        "eps": 1.25,
        "epsdiluted": 1.24,
        "weightedAverageShsOut": 86521000,
        "weightedAverageShsOutDil": 86726000,
        "link": "https://www.sec.gov/Archives/edgar/data/750577/000095017024055917/0000950170-24-055917-index.htm",
        "finalLink": "https://www.sec.gov/Archives/edgar/data/750577/000095017024055917/hwc-20240331.htm"
    },
    {
        "date": "2023-12-31",
        "symbol": "HWC",
        "reportedCurrency": "USD",
        "cik": "0000750577",
        "fillingDate": "2024-02-28",
        "acceptedDate": "2024-02-28 17:10:58",
        "calendarYear": "2023",
        "period": "Q4",
        "revenue": 446357000,
        "costOfRevenue": 174286000,
        "grossProfit": 272071000,
        "grossProfitRatio": 0.6095367609,
        "researchAndDevelopmentExpenses": 0,
        "generalAndAdministrativeExpenses": 142822000,
        "sellingAndMarketingExpenses": 3101000,
        "sellingGeneralAndAdministrativeExpenses": 145923000,
        "otherExpenses": 63840000,
        "operatingExpenses": 209763000,
        "costAndExpenses": 384049000,
        "interestIncome": 426794000,
        "interestExpense": 157334000,
        "depreciationAndAmortization": 11209000,
        "ebitda": 73517000,
        "ebitdaratio": 0.1647044854,
        "operatingIncome": 62308000,
        "operatingIncomeRatio": 0.1395922994,
        "totalOtherIncomeExpensesNet": 0,
        "incomeBeforeTax": 62308000,
        "incomeBeforeTaxRatio": 0.1395922994,
        "incomeTaxExpense": 11705000,
        "netIncome": 50603000,
        "netIncomeRatio": 0.1133688953,
        "eps": 0.58,
        "epsdiluted": 0.58,
        "weightedAverageShsOut": 86455000,
        "weightedAverageShsOutDil": 86604000,
        "link": "https://www.sec.gov/Archives/edgar/data/750577/000095017024022252/0000950170-24-022252-index.htm",
        "finalLink": "https://www.sec.gov/Archives/edgar/data/750577/000095017024022252/hwc-20231231.htm"
    },
    {
        "date": "2023-09-30",
        "symbol": "HWC",
        "reportedCurrency": "USD",
        "cik": "0000750577",
        "fillingDate": "2023-11-03",
        "acceptedDate": "2023-11-02 18:54:53",
        "calendarYear": "2023",
        "period": "Q3",
        "revenue": 500504000,
        "costOfRevenue": 175091000,
        "grossProfit": 325413000,
        "grossProfitRatio": 0.650170628,
        "researchAndDevelopmentExpenses": 0,
        "generalAndAdministrativeExpenses": 118889000,
        "sellingAndMarketingExpenses": 3621000,
        "sellingGeneralAndAdministrativeExpenses": 122510000,
        "otherExpenses": 80868000,
        "operatingExpenses": 203378000,
        "costAndExpenses": 378469000,
        "interestIncome": 415827000,
        "interestExpense": 146593000,
        "depreciationAndAmortization": 11482000,
        "ebitda": 133517000,
        "ebitdaratio": 0.2667651008,
        "operatingIncome": 122035000,
        "operatingIncomeRatio": 0.2438242252,
        "totalOtherIncomeExpensesNet": 0,
        "incomeBeforeTax": 122035000,
        "incomeBeforeTaxRatio": 0.2438242252,
        "incomeTaxExpense": 24297000,
        "netIncome": 97738000,
        "netIncomeRatio": 0.1952791586,
        "eps": 1.12,
        "epsdiluted": 1.12,
        "weightedAverageShsOut": 86437000,
        "weightedAverageShsOutDil": 86437000,
        "link": "https://www.sec.gov/Archives/edgar/data/750577/000095017023058447/0000950170-23-058447-index.htm",
        "finalLink": "https://www.sec.gov/Archives/edgar/data/750577/000095017023058447/hwc-20230930.htm"
    },
    {
        "date": "2023-06-30",
        "symbol": "HWC",
        "reportedCurrency": "USD",
        "cik": "0000750577",
        "fillingDate": "2023-08-04",
        "acceptedDate": "2023-08-04 17:06:51",
        "calendarYear": "2023",
        "period": "Q2",
        "revenue": 487892000,
        "costOfRevenue": 138995000,
        "grossProfit": 348897000,
        "grossProfitRatio": 0.7151111312,
        "researchAndDevelopmentExpenses": 0,
        "generalAndAdministrativeExpenses": 118015000,
        "sellingAndMarketingExpenses": 3476000,
        "sellingGeneralAndAdministrativeExpenses": 121491000,
        "otherExpenses": 80041000,
        "operatingExpenses": 201532000,
        "costAndExpenses": 340527000,
        "interestIncome": 405273000,
        "interestExpense": 131362000,
        "depreciationAndAmortization": 11906000,
        "ebitda": 159271000,
        "ebitdaratio": 0.3264472465,
        "operatingIncome": 147365000,
        "operatingIncomeRatio": 0.3020443049,
        "totalOtherIncomeExpensesNet": 0,
        "incomeBeforeTax": 147365000,
        "incomeBeforeTaxRatio": 0.3020443049,
        "incomeTaxExpense": 29571000,
        "netIncome": 117794000,
        "netIncomeRatio": 0.2414345798,
        "eps": 1.35,
        "epsdiluted": 1.35,
        "weightedAverageShsOut": 87255000,
        "weightedAverageShsOutDil": 87255000,
        "link": "https://www.sec.gov/Archives/edgar/data/750577/000095017023038637/0000950170-23-038637-index.htm",
        "finalLink": "https://www.sec.gov/Archives/edgar/data/750577/000095017023038637/hwc-20230630.htm"
    },
    {
        "date": "2023-03-31",
        "symbol": "HWC",
        "reportedCurrency": "USD",
        "cik": "0000750577",
        "fillingDate": "2023-05-05",
        "acceptedDate": "2023-05-04 18:22:22",
        "calendarYear": "2023",
        "period": "Q1",
        "revenue": 452526000,
        "costOfRevenue": 93629000,
        "grossProfit": 358897000,
        "grossProfitRatio": 0.7930969712,
        "researchAndDevelopmentExpenses": 0,
        "generalAndAdministrativeExpenses": 117588000,
        "sellingAndMarketingExpenses": 3256000,
        "sellingGeneralAndAdministrativeExpenses": 120844000,
        "otherExpenses": 79633000,
        "operatingExpenses": 200477000,
        "costAndExpenses": 294106000,
        "interestIncome": 372603000,
        "interestExpense": 87609000,
        "depreciationAndAmortization": 11679000,
        "ebitda": 170099000,
        "ebitdaratio": 0.3758877943,
        "operatingIncome": 158420000,
        "operatingIncomeRatio": 0.3500793325,
        "totalOtherIncomeExpensesNet": 0,
        "incomeBeforeTax": 158420000,
        "incomeBeforeTaxRatio": 0.3500793325,
        "incomeTaxExpense": 31953000,
        "netIncome": 126467000,
        "netIncomeRatio": 0.279469025,
        "eps": 1.45,
        "epsdiluted": 1.45,
        "weightedAverageShsOut": 87219000,
        "weightedAverageShsOutDil": 87219000,
        "link": "https://www.sec.gov/Archives/edgar/data/750577/000095017023018025/0000950170-23-018025-index.htm",
        "finalLink": "https://www.sec.gov/Archives/edgar/data/750577/000095017023018025/hwc-20230331.htm"
    },
    {
        "date": "2022-12-31",
        "symbol": "HWC",
        "reportedCurrency": "USD",
        "cik": "0000750577",
        "fillingDate": "2023-02-27",
        "acceptedDate": "2023-02-24 19:05:16",
        "calendarYear": "2022",
        "period": "Q4",
        "revenue": 422740000,
        "costOfRevenue": 52662000,
        "grossProfit": 370078000,
        "grossProfitRatio": 0.8754269764,
        "researchAndDevelopmentExpenses": 0,
        "generalAndAdministrativeExpenses": 30819000,
        "sellingAndMarketingExpenses": 3572000,
        "sellingGeneralAndAdministrativeExpenses": 34391000,
        "otherExpenses": 155763000,
        "operatingExpenses": 190154000,
        "costAndExpenses": 242816000,
        "interestIncome": 345676000,
        "interestExpense": 50175000,
        "depreciationAndAmortization": 11643000,
        "ebitda": 191567000,
        "ebitdaratio": 0.4531556039,
        "operatingIncome": 179924000,
        "operatingIncomeRatio": 0.4256138525,
        "totalOtherIncomeExpensesNet": 0,
        "incomeBeforeTax": 179924000,
        "incomeBeforeTaxRatio": 0.4256138525,
        "incomeTaxExpense": 36137000,
        "netIncome": 143787000,
        "netIncomeRatio": 0.3401310498,
        "eps": 1.65,
        "epsdiluted": 1.65,
        "weightedAverageShsOut": 87144000,
        "weightedAverageShsOutDil": 87144000,
        "link": "https://www.sec.gov/Archives/edgar/data/750577/000095017023004433/0000950170-23-004433-index.htm",
        "finalLink": "https://www.sec.gov/Archives/edgar/data/750577/000095017023004433/hwc-20221231.htm"
    },
    {
        "date": "2022-09-30",
        "symbol": "HWC",
        "reportedCurrency": "USD",
        "cik": "0000750577",
        "fillingDate": "2022-11-03",
        "acceptedDate": "2022-11-03 16:20:07",
        "calendarYear": "2022",
        "period": "Q3",
        "revenue": 385074000,
        "costOfRevenue": 20832000,
        "grossProfit": 364242000,
        "grossProfitRatio": 0.9459013073,
        "researchAndDevelopmentExpenses": 0,
        "generalAndAdministrativeExpenses": 114948000,
        "sellingAndMarketingExpenses": 3533000,
        "sellingGeneralAndAdministrativeExpenses": 118481000,
        "otherExpenses": 75021000,
        "operatingExpenses": 193502000,
        "costAndExpenses": 214334000,
        "interestIncome": 299737000,
        "interestExpense": 19430000,
        "depreciationAndAmortization": 11824000,
        "ebitda": 182564000,
        "ebitdaratio": 0.4741010819,
        "operatingIncome": 170740000,
        "operatingIncomeRatio": 0.4433952954,
        "totalOtherIncomeExpensesNet": 0,
        "incomeBeforeTax": 170740000,
        "incomeBeforeTaxRatio": 0.4433952954,
        "incomeTaxExpense": 35351000,
        "netIncome": 135389000,
        "netIncomeRatio": 0.3515921615,
        "eps": 1.56,
        "epsdiluted": 1.55,
        "weightedAverageShsOut": 86020000,
        "weightedAverageShsOutDil": 86020000,
        "link": "https://www.sec.gov/Archives/edgar/data/750577/000095017022021899/0000950170-22-021899-index.htm",
        "finalLink": "https://www.sec.gov/Archives/edgar/data/750577/000095017022021899/hwc-20220930.htm"
    },
    {
        "date": "2022-06-30",
        "symbol": "HWC",
        "reportedCurrency": "USD",
        "cik": "0000750577",
        "fillingDate": "2022-08-04",
        "acceptedDate": "2022-08-04 17:19:30",
        "calendarYear": "2022",
        "period": "Q2",
        "revenue": 340517000,
        "costOfRevenue": -629000,
        "grossProfit": 341146000,
        "grossProfitRatio": 1.0018471912,
        "researchAndDevelopmentExpenses": 0,
        "generalAndAdministrativeExpenses": 110892000,
        "sellingAndMarketingExpenses": 3512000,
        "sellingGeneralAndAdministrativeExpenses": 114404000,
        "otherExpenses": 72693000,
        "operatingExpenses": 187097000,
        "costAndExpenses": 186468000,
        "interestIncome": 254864000,
        "interestExpense": 9132000,
        "depreciationAndAmortization": 11223000,
        "ebitda": 165272000,
        "ebitdaratio": 0.4853560909,
        "operatingIncome": 154049000,
        "operatingIncomeRatio": 0.452397384,
        "totalOtherIncomeExpensesNet": 0,
        "incomeBeforeTax": 154049000,
        "incomeBeforeTaxRatio": 0.452397384,
        "incomeTaxExpense": 32614000,
        "netIncome": 121435000,
        "netIncomeRatio": 0.3566194933,
        "eps": 1.39,
        "epsdiluted": 1.38,
        "weightedAverageShsOut": 87363000,
        "weightedAverageShsOutDil": 87363000,
        "link": "https://www.sec.gov/Archives/edgar/data/750577/000095017022014873/0000950170-22-014873-index.htm",
        "finalLink": "https://www.sec.gov/Archives/edgar/data/750577/000095017022014873/hwc-20220630.htm"
    },
    {
        "date": "2022-03-31",
        "symbol": "HWC",
        "reportedCurrency": "USD",
        "cik": "0000750577",
        "fillingDate": "2022-05-04",
        "acceptedDate": "2022-05-04 12:48:25",
        "calendarYear": "2022",
        "period": "Q1",
        "revenue": 320218000,
        "costOfRevenue": -14204000,
        "grossProfit": 334422000,
        "grossProfitRatio": 1.0443572816,
        "researchAndDevelopmentExpenses": 0,
        "generalAndAdministrativeExpenses": 104364000,
        "sellingAndMarketingExpenses": 3166000,
        "sellingGeneralAndAdministrativeExpenses": 107530000,
        "otherExpenses": 72409000,
        "operatingExpenses": 179939000,
        "costAndExpenses": 165735000,
        "interestIncome": 236786000,
        "interestExpense": 8323000,
        "depreciationAndAmortization": 10925000,
        "ebitda": 165408000,
        "ebitdaratio": 0.5165481016,
        "operatingIncome": 154483000,
        "operatingIncomeRatio": 0.4824307191,
        "totalOtherIncomeExpensesNet": 0,
        "incomeBeforeTax": 154483000,
        "incomeBeforeTaxRatio": 0.4824307191,
        "incomeTaxExpense": 31005000,
        "netIncome": 123478000,
        "netIncomeRatio": 0.3856060559,
        "eps": 1.4,
        "epsdiluted": 1.4,
        "weightedAverageShsOut": 88199000,
        "weightedAverageShsOutDil": 88199000,
        "link": "https://www.sec.gov/Archives/edgar/data/750577/000095017022007272/0000950170-22-007272-index.htm",
        "finalLink": "https://www.sec.gov/Archives/edgar/data/750577/000095017022007272/hwc-20220331.htm"
    },
    {
        "date": "2021-12-31",
        "symbol": "HWC",
        "reportedCurrency": "USD",
        "cik": "0000750577",
        "fillingDate": "2022-02-25",
        "acceptedDate": "2022-02-25 13:14:04",
        "calendarYear": "2021",
        "period": "Q4",
        "revenue": 328368000,
        "costOfRevenue": -18939000,
        "grossProfit": 347307000,
        "grossProfitRatio": 1.0576761438,
        "researchAndDevelopmentExpenses": 0,
        "generalAndAdministrativeExpenses": 132182000,
        "sellingAndMarketingExpenses": 4041000,
        "sellingGeneralAndAdministrativeExpenses": 136223000,
        "otherExpenses": 46239000,
        "operatingExpenses": 182462000,
        "costAndExpenses": 163523000,
        "interestIncome": 238756000,
        "interestExpense": 9460000,
        "depreciationAndAmortization": 11289000,
        "ebitda": 176134000,
        "ebitdaratio": 0.5363920967,
        "operatingIncome": 164845000,
        "operatingIncomeRatio": 0.5020129854,
        "totalOtherIncomeExpensesNet": 0,
        "incomeBeforeTax": 164845000,
        "incomeBeforeTaxRatio": 0.5020129854,
        "incomeTaxExpense": 27102000,
        "netIncome": 137743000,
        "netIncomeRatio": 0.4194775374,
        "eps": 1.56,
        "epsdiluted": 1.55,
        "weightedAverageShsOut": 88297000,
        "weightedAverageShsOutDil": 88297000,
        "link": "https://www.sec.gov/Archives/edgar/data/750577/000156459022007023/0001564590-22-007023-index.htm",
        "finalLink": "https://www.sec.gov/Archives/edgar/data/750577/000156459022007023/hwc-10k_20211231.htm"
    },
    {
        "date": "2021-09-30",
        "symbol": "HWC",
        "reportedCurrency": "USD",
        "cik": "0000750577",
        "fillingDate": "2021-11-04",
        "acceptedDate": "2021-11-04 16:48:23",
        "calendarYear": "2021",
        "period": "Q3",
        "revenue": 337778000,
        "costOfRevenue": -17247000,
        "grossProfit": 355025000,
        "grossProfitRatio": 1.0510601638,
        "researchAndDevelopmentExpenses": 0,
        "generalAndAdministrativeExpenses": 135410000,
        "sellingAndMarketingExpenses": 3638000,
        "sellingGeneralAndAdministrativeExpenses": 139048000,
        "otherExpenses": 55655000,
        "operatingExpenses": 194703000,
        "costAndExpenses": 177456000,
        "interestIncome": 244417000,
        "interestExpense": 9708000,
        "depreciationAndAmortization": 11473000,
        "ebitda": 171795000,
        "ebitdaratio": 0.5086032838,
        "operatingIncome": 160322000,
        "operatingIncomeRatio": 0.4746371877,
        "totalOtherIncomeExpensesNet": 0,
        "incomeBeforeTax": 160322000,
        "incomeBeforeTaxRatio": 0.4746371877,
        "incomeTaxExpense": 30740000,
        "netIncome": 129582000,
        "netIncomeRatio": 0.3836306687,
        "eps": 1.46,
        "epsdiluted": 1.46,
        "weightedAverageShsOut": 88755000,
        "weightedAverageShsOutDil": 88755000,
        "link": "https://www.sec.gov/Archives/edgar/data/750577/000156459021054534/0001564590-21-054534-index.htm",
        "finalLink": "https://www.sec.gov/Archives/edgar/data/750577/000156459021054534/hwc-10q_20210930.htm"
    },
    {
        "date": "2021-06-30",
        "symbol": "HWC",
        "reportedCurrency": "USD",
        "cik": "0000750577",
        "fillingDate": "2021-08-05",
        "acceptedDate": "2021-08-04 20:28:20",
        "calendarYear": "2021",
        "period": "Q2",
        "revenue": 342572000,
        "costOfRevenue": -3572000,
        "grossProfit": 346144000,
        "grossProfitRatio": 1.0104270051,
        "researchAndDevelopmentExpenses": 0,
        "generalAndAdministrativeExpenses": 164187000,
        "sellingAndMarketingExpenses": 2276000,
        "sellingGeneralAndAdministrativeExpenses": 166463000,
        "otherExpenses": 70307000,
        "operatingExpenses": 236770000,
        "costAndExpenses": 233198000,
        "interestIncome": 248300000,
        "interestExpense": 13657000,
        "depreciationAndAmortization": 11514000,
        "ebitda": 120888000,
        "ebitdaratio": 0.3528834814,
        "operatingIncome": 109374000,
        "operatingIncomeRatio": 0.3192730287,
        "totalOtherIncomeExpensesNet": 0,
        "incomeBeforeTax": 109374000,
        "incomeBeforeTaxRatio": 0.3192730287,
        "incomeTaxExpense": 20656000,
        "netIncome": 88718000,
        "netIncomeRatio": 0.2589762152,
        "eps": 1,
        "epsdiluted": 1,
        "weightedAverageShsOut": 88718000,
        "weightedAverageShsOutDil": 88718000,
        "link": "https://www.sec.gov/Archives/edgar/data/750577/000156459021041093/0001564590-21-041093-index.htm",
        "finalLink": "https://www.sec.gov/Archives/edgar/data/750577/000156459021041093/hwc-10q_20210630.htm"
    },
    {
        "date": "2021-03-31",
        "symbol": "HWC",
        "reportedCurrency": "USD",
        "cik": "0000750577",
        "fillingDate": "2021-05-06",
        "acceptedDate": "2021-05-05 20:54:05",
        "calendarYear": "2021",
        "period": "Q1",
        "revenue": 337874000,
        "costOfRevenue": 11287000,
        "grossProfit": 326587000,
        "grossProfitRatio": 0.9665940558,
        "researchAndDevelopmentExpenses": 0,
        "generalAndAdministrativeExpenses": 140860000,
        "sellingAndMarketingExpenses": 2486000,
        "sellingGeneralAndAdministrativeExpenses": 143346000,
        "otherExpenses": 49726000,
        "operatingExpenses": 193072000,
        "costAndExpenses": 204359000,
        "interestIncome": 250785000,
        "interestExpense": 16198000,
        "depreciationAndAmortization": 11502000,
        "ebitda": 145017000,
        "ebitdaratio": 0.429204378,
        "operatingIncome": 133515000,
        "operatingIncomeRatio": 0.3951621018,
        "totalOtherIncomeExpensesNet": 0,
        "incomeBeforeTax": 133515000,
        "incomeBeforeTaxRatio": 0.3951621018,
        "incomeTaxExpense": 26343000,
        "netIncome": 107172000,
        "netIncomeRatio": 0.3171951674,
        "eps": 1.21,
        "epsdiluted": 1.21,
        "weightedAverageShsOut": 88572000,
        "weightedAverageShsOutDil": 88572000,
        "link": "https://www.sec.gov/Archives/edgar/data/750577/000156459021024382/0001564590-21-024382-index.htm",
        "finalLink": "https://www.sec.gov/Archives/edgar/data/750577/000156459021024382/hwc-10q_20210331.htm"
    },
    {
        "date": "2020-12-31",
        "symbol": "HWC",
        "reportedCurrency": "USD",
        "cik": "0000750577",
        "fillingDate": "2021-03-01",
        "acceptedDate": "2021-02-26 19:52:46",
        "calendarYear": "2020",
        "period": "Q4",
        "revenue": 338621000,
        "costOfRevenue": 43181000,
        "grossProfit": 295440000,
        "grossProfitRatio": 0.8724798521,
        "researchAndDevelopmentExpenses": 0,
        "generalAndAdministrativeExpenses": 135030000,
        "sellingAndMarketingExpenses": 2922000,
        "sellingGeneralAndAdministrativeExpenses": 137952000,
        "otherExpenses": 54210000,
        "operatingExpenses": 192162000,
        "costAndExpenses": 235343000,
        "interestIncome": 257253000,
        "interestExpense": 18967000,
        "depreciationAndAmortization": 11873000,
        "ebitda": 115151000,
        "ebitdaratio": 0.3400586496,
        "operatingIncome": 103278000,
        "operatingIncomeRatio": 0.3049958508,
        "totalOtherIncomeExpensesNet": 0,
        "incomeBeforeTax": 103278000,
        "incomeBeforeTaxRatio": 0.3049958508,
        "incomeTaxExpense": -297000,
        "netIncome": 103097000,
        "netIncomeRatio": 0.3044613299,
        "eps": 1.17,
        "epsdiluted": 1.17,
        "weightedAverageShsOut": 86751000,
        "weightedAverageShsOutDil": 86751000,
        "link": "https://www.sec.gov/Archives/edgar/data/750577/000156459021009576/0001564590-21-009576-index.htm",
        "finalLink": "https://www.sec.gov/Archives/edgar/data/750577/000156459021009576/hwc-10k_20201231.htm"
    },
    {
        "date": "2020-09-30",
        "symbol": "HWC",
        "reportedCurrency": "USD",
        "cik": "0000750577",
        "fillingDate": "2020-11-05",
        "acceptedDate": "2020-11-04 21:33:41",
        "calendarYear": "2020",
        "period": "Q3",
        "revenue": 340791000,
        "costOfRevenue": 46859000,
        "grossProfit": 293932000,
        "grossProfitRatio": 0.8624993031,
        "researchAndDevelopmentExpenses": 0,
        "generalAndAdministrativeExpenses": 138830000,
        "sellingAndMarketingExpenses": 3159000,
        "sellingGeneralAndAdministrativeExpenses": 141989000,
        "otherExpenses": 53785000,
        "operatingExpenses": 195774000,
        "costAndExpenses": 242633000,
        "interestIncome": 257043000,
        "interestExpense": 21860000,
        "depreciationAndAmortization": 12237000,
        "ebitda": 110395000,
        "ebitdaratio": 0.3239375453,
        "operatingIncome": 98158000,
        "operatingIncomeRatio": 0.2880299069,
        "totalOtherIncomeExpensesNet": 0,
        "incomeBeforeTax": 98158000,
        "incomeBeforeTaxRatio": 0.2880299069,
        "incomeTaxExpense": 18802000,
        "netIncome": 79356000,
        "netIncomeRatio": 0.2328582621,
        "eps": 0.9,
        "epsdiluted": 0.9,
        "weightedAverageShsOut": 86358000,
        "weightedAverageShsOutDil": 86400000,
        "link": "https://www.sec.gov/Archives/edgar/data/750577/000156459020050757/0001564590-20-050757-index.htm",
        "finalLink": "https://www.sec.gov/Archives/edgar/data/750577/000156459020050757/hwc-10q_20200930.htm"
    },
    {
        "date": "2020-06-30",
        "symbol": "HWC",
        "reportedCurrency": "USD",
        "cik": "0000750577",
        "fillingDate": "2020-08-04",
        "acceptedDate": "2020-08-03 20:35:00",
        "calendarYear": "2020",
        "period": "Q2",
        "revenue": 340285000,
        "costOfRevenue": 335374000,
        "grossProfit": 4911000,
        "grossProfitRatio": 0.0144320202,
        "researchAndDevelopmentExpenses": 0,
        "generalAndAdministrativeExpenses": 143822000,
        "sellingAndMarketingExpenses": 2696000,
        "sellingGeneralAndAdministrativeExpenses": 146518000,
        "otherExpenses": 50021000,
        "operatingExpenses": 196539000,
        "costAndExpenses": 531913000,
        "interestIncome": 266342000,
        "interestExpense": 28476000,
        "depreciationAndAmortization": 12709000,
        "ebitda": -178919000,
        "ebitdaratio": -0.5257916159,
        "operatingIncome": -191628000,
        "operatingIncomeRatio": -0.5631397211,
        "totalOtherIncomeExpensesNet": 0,
        "incomeBeforeTax": -191628000,
        "incomeBeforeTaxRatio": -0.5631397211,
        "incomeTaxExpense": -74556000,
        "netIncome": -117072000,
        "netIncomeRatio": -0.3440410244,
        "eps": -1.36,
        "epsdiluted": -1.36,
        "weightedAverageShsOut": 86301000,
        "weightedAverageShsOutDil": 86301000,
        "link": "https://www.sec.gov/Archives/edgar/data/750577/000156459020035698/0001564590-20-035698-index.htm",
        "finalLink": "https://www.sec.gov/Archives/edgar/data/750577/000156459020035698/hwc-10q_20200630.htm"
    },
    {
        "date": "2020-03-31",
        "symbol": "HWC",
        "reportedCurrency": "USD",
        "cik": "0000750577",
        "fillingDate": "2020-05-07",
        "acceptedDate": "2020-05-06 18:41:56",
        "calendarYear": "2020",
        "period": "Q1",
        "revenue": 361730000,
        "costOfRevenue": 292948000,
        "grossProfit": 68782000,
        "grossProfitRatio": 0.1901473475,
        "researchAndDevelopmentExpenses": 0,
        "generalAndAdministrativeExpenses": 137736000,
        "sellingAndMarketingExpenses": 4234000,
        "sellingGeneralAndAdministrativeExpenses": 141970000,
        "otherExpenses": 61365000,
        "operatingExpenses": 203335000,
        "costAndExpenses": 496283000,
        "interestIncome": 277343000,
        "interestExpense": 46155000,
        "depreciationAndAmortization": 13225000,
        "ebitda": -121328000,
        "ebitdaratio": -0.335410389,
        "operatingIncome": -134553000,
        "operatingIncomeRatio": -0.371970807,
        "totalOtherIncomeExpensesNet": 0,
        "incomeBeforeTax": -134553000,
        "incomeBeforeTaxRatio": -0.371970807,
        "incomeTaxExpense": -23520000,
        "netIncome": -111033000,
        "netIncomeRatio": -0.306949935,
        "eps": -1.28,
        "epsdiluted": -1.28,
        "weightedAverageShsOut": 87078000,
        "weightedAverageShsOutDil": 87186000,
        "link": "https://www.sec.gov/Archives/edgar/data/750577/000156459020022138/0001564590-20-022138-index.htm",
        "finalLink": "https://www.sec.gov/Archives/edgar/data/750577/000156459020022138/hwc-10q_20200331.htm"
    },
    {
        "date": "2019-12-31",
        "symbol": "HWC",
        "reportedCurrency": "USD",
        "cik": "0000750577",
        "fillingDate": "2020-02-25",
        "acceptedDate": "2020-02-24 21:50:52",
        "calendarYear": "2019",
        "period": "Q4",
        "revenue": 368288000,
        "costOfRevenue": 61957000,
        "grossProfit": 306331000,
        "grossProfitRatio": 0.831770245,
        "researchAndDevelopmentExpenses": 0,
        "generalAndAdministrativeExpenses": 142862000,
        "sellingAndMarketingExpenses": 3483000,
        "sellingGeneralAndAdministrativeExpenses": 146345000,
        "otherExpenses": 50918000,
        "operatingExpenses": 197263000,
        "costAndExpenses": 259220000,
        "interestIncome": 285957000,
        "interestExpense": 52801000,
        "depreciationAndAmortization": 13805000,
        "ebitda": 122873000,
        "ebitdaratio": 0.3336329177,
        "operatingIncome": 109068000,
        "operatingIncomeRatio": 0.2961486663,
        "totalOtherIncomeExpensesNet": 0,
        "incomeBeforeTax": 109068000,
        "incomeBeforeTaxRatio": 0.2961486663,
        "incomeTaxExpense": 16936000,
        "netIncome": 92132000,
        "netIncomeRatio": 0.250162916,
        "eps": 1.03,
        "epsdiluted": 1.03,
        "weightedAverageShsOut": 87928000,
        "weightedAverageShsOutDil": 88315000,
        "link": "https://www.sec.gov/Archives/edgar/data/750577/000156459020006172/0001564590-20-006172-index.htm",
        "finalLink": "https://www.sec.gov/Archives/edgar/data/750577/000156459020006172/hwc-10k_20191231.htm"
    },
    {
        "date": "2019-09-30",
        "symbol": "HWC",
        "reportedCurrency": "USD",
        "cik": "0000750577",
        "fillingDate": "2019-11-12",
        "acceptedDate": "2019-11-08 21:00:47",
        "calendarYear": "2019",
        "period": "Q3",
        "revenue": 366394000,
        "costOfRevenue": 72646000,
        "grossProfit": 293748000,
        "grossProfitRatio": 0.8017271025,
        "researchAndDevelopmentExpenses": 0,
        "generalAndAdministrativeExpenses": 136620000,
        "sellingAndMarketingExpenses": 5435000,
        "sellingGeneralAndAdministrativeExpenses": 142055000,
        "otherExpenses": 71499000,
        "operatingExpenses": 213554000,
        "costAndExpenses": 286200000,
        "interestIncome": 283164000,
        "interestExpense": 60225000,
        "depreciationAndAmortization": 12587000,
        "ebitda": 92781000,
        "ebitdaratio": 0.2532274,
        "operatingIncome": 80194000,
        "operatingIncomeRatio": 0.2188736715,
        "totalOtherIncomeExpensesNet": 0,
        "incomeBeforeTax": 80194000,
        "incomeBeforeTaxRatio": 0.2188736715,
        "incomeTaxExpense": 12387000,
        "netIncome": 67807000,
        "netIncomeRatio": 0.1850658035,
        "eps": 0.77,
        "epsdiluted": 0.77,
        "weightedAverageShsOut": 86377000,
        "weightedAverageShsOutDil": 86462000,
        "link": "https://www.sec.gov/Archives/edgar/data/750577/000156459019042439/0001564590-19-042439-index.htm",
        "finalLink": "https://www.sec.gov/Archives/edgar/data/750577/000156459019042439/hwc-10q_20190930.htm"
    },
    {
        "date": "2019-06-30",
        "symbol": "HWC",
        "reportedCurrency": "USD",
        "cik": "0000750577",
        "fillingDate": "2019-08-07",
        "acceptedDate": "2019-08-06 20:18:53",
        "calendarYear": "2019",
        "period": "Q2",
        "revenue": 359628000,
        "costOfRevenue": 68598000,
        "grossProfit": 291030000,
        "grossProfitRatio": 0.8092528947,
        "researchAndDevelopmentExpenses": 0,
        "generalAndAdministrativeExpenses": 130068000,
        "sellingAndMarketingExpenses": 3253000,
        "sellingGeneralAndAdministrativeExpenses": 133321000,
        "otherExpenses": 50246000,
        "operatingExpenses": 183567000,
        "costAndExpenses": 252165000,
        "interestIncome": 280378000,
        "interestExpense": 60510000,
        "depreciationAndAmortization": 12700000,
        "ebitda": 120163000,
        "ebitdaratio": 0.3341313802,
        "operatingIncome": 107463000,
        "operatingIncomeRatio": 0.298817111,
        "totalOtherIncomeExpensesNet": 0,
        "incomeBeforeTax": 107463000,
        "incomeBeforeTaxRatio": 0.298817111,
        "incomeTaxExpense": 19186000,
        "netIncome": 88277000,
        "netIncomeRatio": 0.2454675387,
        "eps": 1.01,
        "epsdiluted": 1.01,
        "weightedAverageShsOut": 85728000,
        "weightedAverageShsOutDil": 85835000,
        "link": "https://www.sec.gov/Archives/edgar/data/750577/000156459019029549/0001564590-19-029549-index.htm",
        "finalLink": "https://www.sec.gov/Archives/edgar/data/750577/000156459019029549/hwc-10q_20190630.htm"
    },
    {
        "date": "2019-03-31",
        "symbol": "HWC",
        "reportedCurrency": "USD",
        "cik": "0000750577",
        "fillingDate": "2019-05-08",
        "acceptedDate": "2019-05-07 18:41:36",
        "calendarYear": "2019",
        "period": "Q1",
        "revenue": 346786000,
        "costOfRevenue": 75072000,
        "grossProfit": 271714000,
        "grossProfitRatio": 0.7835206727,
        "researchAndDevelopmentExpenses": 0,
        "generalAndAdministrativeExpenses": 127038000,
        "sellingAndMarketingExpenses": 3080000,
        "sellingGeneralAndAdministrativeExpenses": 130118000,
        "otherExpenses": 45582000,
        "operatingExpenses": 175700000,
        "costAndExpenses": 250772000,
        "interestIncome": 276283000,
        "interestExpense": 57029000,
        "depreciationAndAmortization": 12654000,
        "ebitda": 108668000,
        "ebitdaratio": 0.3133575173,
        "operatingIncome": 96014000,
        "operatingIncomeRatio": 0.276868155,
        "totalOtherIncomeExpensesNet": 0,
        "incomeBeforeTax": 96014000,
        "incomeBeforeTaxRatio": 0.276868155,
        "incomeTaxExpense": 16850000,
        "netIncome": 79164000,
        "netIncomeRatio": 0.2282791116,
        "eps": 0.91,
        "epsdiluted": 0.91,
        "weightedAverageShsOut": 85688000,
        "weightedAverageShsOutDil": 85800000,
        "link": "https://www.sec.gov/Archives/edgar/data/750577/000156459019016692/0001564590-19-016692-index.htm",
        "finalLink": "https://www.sec.gov/Archives/edgar/data/750577/000156459019016692/hwc-10q_20190331.htm"
    },
    {
        "date": "2018-12-31",
        "symbol": "HWC",
        "reportedCurrency": "USD",
        "cik": "0000750577",
        "fillingDate": "2019-03-01",
        "acceptedDate": "2019-02-28 21:17:49",
        "calendarYear": "2018",
        "period": "Q4",
        "revenue": 321241000,
        "costOfRevenue": 62024000,
        "grossProfit": 259217000,
        "grossProfitRatio": 0.8069237737,
        "researchAndDevelopmentExpenses": 0,
        "generalAndAdministrativeExpenses": 117644000,
        "sellingAndMarketingExpenses": 3738000,
        "sellingGeneralAndAdministrativeExpenses": 121382000,
        "otherExpenses": 33330000,
        "operatingExpenses": 154712000,
        "costAndExpenses": 216736000,
        "interestIncome": 271357000,
        "interestExpense": 53924000,
        "depreciationAndAmortization": 12264000,
        "ebitda": 116769000,
        "ebitdaratio": 0.363493452,
        "operatingIncome": 104505000,
        "operatingIncomeRatio": 0.3253165069,
        "totalOtherIncomeExpensesNet": 0,
        "incomeBeforeTax": 104505000,
        "incomeBeforeTaxRatio": 0.3253165069,
        "incomeTaxExpense": 8265000,
        "netIncome": 96240000,
        "netIncomeRatio": 0.2995881597,
        "eps": 1.11,
        "epsdiluted": 1.1,
        "weightedAverageShsOut": 85179000,
        "weightedAverageShsOutDil": 85677000,
        "link": "https://www.sec.gov/Archives/edgar/data/750577/000075057719000004/0000750577-19-000004-index.htm",
        "finalLink": "https://www.sec.gov/Archives/edgar/data/750577/000075057719000004/hwc-20181231x10k.htm"
    },
    {
        "date": "2018-09-30",
        "symbol": "HWC",
        "reportedCurrency": "USD",
        "cik": "0000750577",
        "fillingDate": "2018-11-02",
        "acceptedDate": "2018-11-01 19:53:50",
        "calendarYear": "2018",
        "period": "Q3",
        "revenue": 338730000,
        "costOfRevenue": 55890000,
        "grossProfit": 282840000,
        "grossProfitRatio": 0.8350013285,
        "researchAndDevelopmentExpenses": 0,
        "generalAndAdministrativeExpenses": 129185000,
        "sellingAndMarketingExpenses": 2553000,
        "sellingGeneralAndAdministrativeExpenses": 131738000,
        "otherExpenses": 49449000,
        "operatingExpenses": 181187000,
        "costAndExpenses": 237077000,
        "interestIncome": 263212000,
        "interestExpense": 49018000,
        "depreciationAndAmortization": 12359000,
        "ebitda": 114012000,
        "ebitdaratio": 0.3365866619,
        "operatingIncome": 101653000,
        "operatingIncomeRatio": 0.3001003749,
        "totalOtherIncomeExpensesNet": 0,
        "incomeBeforeTax": 101653000,
        "incomeBeforeTaxRatio": 0.3001003749,
        "incomeTaxExpense": 17775000,
        "netIncome": 83878000,
        "netIncomeRatio": 0.247624952,
        "eps": 0.96,
        "epsdiluted": 0.96,
        "weightedAverageShsOut": 91345000,
        "weightedAverageShsOutDil": 91345000,
        "link": "https://www.sec.gov/Archives/edgar/data/750577/000075057718000047/0000750577-18-000047-index.htm",
        "finalLink": "https://www.sec.gov/Archives/edgar/data/750577/000075057718000047/hwc-20180930x10q.htm"
    },
    {
        "date": "2018-06-30",
        "symbol": "HWC",
        "reportedCurrency": "USD",
        "cik": "0000750577",
        "fillingDate": "2018-08-08",
        "acceptedDate": "2018-08-07 19:04:51",
        "calendarYear": "2018",
        "period": "Q2",
        "revenue": 321136000,
        "costOfRevenue": 49648000,
        "grossProfit": 271488000,
        "grossProfitRatio": 0.8453988341,
        "researchAndDevelopmentExpenses": 0,
        "generalAndAdministrativeExpenses": 122627000,
        "sellingAndMarketingExpenses": 3517000,
        "sellingGeneralAndAdministrativeExpenses": 126144000,
        "otherExpenses": 58258000,
        "operatingExpenses": 184402000,
        "costAndExpenses": 234050000,
        "interestIncome": 252304000,
        "interestExpense": 40757000,
        "depreciationAndAmortization": 11790000,
        "ebitda": 98876000,
        "ebitdaratio": 0.3078944746,
        "operatingIncome": 87086000,
        "operatingIncomeRatio": 0.2711810572,
        "totalOtherIncomeExpensesNet": 0,
        "incomeBeforeTax": 87086000,
        "incomeBeforeTaxRatio": 0.2711810572,
        "incomeTaxExpense": 15909000,
        "netIncome": 71177000,
        "netIncomeRatio": 0.2216412984,
        "eps": 0.82,
        "epsdiluted": 0.82,
        "weightedAverageShsOut": 85305000,
        "weightedAverageShsOutDil": 85483000,
        "link": "https://www.sec.gov/Archives/edgar/data/750577/000075057718000041/0000750577-18-000041-index.htm",
        "finalLink": "https://www.sec.gov/Archives/edgar/data/750577/000075057718000041/hwc-20180630x10q.htm"
    },
    {
        "date": "2018-03-31",
        "symbol": "HWC",
        "reportedCurrency": "USD",
        "cik": "0000750577",
        "fillingDate": "2018-05-09",
        "acceptedDate": "2018-05-08 19:09:00",
        "calendarYear": "2018",
        "period": "Q1",
        "revenue": 307647000,
        "costOfRevenue": 47984000,
        "grossProfit": 259663000,
        "grossProfitRatio": 0.8440290333,
        "researchAndDevelopmentExpenses": 0,
        "generalAndAdministrativeExpenses": 122426000,
        "sellingAndMarketingExpenses": 2526000,
        "sellingGeneralAndAdministrativeExpenses": 124952000,
        "otherExpenses": 45839000,
        "operatingExpenses": 170791000,
        "costAndExpenses": 218775000,
        "interestIncome": 241395000,
        "interestExpense": 35731000,
        "depreciationAndAmortization": 12169000,
        "ebitda": 101041000,
        "ebitdaratio": 0.3284316116,
        "operatingIncome": 88872000,
        "operatingIncomeRatio": 0.2888765371,
        "totalOtherIncomeExpensesNet": 0,
        "incomeBeforeTax": 88872000,
        "incomeBeforeTaxRatio": 0.2888765371,
        "incomeTaxExpense": 16397000,
        "netIncome": 72475000,
        "netIncomeRatio": 0.2355784389,
        "eps": 0.83,
        "epsdiluted": 0.83,
        "weightedAverageShsOut": 85241000,
        "weightedAverageShsOutDil": 85423000,
        "link": "https://www.sec.gov/Archives/edgar/data/750577/000075057718000016/0000750577-18-000016-index.htm",
        "finalLink": "https://www.sec.gov/Archives/edgar/data/750577/000075057718000016/hbhc-20180331x10q.htm"
    },
    {
        "date": "2017-12-31",
        "symbol": "HWC",
        "reportedCurrency": "USD",
        "cik": "0000750577",
        "fillingDate": "2018-02-27",
        "acceptedDate": "2018-02-26 18:22:15",
        "calendarYear": "2017",
        "period": "Q4",
        "revenue": 308861000,
        "costOfRevenue": 46112000,
        "grossProfit": 262749000,
        "grossProfitRatio": 0.8507030671,
        "researchAndDevelopmentExpenses": 0,
        "generalAndAdministrativeExpenses": 124305000,
        "sellingAndMarketingExpenses": 3060000,
        "sellingGeneralAndAdministrativeExpenses": 127365000,
        "otherExpenses": 40698000,
        "operatingExpenses": 168063000,
        "costAndExpenses": 214175000,
        "interestIncome": 239173000,
        "interestExpense": 31126000,
        "depreciationAndAmortization": 13085000,
        "ebitda": 107771000,
        "ebitdaratio": 0.348930425,
        "operatingIncome": 94686000,
        "operatingIncomeRatio": 0.3065650892,
        "totalOtherIncomeExpensesNet": 0,
        "incomeBeforeTax": 94686000,
        "incomeBeforeTaxRatio": 0.3065650892,
        "incomeTaxExpense": 39237000,
        "netIncome": 55449000,
        "netIncomeRatio": 0.1795273602,
        "eps": 0.64,
        "epsdiluted": 0.64,
        "weightedAverageShsOut": 86639000,
        "weightedAverageShsOutDil": 86639000,
        "link": "https://www.sec.gov/Archives/edgar/data/750577/000075057718000009/0000750577-18-000009-index.htm",
        "finalLink": "https://www.sec.gov/Archives/edgar/data/750577/000075057718000009/hbhc-20171231x10k.htm"
    },
    {
        "date": "2017-09-30",
        "symbol": "HWC",
        "reportedCurrency": "USD",
        "cik": "0000750577",
        "fillingDate": "2017-11-08",
        "acceptedDate": "2017-11-07 18:31:39",
        "calendarYear": "2017",
        "period": "Q3",
        "revenue": 299831000,
        "costOfRevenue": 42899000,
        "grossProfit": 256932000,
        "grossProfitRatio": 0.8569227331,
        "researchAndDevelopmentExpenses": 0,
        "generalAndAdministrativeExpenses": 125620000,
        "sellingAndMarketingExpenses": 3910000,
        "sellingGeneralAndAdministrativeExpenses": 129530000,
        "otherExpenses": 48086000,
        "operatingExpenses": 177616000,
        "costAndExpenses": 220515000,
        "interestIncome": 232716000,
        "interestExpense": 29859000,
        "depreciationAndAmortization": 13052000,
        "ebitda": 92368000,
        "ebitdaratio": 0.3080668777,
        "operatingIncome": 79316000,
        "operatingIncomeRatio": 0.2645356884,
        "totalOtherIncomeExpensesNet": 0,
        "incomeBeforeTax": 79316000,
        "incomeBeforeTaxRatio": 0.2645356884,
        "incomeTaxExpense": 20414000,
        "netIncome": 58902000,
        "netIncomeRatio": 0.1964506672,
        "eps": 0.68,
        "epsdiluted": 0.68,
        "weightedAverageShsOut": 86621000,
        "weightedAverageShsOutDil": 86621000,
        "link": "https://www.sec.gov/Archives/edgar/data/750577/000075057717000039/0000750577-17-000039-index.htm",
        "finalLink": "https://www.sec.gov/Archives/edgar/data/750577/000075057717000039/hbhc-20170930x10q.htm"
    },
    {
        "date": "2017-06-30",
        "symbol": "HWC",
        "reportedCurrency": "USD",
        "cik": "0000750577",
        "fillingDate": "2017-08-04",
        "acceptedDate": "2017-08-04 16:42:50",
        "calendarYear": "2017",
        "period": "Q2",
        "revenue": 294991000,
        "costOfRevenue": 41411000,
        "grossProfit": 253580000,
        "grossProfitRatio": 0.859619446,
        "researchAndDevelopmentExpenses": 0,
        "generalAndAdministrativeExpenses": 127146000,
        "sellingAndMarketingExpenses": 4984000,
        "sellingGeneralAndAdministrativeExpenses": 132130000,
        "otherExpenses": 52667000,
        "operatingExpenses": 184797000,
        "costAndExpenses": 226208000,
        "interestIncome": 226177000,
        "interestExpense": 26460000,
        "depreciationAndAmortization": 12802000,
        "ebitda": 81585000,
        "ebitdaratio": 0.2765677597,
        "operatingIncome": 68783000,
        "operatingIncomeRatio": 0.2331698255,
        "totalOtherIncomeExpensesNet": 0,
        "incomeBeforeTax": 68783000,
        "incomeBeforeTaxRatio": 0.2331698255,
        "incomeTaxExpense": 16516000,
        "netIncome": 52267000,
        "netIncomeRatio": 0.1771816767,
        "eps": 0.6,
        "epsdiluted": 0.6,
        "weightedAverageShsOut": 87112000,
        "weightedAverageShsOutDil": 87112000,
        "link": "https://www.sec.gov/Archives/edgar/data/750577/000075057717000032/0000750577-17-000032-index.htm",
        "finalLink": "https://www.sec.gov/Archives/edgar/data/750577/000075057717000032/hbhc-20170630x10q.htm"
    },
    {
        "date": "2017-03-31",
        "symbol": "HWC",
        "reportedCurrency": "USD",
        "cik": "0000750577",
        "fillingDate": "2017-05-05",
        "acceptedDate": "2017-05-05 16:47:46",
        "calendarYear": "2017",
        "period": "Q1",
        "revenue": 267106000,
        "costOfRevenue": 36815000,
        "grossProfit": 230291000,
        "grossProfitRatio": 0.8621708236,
        "researchAndDevelopmentExpenses": 0,
        "generalAndAdministrativeExpenses": 116256000,
        "sellingAndMarketingExpenses": 3077000,
        "sellingGeneralAndAdministrativeExpenses": 119333000,
        "otherExpenses": 45309000,
        "operatingExpenses": 164642000,
        "costAndExpenses": 201457000,
        "interestIncome": 202515000,
        "interestExpense": 20824000,
        "depreciationAndAmortization": 11620000,
        "ebitda": 77269000,
        "ebitdaratio": 0.2892821576,
        "operatingIncome": 65649000,
        "operatingIncomeRatio": 0.2457788294,
        "totalOtherIncomeExpensesNet": 0,
        "incomeBeforeTax": 65649000,
        "incomeBeforeTaxRatio": 0.2457788294,
        "incomeTaxExpense": 16635000,
        "netIncome": 49014000,
        "netIncomeRatio": 0.1835001834,
        "eps": 0.57,
        "epsdiluted": 0.57,
        "weightedAverageShsOut": 85989000,
        "weightedAverageShsOutDil": 85989000,
        "link": "https://www.sec.gov/Archives/edgar/data/750577/000075057717000020/0000750577-17-000020-index.htm",
        "finalLink": "https://www.sec.gov/Archives/edgar/data/750577/000075057717000020/hbhc-20170331x10q.htm"
    },
    {
        "date": "2016-12-31",
        "symbol": "HWC",
        "reportedCurrency": "USD",
        "cik": "0000750577",
        "fillingDate": "2017-02-24",
        "acceptedDate": "2017-02-24 15:43:35",
        "calendarYear": "2016",
        "period": "Q4",
        "revenue": 253000000,
        "costOfRevenue": 32524000,
        "grossProfit": 220476000,
        "grossProfitRatio": 0.8714466403,
        "researchAndDevelopmentExpenses": 0,
        "generalAndAdministrativeExpenses": 114928000,
        "sellingAndMarketingExpenses": 3029000,
        "sellingGeneralAndAdministrativeExpenses": 117957000,
        "otherExpenses": 39566000,
        "operatingExpenses": 157523000,
        "costAndExpenses": 190047000,
        "interestIncome": 185867000,
        "interestExpense": 18069000,
        "depreciationAndAmortization": 11779000,
        "ebitda": 74732000,
        "ebitdaratio": 0.2953833992,
        "operatingIncome": 62953000,
        "operatingIncomeRatio": 0.248826087,
        "totalOtherIncomeExpensesNet": 0,
        "incomeBeforeTax": 62953000,
        "incomeBeforeTaxRatio": 0.248826087,
        "incomeTaxExpense": 11122000,
        "netIncome": 51831000,
        "netIncomeRatio": 0.2048656126,
        "eps": 0.64,
        "epsdiluted": 0.64,
        "weightedAverageShsOut": 80986000,
        "weightedAverageShsOutDil": 80986000,
        "link": "https://www.sec.gov/Archives/edgar/data/750577/000075057717000009/0000750577-17-000009-index.htm",
        "finalLink": "https://www.sec.gov/Archives/edgar/data/750577/000075057717000009/hbhc-20161231x10k.htm"
    },
    {
        "date": "2016-09-30",
        "symbol": "HWC",
        "reportedCurrency": "USD",
        "cik": "0000750577",
        "fillingDate": "2016-11-08",
        "acceptedDate": "2016-11-08 15:01:50",
        "calendarYear": "2016",
        "period": "Q3",
        "revenue": 246700000,
        "costOfRevenue": 37612000,
        "grossProfit": 209088000,
        "grossProfitRatio": 0.8475395217,
        "researchAndDevelopmentExpenses": 0,
        "generalAndAdministrativeExpenses": 109495000,
        "sellingAndMarketingExpenses": 2859000,
        "sellingGeneralAndAdministrativeExpenses": 112354000,
        "otherExpenses": 38243000,
        "operatingExpenses": 150597000,
        "costAndExpenses": 188209000,
        "interestIncome": 182153000,
        "interestExpense": 18640000,
        "depreciationAndAmortization": 11892000,
        "ebitda": 70383000,
        "ebitdaratio": 0.2852979327,
        "operatingIncome": 58491000,
        "operatingIncomeRatio": 0.237093636,
        "totalOtherIncomeExpensesNet": 0,
        "incomeBeforeTax": 58491000,
        "incomeBeforeTaxRatio": 0.237093636,
        "incomeTaxExpense": 11772000,
        "netIncome": 46719000,
        "netIncomeRatio": 0.18937576,
        "eps": 0.59,
        "epsdiluted": 0.59,
        "weightedAverageShsOut": 79185000,
        "weightedAverageShsOutDil": 79185000,
        "link": "https://www.sec.gov/Archives/edgar/data/750577/000075057716000043/0000750577-16-000043-index.htm",
        "finalLink": "https://www.sec.gov/Archives/edgar/data/750577/000075057716000043/hbhc-20160930x10q.htm"
    },
    {
        "date": "2016-06-30",
        "symbol": "HWC",
        "reportedCurrency": "USD",
        "cik": "0000750577",
        "fillingDate": "2016-08-08",
        "acceptedDate": "2016-08-08 16:30:57",
        "calendarYear": "2016",
        "period": "Q2",
        "revenue": 248726000,
        "costOfRevenue": 35733000,
        "grossProfit": 212993000,
        "grossProfitRatio": 0.8563358877,
        "researchAndDevelopmentExpenses": 0,
        "generalAndAdministrativeExpenses": 110758000,
        "sellingAndMarketingExpenses": 2693000,
        "sellingGeneralAndAdministrativeExpenses": 113451000,
        "otherExpenses": 39017000,
        "operatingExpenses": 152468000,
        "costAndExpenses": 188201000,
        "interestIncome": 183506000,
        "interestExpense": 18537000,
        "depreciationAndAmortization": 12150000,
        "ebitda": 72675000,
        "ebitdaratio": 0.2921889951,
        "operatingIncome": 60525000,
        "operatingIncomeRatio": 0.243340061,
        "totalOtherIncomeExpensesNet": 0,
        "incomeBeforeTax": 60525000,
        "incomeBeforeTaxRatio": 0.243340061,
        "incomeTaxExpense": 13618000,
        "netIncome": 46907000,
        "netIncomeRatio": 0.1885890498,
        "eps": 0.59,
        "epsdiluted": 0.59,
        "weightedAverageShsOut": 79503000,
        "weightedAverageShsOutDil": 79503000,
        "link": "https://www.sec.gov/Archives/edgar/data/750577/000075057716000034/0000750577-16-000034-index.htm",
        "finalLink": "https://www.sec.gov/Archives/edgar/data/750577/000075057716000034/hbhc-20160630x10q.htm"
    },
    {
        "date": "2016-03-31",
        "symbol": "HWC",
        "reportedCurrency": "USD",
        "cik": "0000750577",
        "fillingDate": "2016-05-09",
        "acceptedDate": "2016-05-09 15:32:52",
        "calendarYear": "2016",
        "period": "Q1",
        "revenue": 240440000,
        "costOfRevenue": 77841000,
        "grossProfit": 162599000,
        "grossProfitRatio": 0.6762560306,
        "researchAndDevelopmentExpenses": 0,
        "generalAndAdministrativeExpenses": 114147000,
        "sellingAndMarketingExpenses": 2357000,
        "sellingGeneralAndAdministrativeExpenses": 116504000,
        "otherExpenses": 41141000,
        "operatingExpenses": 157645000,
        "costAndExpenses": 235486000,
        "interestIncome": 180641000,
        "interestExpense": 17805000,
        "depreciationAndAmortization": 12323000,
        "ebitda": 17277000,
        "ebitdaratio": 0.0718557644,
        "operatingIncome": 4954000,
        "operatingIncomeRatio": 0.0206038929,
        "totalOtherIncomeExpensesNet": 0,
        "incomeBeforeTax": 4954000,
        "incomeBeforeTaxRatio": 0.0206038929,
        "incomeTaxExpense": 1115000,
        "netIncome": 3839000,
        "netIncomeRatio": 0.0159665613,
        "eps": 0.05,
        "epsdiluted": 0.05,
        "weightedAverageShsOut": 77501000,
        "weightedAverageShsOutDil": 77672000,
        "link": "https://www.sec.gov/Archives/edgar/data/750577/000075057716000028/0000750577-16-000028-index.htm",
        "finalLink": "https://www.sec.gov/Archives/edgar/data/750577/000075057716000028/hbhc-20160331x10q.htm"
    },
    {
        "date": "2015-12-31",
        "symbol": "HWC",
        "reportedCurrency": "USD",
        "cik": "0000750577",
        "fillingDate": "2016-02-26",
        "acceptedDate": "2016-02-26 16:50:26",
        "calendarYear": "2015",
        "period": "Q4",
        "revenue": 235676000,
        "costOfRevenue": 66111000,
        "grossProfit": 169565000,
        "grossProfitRatio": 0.7194835282,
        "researchAndDevelopmentExpenses": 0,
        "generalAndAdministrativeExpenses": 110268000,
        "sellingAndMarketingExpenses": 4071000,
        "sellingGeneralAndAdministrativeExpenses": 114339000,
        "otherExpenses": 43404000,
        "operatingExpenses": 157743000,
        "costAndExpenses": 223854000,
        "interestIncome": 174310000,
        "interestExpense": 15915000,
        "depreciationAndAmortization": 12921000,
        "ebitda": 24743000,
        "ebitdaratio": 0.1049873555,
        "operatingIncome": 11822000,
        "operatingIncomeRatio": 0.0501620869,
        "totalOtherIncomeExpensesNet": 0,
        "incomeBeforeTax": 11822000,
        "incomeBeforeTaxRatio": 0.0501620869,
        "incomeTaxExpense": -3485000,
        "netIncome": 15307000,
        "netIncomeRatio": 0.0649493372,
        "eps": 0.19,
        "epsdiluted": 0.19,
        "weightedAverageShsOut": 80563000,
        "weightedAverageShsOutDil": 80563000,
        "link": "https://www.sec.gov/Archives/edgar/data/750577/000119312516482143/0001193125-16-482143-index.htm",
        "finalLink": "https://www.sec.gov/Archives/edgar/data/750577/000119312516482143/d115918d10k.htm"
    },
    {
        "date": "2015-09-30",
        "symbol": "HWC",
        "reportedCurrency": "USD",
        "cik": "0000750577",
        "fillingDate": "2015-11-06",
        "acceptedDate": "2015-11-06 16:44:12",
        "calendarYear": "2015",
        "period": "Q3",
        "revenue": 233104000,
        "costOfRevenue": 24579000,
        "grossProfit": 208525000,
        "grossProfitRatio": 0.8945577939,
        "researchAndDevelopmentExpenses": 0,
        "generalAndAdministrativeExpenses": 108137000,
        "sellingAndMarketingExpenses": 2856000,
        "sellingGeneralAndAdministrativeExpenses": 110993000,
        "otherExpenses": 41764000,
        "operatingExpenses": 152757000,
        "costAndExpenses": 177336000,
        "interestIncome": 171329000,
        "interestExpense": 14499000,
        "depreciationAndAmortization": 13161000,
        "ebitda": 68929000,
        "ebitdaratio": 0.2957006315,
        "operatingIncome": 55768000,
        "operatingIncomeRatio": 0.2392408539,
        "totalOtherIncomeExpensesNet": 0,
        "incomeBeforeTax": 55768000,
        "incomeBeforeTaxRatio": 0.2392408539,
        "incomeTaxExpense": 14602000,
        "netIncome": 41166000,
        "netIncomeRatio": 0.1765992862,
        "eps": 0.52,
        "epsdiluted": 0.52,
        "weightedAverageShsOut": 79165000,
        "weightedAverageShsOutDil": 79165000,
        "link": "https://www.sec.gov/Archives/edgar/data/750577/000119312515370259/0001193125-15-370259-index.htm",
        "finalLink": "https://www.sec.gov/Archives/edgar/data/750577/000119312515370259/d29161d10q.htm"
    },
    {
        "date": "2015-06-30",
        "symbol": "HWC",
        "reportedCurrency": "USD",
        "cik": "0000750577",
        "fillingDate": "2015-08-07",
        "acceptedDate": "2015-08-07 17:22:18",
        "calendarYear": "2015",
        "period": "Q2",
        "revenue": 227067000,
        "costOfRevenue": 19737000,
        "grossProfit": 207330000,
        "grossProfitRatio": 0.9130785187,
        "researchAndDevelopmentExpenses": 0,
        "generalAndAdministrativeExpenses": 107780000,
        "sellingAndMarketingExpenses": 2133000,
        "sellingGeneralAndAdministrativeExpenses": 109913000,
        "otherExpenses": 50277000,
        "operatingExpenses": 160190000,
        "costAndExpenses": 179927000,
        "interestIncome": 164920000,
        "interestExpense": 13129000,
        "depreciationAndAmortization": 13329000,
        "ebitda": 60469000,
        "ebitdaratio": 0.266304659,
        "operatingIncome": 47140000,
        "operatingIncomeRatio": 0.2076039231,
        "totalOtherIncomeExpensesNet": 0,
        "incomeBeforeTax": 47140000,
        "incomeBeforeTaxRatio": 0.2076039231,
        "incomeTaxExpense": 12311000,
        "netIncome": 34829000,
        "netIncomeRatio": 0.1533864454,
        "eps": 0.44,
        "epsdiluted": 0.44,
        "weightedAverageShsOut": 79157000,
        "weightedAverageShsOutDil": 79157000,
        "link": "https://www.sec.gov/Archives/edgar/data/750577/000119312515283285/0001193125-15-283285-index.htm",
        "finalLink": "https://www.sec.gov/Archives/edgar/data/750577/000119312515283285/d119475d10q.htm"
    },
    {
        "date": "2015-03-31",
        "symbol": "HWC",
        "reportedCurrency": "USD",
        "cik": "0000750577",
        "fillingDate": "2015-05-08",
        "acceptedDate": "2015-05-08 15:20:15",
        "calendarYear": "2015",
        "period": "Q1",
        "revenue": 226830000,
        "costOfRevenue": 17083000,
        "grossProfit": 209747000,
        "grossProfitRatio": 0.9246880924,
        "researchAndDevelopmentExpenses": 0,
        "generalAndAdministrativeExpenses": 104014000,
        "sellingAndMarketingExpenses": 2165000,
        "sellingGeneralAndAdministrativeExpenses": 106179000,
        "otherExpenses": 48533000,
        "operatingExpenses": 154712000,
        "costAndExpenses": 171795000,
        "interestIncome": 169087000,
        "interestExpense": 10929000,
        "depreciationAndAmortization": 13536000,
        "ebitda": 68571000,
        "ebitdaratio": 0.3023012829,
        "operatingIncome": 55035000,
        "operatingIncomeRatio": 0.2426266367,
        "totalOtherIncomeExpensesNet": 0,
        "incomeBeforeTax": 55035000,
        "incomeBeforeTaxRatio": 0.2426266367,
        "incomeTaxExpense": 14876000,
        "netIncome": 40159000,
        "netIncomeRatio": 0.1770444827,
        "eps": 0.49,
        "epsdiluted": 0.49,
        "weightedAverageShsOut": 81957000,
        "weightedAverageShsOutDil": 81957000,
        "link": "https://www.sec.gov/Archives/edgar/data/750577/000119312515179398/0001193125-15-179398-index.htm",
        "finalLink": "https://www.sec.gov/Archives/edgar/data/750577/000119312515179398/d905679d10q.htm"
    },
    {
        "date": "2014-12-31",
        "symbol": "HWC",
        "reportedCurrency": "USD",
        "cik": "0000750577",
        "fillingDate": "2015-02-27",
        "acceptedDate": "2015-02-27 17:08:37",
        "calendarYear": "2014",
        "period": "Q4",
        "revenue": 230045000,
        "costOfRevenue": 19876000,
        "grossProfit": 210169000,
        "grossProfitRatio": 0.9135995131,
        "researchAndDevelopmentExpenses": 0,
        "generalAndAdministrativeExpenses": 106762000,
        "sellingAndMarketingExpenses": 2542000,
        "sellingGeneralAndAdministrativeExpenses": 109304000,
        "otherExpenses": 46556000,
        "operatingExpenses": 155860000,
        "costAndExpenses": 175736000,
        "interestIncome": 170971000,
        "interestExpense": 10158000,
        "depreciationAndAmortization": 13780000,
        "ebitda": 68089000,
        "ebitdaratio": 0.2959812211,
        "operatingIncome": 54309000,
        "operatingIncomeRatio": 0.2360798974,
        "totalOtherIncomeExpensesNet": 0,
        "incomeBeforeTax": 54309000,
        "incomeBeforeTaxRatio": 0.2360798974,
        "incomeTaxExpense": 14217000,
        "netIncome": 40092000,
        "netIncomeRatio": 0.1742789454,
        "eps": 0.48,
        "epsdiluted": 0.48,
        "weightedAverageShsOut": 83525000,
        "weightedAverageShsOutDil": 83525000,
        "link": "https://www.sec.gov/Archives/edgar/data/750577/000119312515070213/0001193125-15-070213-index.htm",
        "finalLink": "https://www.sec.gov/Archives/edgar/data/750577/000119312515070213/d837451d10k.htm"
    },
    {
        "date": "2014-09-30",
        "symbol": "HWC",
        "reportedCurrency": "USD",
        "cik": "0000750577",
        "fillingDate": "2014-11-07",
        "acceptedDate": "2014-11-07 16:54:24",
        "calendarYear": "2014",
        "period": "Q3",
        "revenue": 233402000,
        "costOfRevenue": 18628000,
        "grossProfit": 214774000,
        "grossProfitRatio": 0.9201892015,
        "researchAndDevelopmentExpenses": 0,
        "generalAndAdministrativeExpenses": 103123000,
        "sellingAndMarketingExpenses": 2457000,
        "sellingGeneralAndAdministrativeExpenses": 105580000,
        "otherExpenses": 46259000,
        "operatingExpenses": 151839000,
        "costAndExpenses": 170467000,
        "interestIncome": 172701000,
        "interestExpense": 9160000,
        "depreciationAndAmortization": 13880000,
        "ebitda": 76815000,
        "ebitdaratio": 0.3291102904,
        "operatingIncome": 62935000,
        "operatingIncomeRatio": 0.2696420768,
        "totalOtherIncomeExpensesNet": 0,
        "incomeBeforeTax": 62935000,
        "incomeBeforeTaxRatio": 0.2696420768,
        "incomeTaxExpense": 16382000,
        "netIncome": 46553000,
        "netIncomeRatio": 0.1994541606,
        "eps": 0.56,
        "epsdiluted": 0.56,
        "weightedAverageShsOut": 83130000,
        "weightedAverageShsOutDil": 83130000,
        "link": "https://www.sec.gov/Archives/edgar/data/750577/000119312514403576/0001193125-14-403576-index.htm",
        "finalLink": "https://www.sec.gov/Archives/edgar/data/750577/000119312514403576/d788200d10q.htm"
    },
    {
        "date": "2014-06-30",
        "symbol": "HWC",
        "reportedCurrency": "USD",
        "cik": "0000750577",
        "fillingDate": "2014-08-08",
        "acceptedDate": "2014-08-08 16:59:22",
        "calendarYear": "2014",
        "period": "Q2",
        "revenue": 233720000,
        "costOfRevenue": 15914000,
        "grossProfit": 217806000,
        "grossProfitRatio": 0.9319099778,
        "researchAndDevelopmentExpenses": 0,
        "generalAndAdministrativeExpenses": 103156000,
        "sellingAndMarketingExpenses": 2179000,
        "sellingGeneralAndAdministrativeExpenses": 105335000,
        "otherExpenses": 54844000,
        "operatingExpenses": 160179000,
        "costAndExpenses": 176093000,
        "interestIncome": 174001000,
        "interestExpense": 9223000,
        "depreciationAndAmortization": 14511000,
        "ebitda": 72138000,
        "ebitdaratio": 0.3086513777,
        "operatingIncome": 57627000,
        "operatingIncomeRatio": 0.2465642649,
        "totalOtherIncomeExpensesNet": 0,
        "incomeBeforeTax": 57627000,
        "incomeBeforeTaxRatio": 0.2465642649,
        "incomeTaxExpense": 17665000,
        "netIncome": 39962000,
        "netIncomeRatio": 0.1709823721,
        "eps": 0.48,
        "epsdiluted": 0.48,
        "weightedAverageShsOut": 83254000,
        "weightedAverageShsOutDil": 83254000,
        "link": "https://www.sec.gov/Archives/edgar/data/750577/000119312514303272/0001193125-14-303272-index.htm",
        "finalLink": "https://www.sec.gov/Archives/edgar/data/750577/000119312514303272/d750426d10q.htm"
    },
    {
        "date": "2014-03-31",
        "symbol": "HWC",
        "reportedCurrency": "USD",
        "cik": "0000750577",
        "fillingDate": "2014-05-09",
        "acceptedDate": "2014-05-09 17:23:00",
        "calendarYear": "2014",
        "period": "Q1",
        "revenue": 235747000,
        "costOfRevenue": 17541000,
        "grossProfit": 218206000,
        "grossProfitRatio": 0.925593963,
        "researchAndDevelopmentExpenses": 0,
        "generalAndAdministrativeExpenses": 102853000,
        "sellingAndMarketingExpenses": 1759000,
        "sellingGeneralAndAdministrativeExpenses": 104612000,
        "otherExpenses": 46278000,
        "operatingExpenses": 150890000,
        "costAndExpenses": 168431000,
        "interestIncome": 175140000,
        "interestExpense": 9578000,
        "depreciationAndAmortization": 14937000,
        "ebitda": 82253000,
        "ebitdaratio": 0.3489036976,
        "operatingIncome": 67316000,
        "operatingIncomeRatio": 0.2855434003,
        "totalOtherIncomeExpensesNet": 0,
        "incomeBeforeTax": 67316000,
        "incomeBeforeTaxRatio": 0.2855434003,
        "incomeTaxExpense": 18201000,
        "netIncome": 49115000,
        "netIncomeRatio": 0.2083377519,
        "eps": 0.58,
        "epsdiluted": 0.58,
        "weightedAverageShsOut": 84681000,
        "weightedAverageShsOutDil": 84681000,
        "link": "https://www.sec.gov/Archives/edgar/data/750577/000119312514192773/0001193125-14-192773-index.htm",
        "finalLink": "https://www.sec.gov/Archives/edgar/data/750577/000119312514192773/d707621d10q.htm"
    },
    {
        "date": "2013-12-31",
        "symbol": "HWC",
        "reportedCurrency": "USD",
        "cik": "0000750577",
        "fillingDate": "2014-02-28",
        "acceptedDate": "2014-02-28 13:59:37",
        "calendarYear": "2013",
        "period": "Q4",
        "revenue": 243392000,
        "costOfRevenue": 16973000,
        "grossProfit": 226419000,
        "grossProfitRatio": 0.9302647581,
        "researchAndDevelopmentExpenses": 0,
        "generalAndAdministrativeExpenses": 113212000,
        "sellingAndMarketingExpenses": 3183000,
        "sellingGeneralAndAdministrativeExpenses": 116395000,
        "otherExpenses": 66563000,
        "operatingExpenses": 182958000,
        "costAndExpenses": 199931000,
        "interestIncome": 175650000,
        "interestExpense": 9643000,
        "depreciationAndAmortization": 15228000,
        "ebitda": 58689000,
        "ebitdaratio": 0.2411295359,
        "operatingIncome": 43461000,
        "operatingIncomeRatio": 0.1785637983,
        "totalOtherIncomeExpensesNet": 0,
        "incomeBeforeTax": 43462000,
        "incomeBeforeTaxRatio": 0.1785679069,
        "incomeTaxExpense": 8746000,
        "netIncome": 34716000,
        "netIncomeRatio": 0.1426341047,
        "eps": 0.41,
        "epsdiluted": 0.41,
        "weightedAverageShsOut": 82085000,
        "weightedAverageShsOutDil": 82220000,
        "link": "https://www.sec.gov/Archives/edgar/data/750577/000119312514076371/0001193125-14-076371-index.htm",
        "finalLink": "https://www.sec.gov/Archives/edgar/data/750577/000119312514076371/d643369d10k.htm"
    },
    {
        "date": "2013-09-30",
        "symbol": "HWC",
        "reportedCurrency": "USD",
        "cik": "0000750577",
        "fillingDate": "2013-11-08",
        "acceptedDate": "2013-11-08 16:41:17",
        "calendarYear": "2013",
        "period": "Q3",
        "revenue": 245286000,
        "costOfRevenue": 17678000,
        "grossProfit": 227608000,
        "grossProfitRatio": 0.9279290298,
        "researchAndDevelopmentExpenses": 0,
        "generalAndAdministrativeExpenses": 111450000,
        "sellingAndMarketingExpenses": 2858000,
        "sellingGeneralAndAdministrativeExpenses": 114308000,
        "otherExpenses": 68487000,
        "operatingExpenses": 182795000,
        "costAndExpenses": 200473000,
        "interestIncome": 181639000,
        "interestExpense": 10109000,
        "depreciationAndAmortization": 15463000,
        "ebitda": 60276000,
        "ebitdaratio": 0.2457376287,
        "operatingIncome": 44813000,
        "operatingIncomeRatio": 0.1826969334,
        "totalOtherIncomeExpensesNet": 0,
        "incomeBeforeTax": 44813000,
        "incomeBeforeTaxRatio": 0.1826969334,
        "incomeTaxExpense": 11611000,
        "netIncome": 33202000,
        "netIncomeRatio": 0.1353603549,
        "eps": 0.4,
        "epsdiluted": 0.4,
        "weightedAverageShsOut": 82091000,
        "weightedAverageShsOutDil": 82205000,
        "link": "https://www.sec.gov/Archives/edgar/data/750577/000119312513435360/0001193125-13-435360-index.htm",
        "finalLink": "https://www.sec.gov/Archives/edgar/data/750577/000119312513435360/d605918d10q.htm"
    },
    {
        "date": "2013-06-30",
        "symbol": "HWC",
        "reportedCurrency": "USD",
        "cik": "0000750577",
        "fillingDate": "2013-08-08",
        "acceptedDate": "2013-08-08 17:28:19",
        "calendarYear": "2013",
        "period": "Q2",
        "revenue": 243546000,
        "costOfRevenue": 18727000,
        "grossProfit": 224819000,
        "grossProfitRatio": 0.9231069285,
        "researchAndDevelopmentExpenses": 0,
        "generalAndAdministrativeExpenses": 111969000,
        "sellingAndMarketingExpenses": 2181000,
        "sellingGeneralAndAdministrativeExpenses": 114150000,
        "otherExpenses": 48100000,
        "operatingExpenses": 162250000,
        "costAndExpenses": 180977000,
        "interestIncome": 179649000,
        "interestExpense": 10470000,
        "depreciationAndAmortization": 15491000,
        "ebitda": 78060000,
        "ebitdaratio": 0.3205143997,
        "operatingIncome": 62569000,
        "operatingIncomeRatio": 0.2569083459,
        "totalOtherIncomeExpensesNet": 0,
        "incomeBeforeTax": 62569000,
        "incomeBeforeTaxRatio": 0.2569083459,
        "incomeTaxExpense": 15707000,
        "netIncome": 46862000,
        "netIncomeRatio": 0.1924153959,
        "eps": 0.55,
        "epsdiluted": 0.55,
        "weightedAverageShsOut": 83279000,
        "weightedAverageShsOutDil": 83357000,
        "link": "https://www.sec.gov/Archives/edgar/data/750577/000119312513327203/0001193125-13-327203-index.htm",
        "finalLink": "https://www.sec.gov/Archives/edgar/data/750577/000119312513327203/d551422d10q.htm"
    },
    {
        "date": "2013-03-31",
        "symbol": "HWC",
        "reportedCurrency": "USD",
        "cik": "0000750577",
        "fillingDate": "2013-05-08",
        "acceptedDate": "2013-05-08 16:19:05",
        "calendarYear": "2013",
        "period": "Q1",
        "revenue": 245459000,
        "costOfRevenue": 20835000,
        "grossProfit": 224624000,
        "grossProfitRatio": 0.9151182071,
        "researchAndDevelopmentExpenses": 0,
        "generalAndAdministrativeExpenses": 109923000,
        "sellingAndMarketingExpenses": 2177000,
        "sellingGeneralAndAdministrativeExpenses": 112100000,
        "otherExpenses": 47502000,
        "operatingExpenses": 159602000,
        "costAndExpenses": 180437000,
        "interestIncome": 185272000,
        "interestExpense": 11257000,
        "depreciationAndAmortization": 15516000,
        "ebitda": 80538000,
        "ebitdaratio": 0.3281118232,
        "operatingIncome": 65022000,
        "operatingIncomeRatio": 0.264899637,
        "totalOtherIncomeExpensesNet": 0,
        "incomeBeforeTax": 65022000,
        "incomeBeforeTaxRatio": 0.264899637,
        "incomeTaxExpense": 16446000,
        "netIncome": 48576000,
        "netIncomeRatio": 0.1978986307,
        "eps": 0.56,
        "epsdiluted": 0.56,
        "weightedAverageShsOut": 84871000,
        "weightedAverageShsOutDil": 84972000,
        "link": "https://www.sec.gov/Archives/edgar/data/750577/000119312513207530/0001193125-13-207530-index.htm",
        "finalLink": "https://www.sec.gov/Archives/edgar/data/750577/000119312513207530/d510057d10q.htm"
    },
    {
        "date": "2012-12-31",
        "symbol": "HWC",
        "reportedCurrency": "USD",
        "cik": "0000750577",
        "fillingDate": "2013-02-28",
        "acceptedDate": "2013-02-28 15:47:54",
        "calendarYear": "2012",
        "period": "Q4",
        "revenue": 251069000,
        "costOfRevenue": 39326000,
        "grossProfit": 211743000,
        "grossProfitRatio": 0.843365768,
        "researchAndDevelopmentExpenses": 0,
        "generalAndAdministrativeExpenses": 117456000,
        "sellingAndMarketingExpenses": 1252000,
        "sellingGeneralAndAdministrativeExpenses": 118708000,
        "otherExpenses": 34210000,
        "operatingExpenses": 152918000,
        "costAndExpenses": 192244000,
        "interestIncome": 191139000,
        "interestExpense": 11275000,
        "depreciationAndAmortization": 15305000,
        "ebitda": 74130000,
        "ebitdaratio": 0.295257479,
        "operatingIncome": 58825000,
        "operatingIncomeRatio": 0.2342981411,
        "totalOtherIncomeExpensesNet": 0,
        "incomeBeforeTax": 58825000,
        "incomeBeforeTaxRatio": 0.2342981411,
        "incomeTaxExpense": 11866000,
        "netIncome": 46959000,
        "netIncomeRatio": 0.1870362331,
        "eps": 0.55,
        "epsdiluted": 0.54,
        "weightedAverageShsOut": 84798000,
        "weightedAverageShsOutDil": 85777000,
        "link": "https://www.sec.gov/Archives/edgar/data/750577/000119312513083995/0001193125-13-083995-index.htm",
        "finalLink": "https://www.sec.gov/Archives/edgar/data/750577/000119312513083995/d455743d10k.htm"
    },
    {
        "date": "2012-09-30",
        "symbol": "HWC",
        "reportedCurrency": "USD",
        "cik": "0000750577",
        "fillingDate": "2012-11-08",
        "acceptedDate": "2012-11-08 15:04:17",
        "calendarYear": "2012",
        "period": "Q3",
        "revenue": 248374000,
        "costOfRevenue": 20050000,
        "grossProfit": 228324000,
        "grossProfitRatio": 0.9192749644,
        "researchAndDevelopmentExpenses": 0,
        "generalAndAdministrativeExpenses": 115798000,
        "sellingAndMarketingExpenses": 2243000,
        "sellingGeneralAndAdministrativeExpenses": 118041000,
        "otherExpenses": 47083000,
        "operatingExpenses": 165124000,
        "costAndExpenses": 185174000,
        "interestIncome": 189205000,
        "interestExpense": 11949000,
        "depreciationAndAmortization": 16195000,
        "ebitda": 79395000,
        "ebitdaratio": 0.3196590625,
        "operatingIncome": 63200000,
        "operatingIncomeRatio": 0.2544549752,
        "totalOtherIncomeExpensesNet": 0,
        "incomeBeforeTax": 63200000,
        "incomeBeforeTaxRatio": 0.2544549752,
        "incomeTaxExpense": 16216000,
        "netIncome": 46703000,
        "netIncomeRatio": 0.1880349795,
        "eps": 0.55,
        "epsdiluted": 0.55,
        "weightedAverageShsOut": 84777000,
        "weightedAverageShsOutDil": 85632000,
        "link": "https://www.sec.gov/Archives/edgar/data/750577/000119312512460149/0001193125-12-460149-index.htm",
        "finalLink": "https://www.sec.gov/Archives/edgar/data/750577/000119312512460149/d404927d10q.htm"
    },
    {
        "date": "2012-06-30",
        "symbol": "HWC",
        "reportedCurrency": "USD",
        "cik": "0000750577",
        "fillingDate": "2012-08-08",
        "acceptedDate": "2012-08-08 17:22:54",
        "calendarYear": "2012",
        "period": "Q2",
        "revenue": 249434000,
        "costOfRevenue": 21055000,
        "grossProfit": 228379000,
        "grossProfitRatio": 0.9155888933,
        "researchAndDevelopmentExpenses": 0,
        "generalAndAdministrativeExpenses": 117158000,
        "sellingAndMarketingExpenses": 3330000,
        "sellingGeneralAndAdministrativeExpenses": 120488000,
        "otherExpenses": 54877000,
        "operatingExpenses": 175365000,
        "costAndExpenses": 196420000,
        "interestIncome": 190489000,
        "interestExpense": 13030000,
        "depreciationAndAmortization": 16424000,
        "ebitda": 69438000,
        "ebitdaratio": 0.2783822574,
        "operatingIncome": 53014000,
        "operatingIncomeRatio": 0.2125371842,
        "totalOtherIncomeExpensesNet": 0,
        "incomeBeforeTax": 53014000,
        "incomeBeforeTaxRatio": 0.2125371842,
        "incomeTaxExpense": 13710000,
        "netIncome": 39010000,
        "netIncomeRatio": 0.1563940762,
        "eps": 0.46,
        "epsdiluted": 0.46,
        "weightedAverageShsOut": 84751000,
        "weightedAverageShsOutDil": 85500000,
        "link": "https://www.sec.gov/Archives/edgar/data/750577/000119312512344394/0001193125-12-344394-index.htm",
        "finalLink": "https://www.sec.gov/Archives/edgar/data/750577/000119312512344394/d361449d10q.htm"
    },
    {
        "date": "2012-03-31",
        "symbol": "HWC",
        "reportedCurrency": "USD",
        "cik": "0000750577",
        "fillingDate": "2012-05-09",
        "acceptedDate": "2012-05-09 15:47:13",
        "calendarYear": "2012",
        "period": "Q1",
        "revenue": 250789000,
        "costOfRevenue": 25443000,
        "grossProfit": 225346000,
        "grossProfitRatio": 0.8985481819,
        "researchAndDevelopmentExpenses": 0,
        "generalAndAdministrativeExpenses": 122844000,
        "sellingAndMarketingExpenses": 6690000,
        "sellingGeneralAndAdministrativeExpenses": 129534000,
        "otherExpenses": 73496000,
        "operatingExpenses": 203030000,
        "costAndExpenses": 228473000,
        "interestIncome": 191716000,
        "interestExpense": 15428000,
        "depreciationAndAmortization": 16999000,
        "ebitda": 39315000,
        "ebitdaratio": 0.1567652489,
        "operatingIncome": 22316000,
        "operatingIncomeRatio": 0.0889831691,
        "totalOtherIncomeExpensesNet": 0,
        "incomeBeforeTax": 22316000,
        "incomeBeforeTaxRatio": 0.0889831691,
        "incomeTaxExpense": 3821000,
        "netIncome": 18495000,
        "netIncomeRatio": 0.0737472537,
        "eps": 0.22,
        "epsdiluted": 0.22,
        "weightedAverageShsOut": 84741000,
        "weightedAverageShsOutDil": 85442000,
        "link": "https://www.sec.gov/Archives/edgar/data/750577/000119312512221893/0001193125-12-221893-index.htm",
        "finalLink": "https://www.sec.gov/Archives/edgar/data/750577/000119312512221893/d329989d10q.htm"
    },
    {
        "date": "2011-12-31",
        "symbol": "HWC",
        "reportedCurrency": "USD",
        "cik": "0000750577",
        "fillingDate": "2012-02-28",
        "acceptedDate": "2012-02-28 17:22:55",
        "calendarYear": "2011",
        "period": "Q4",
        "revenue": 257072000,
        "costOfRevenue": 29642000,
        "grossProfit": 227430000,
        "grossProfitRatio": 0.8846937823,
        "researchAndDevelopmentExpenses": 0,
        "generalAndAdministrativeExpenses": 170951000,
        "sellingAndMarketingExpenses": 17687000,
        "sellingGeneralAndAdministrativeExpenses": 188638000,
        "otherExpenses": 16972000,
        "operatingExpenses": 205610000,
        "costAndExpenses": 235252000,
        "interestIncome": 196499000,
        "interestExpense": 18130000,
        "depreciationAndAmortization": 16094000,
        "ebitda": 37914000,
        "ebitdaratio": 0.1474839734,
        "operatingIncome": 21820000,
        "operatingIncomeRatio": 0.0848789444,
        "totalOtherIncomeExpensesNet": 0,
        "incomeBeforeTax": 21820000,
        "incomeBeforeTaxRatio": 0.0848789444,
        "incomeTaxExpense": 2854000,
        "netIncome": 18966000,
        "netIncomeRatio": 0.0737769963,
        "eps": 0.22,
        "epsdiluted": 0.22,
        "weightedAverageShsOut": 84741000,
        "weightedAverageShsOutDil": 84741000,
        "link": "https://www.sec.gov/Archives/edgar/data/750577/000119312512085826/0001193125-12-085826-index.htm",
        "finalLink": "https://www.sec.gov/Archives/edgar/data/750577/000119312512085826/d281615d10k.htm"
    },
    {
        "date": "2011-09-30",
        "symbol": "HWC",
        "reportedCurrency": "USD",
        "cik": "0000750577",
        "fillingDate": "2011-11-08",
        "acceptedDate": "2011-11-08 16:35:40",
        "calendarYear": "2011",
        "period": "Q3",
        "revenue": 262648000,
        "costOfRevenue": 29909000,
        "grossProfit": 232739000,
        "grossProfitRatio": 0.8861251561,
        "researchAndDevelopmentExpenses": 0,
        "generalAndAdministrativeExpenses": 119306000,
        "sellingAndMarketingExpenses": 3852000,
        "sellingGeneralAndAdministrativeExpenses": 123158000,
        "otherExpenses": 70861000,
        "operatingExpenses": 194019000,
        "costAndExpenses": 223928000,
        "interestIncome": 197695000,
        "interestExpense": 20653000,
        "depreciationAndAmortization": 13571000,
        "ebitda": 52291000,
        "ebitdaratio": 0.1990915598,
        "operatingIncome": 38720000,
        "operatingIncomeRatio": 0.1474216442,
        "totalOtherIncomeExpensesNet": 0,
        "incomeBeforeTax": 38718000,
        "incomeBeforeTaxRatio": 0.1474140294,
        "incomeTaxExpense": 8342000,
        "netIncome": 30378000,
        "netIncomeRatio": 0.1156605038,
        "eps": 0.36,
        "epsdiluted": 0.36,
        "weightedAverageShsOut": 84699000,
        "weightedAverageShsOutDil": 84985000,
        "link": "https://www.sec.gov/Archives/edgar/data/750577/000119312511302256/0001193125-11-302256-index.htm",
        "finalLink": "https://www.sec.gov/Archives/edgar/data/750577/000119312511302256/d230137d10q.htm"
    },
    {
        "date": "2011-06-30",
        "symbol": "HWC",
        "reportedCurrency": "USD",
        "cik": "0000750577",
        "fillingDate": "2011-08-09",
        "acceptedDate": "2011-08-09 16:32:41",
        "calendarYear": "2011",
        "period": "Q2",
        "revenue": 162157000,
        "costOfRevenue": 25562000,
        "grossProfit": 136595000,
        "grossProfitRatio": 0.8423626485,
        "researchAndDevelopmentExpenses": 0,
        "generalAndAdministrativeExpenses": 71515000,
        "sellingAndMarketingExpenses": 2127000,
        "sellingGeneralAndAdministrativeExpenses": 73642000,
        "otherExpenses": 47724000,
        "operatingExpenses": 121366000,
        "costAndExpenses": 146928000,
        "interestIncome": 115477000,
        "interestExpense": 16418000,
        "depreciationAndAmortization": 7675000,
        "ebitda": 22904000,
        "ebitdaratio": 0.1412458297,
        "operatingIncome": 15229000,
        "operatingIncomeRatio": 0.0939151563,
        "totalOtherIncomeExpensesNet": 0,
        "incomeBeforeTax": 15228000,
        "incomeBeforeTaxRatio": 0.0939089894,
        "incomeTaxExpense": 3140000,
        "netIncome": 12088000,
        "netIncomeRatio": 0.0745450397,
        "eps": 0.22,
        "epsdiluted": 0.22,
        "weightedAverageShsOut": 54890000,
        "weightedAverageShsOutDil": 55035000,
        "link": "https://www.sec.gov/Archives/edgar/data/750577/000119312511216570/0001193125-11-216570-index.htm",
        "finalLink": "https://www.sec.gov/Archives/edgar/data/750577/000119312511216570/d10q.htm"
    },
    {
        "date": "2011-03-31",
        "symbol": "HWC",
        "reportedCurrency": "USD",
        "cik": "0000750577",
        "fillingDate": "2011-05-05",
        "acceptedDate": "2011-05-05 16:11:46",
        "calendarYear": "2011",
        "period": "Q1",
        "revenue": 116665000,
        "costOfRevenue": 24591000,
        "grossProfit": 92074000,
        "grossProfitRatio": 0.7892169888,
        "researchAndDevelopmentExpenses": 0,
        "generalAndAdministrativeExpenses": 48852000,
        "sellingAndMarketingExpenses": 2049000,
        "sellingGeneralAndAdministrativeExpenses": 50901000,
        "otherExpenses": 22118000,
        "operatingExpenses": 73019000,
        "costAndExpenses": 97610000,
        "interestIncome": 82533000,
        "interestExpense": 15769000,
        "depreciationAndAmortization": 3816000,
        "ebitda": 22871000,
        "ebitdaratio": 0.1960399434,
        "operatingIncome": 19055000,
        "operatingIncomeRatio": 0.1633309047,
        "totalOtherIncomeExpensesNet": 0,
        "incomeBeforeTax": 19055000,
        "incomeBeforeTaxRatio": 0.1633309047,
        "incomeTaxExpense": 3727000,
        "netIncome": 15328000,
        "netIncomeRatio": 0.1313847341,
        "eps": 0.41,
        "epsdiluted": 0.41,
        "weightedAverageShsOut": 37333000,
        "weightedAverageShsOutDil": 37521000,
        "link": "https://www.sec.gov/Archives/edgar/data/750577/000119312511128474/0001193125-11-128474-index.htm",
        "finalLink": "https://www.sec.gov/Archives/edgar/data/750577/000119312511128474/d10q.htm"
    },
    {
        "date": "2010-12-31",
        "symbol": "HWC",
        "reportedCurrency": "USD",
        "cik": "0000750577",
        "fillingDate": "2011-02-28",
        "acceptedDate": "2011-02-28 16:34:32",
        "calendarYear": "2010",
        "period": "Q4",
        "revenue": 120108000,
        "costOfRevenue": 27491000,
        "grossProfit": 92617000,
        "grossProfitRatio": 0.7711143304,
        "researchAndDevelopmentExpenses": 0,
        "generalAndAdministrativeExpenses": 36006000,
        "sellingAndMarketingExpenses": 0,
        "sellingGeneralAndAdministrativeExpenses": 36006000,
        "otherExpenses": 35252000,
        "operatingExpenses": 71258000,
        "costAndExpenses": 98749000,
        "interestIncome": 85041000,
        "interestExpense": 16101000,
        "depreciationAndAmortization": 4038000,
        "ebitda": 25397000,
        "ebitdaratio": 0.2114513604,
        "operatingIncome": 21359000,
        "operatingIncomeRatio": 0.1778316182,
        "totalOtherIncomeExpensesNet": 0,
        "incomeBeforeTax": 21359000,
        "incomeBeforeTaxRatio": 0.1778316182,
        "incomeTaxExpense": 4340000,
        "netIncome": 17019000,
        "netIncomeRatio": 0.1416974723,
        "eps": 0.46,
        "epsdiluted": 0.46,
        "weightedAverageShsOut": 36912000,
        "weightedAverageShsOutDil": 37333000,
        "link": "https://www.sec.gov/Archives/edgar/data/750577/000119312511050016/0001193125-11-050016-index.htm",
        "finalLink": "https://www.sec.gov/Archives/edgar/data/750577/000119312511050016/d10k.htm"
    },
    {
        "date": "2010-09-30",
        "symbol": "HWC",
        "reportedCurrency": "USD",
        "cik": "0000750577",
        "fillingDate": "2010-11-04",
        "acceptedDate": "2010-11-04 08:49:50",
        "calendarYear": "2010",
        "period": "Q3",
        "revenue": 120606000,
        "costOfRevenue": 34834000,
        "grossProfit": 85772000,
        "grossProfitRatio": 0.7111752317,
        "researchAndDevelopmentExpenses": 0,
        "generalAndAdministrativeExpenses": 35890000,
        "sellingAndMarketingExpenses": 0,
        "sellingGeneralAndAdministrativeExpenses": 35890000,
        "otherExpenses": 32170000,
        "operatingExpenses": 68060000,
        "costAndExpenses": 102894000,
        "interestIncome": 85398000,
        "interestExpense": 18576000,
        "depreciationAndAmortization": 3834000,
        "ebitda": 21546000,
        "ebitdaratio": 0.1786478285,
        "operatingIncome": 17712000,
        "operatingIncomeRatio": 0.1468583653,
        "totalOtherIncomeExpensesNet": 0,
        "incomeBeforeTax": 17712000,
        "incomeBeforeTaxRatio": 0.1468583653,
        "incomeTaxExpense": 2859000,
        "netIncome": 14853000,
        "netIncomeRatio": 0.123153077,
        "eps": 0.4,
        "epsdiluted": 0.4,
        "weightedAverageShsOut": 36883000,
        "weightedAverageShsOutDil": 36883000,
        "link": "https://www.sec.gov/Archives/edgar/data/750577/000119312510247267/0001193125-10-247267-index.htm",
        "finalLink": "https://www.sec.gov/Archives/edgar/data/750577/000119312510247267/d10q.htm"
    },
    {
        "date": "2010-06-30",
        "symbol": "HWC",
        "reportedCurrency": "USD",
        "cik": "0000750577",
        "fillingDate": "2010-08-05",
        "acceptedDate": "2010-08-05 16:12:44",
        "calendarYear": "2010",
        "period": "Q2",
        "revenue": 125034000,
        "costOfRevenue": 46385000,
        "grossProfit": 78649000,
        "grossProfitRatio": 0.6290209063,
        "researchAndDevelopmentExpenses": 0,
        "generalAndAdministrativeExpenses": 35379000,
        "sellingAndMarketingExpenses": 0,
        "sellingGeneralAndAdministrativeExpenses": 35379000,
        "otherExpenses": 36743000,
        "operatingExpenses": 72122000,
        "costAndExpenses": 118507000,
        "interestIncome": 89741000,
        "interestExpense": 21868000,
        "depreciationAndAmortization": 4196000,
        "ebitda": 10723000,
        "ebitdaratio": 0.0857606731,
        "operatingIncome": 6527000,
        "operatingIncomeRatio": 0.0522018011,
        "totalOtherIncomeExpensesNet": 0,
        "incomeBeforeTax": 6527000,
        "incomeBeforeTaxRatio": 0.0522018011,
        "incomeTaxExpense": 27000,
        "netIncome": 6500000,
        "netIncomeRatio": 0.0519858598,
        "eps": 0.17,
        "epsdiluted": 0.17,
        "weightedAverageShsOut": 36876000,
        "weightedAverageShsOutDil": 37078000,
        "link": "https://www.sec.gov/Archives/edgar/data/750577/000119312510179334/0001193125-10-179334-index.htm",
        "finalLink": "https://www.sec.gov/Archives/edgar/data/750577/000119312510179334/d10q.htm"
    },
    {
        "date": "2010-03-31",
        "symbol": "HWC",
        "reportedCurrency": "USD",
        "cik": "0000750577",
        "fillingDate": "2010-05-06",
        "acceptedDate": "2010-05-06 10:42:56",
        "calendarYear": "2010",
        "period": "Q1",
        "revenue": 123760000,
        "costOfRevenue": 39626000,
        "grossProfit": 84134000,
        "grossProfitRatio": 0.6798157725,
        "researchAndDevelopmentExpenses": 0,
        "generalAndAdministrativeExpenses": 34767000,
        "sellingAndMarketingExpenses": 0,
        "sellingGeneralAndAdministrativeExpenses": 34767000,
        "otherExpenses": 33055000,
        "operatingExpenses": 67822000,
        "costAndExpenses": 107448000,
        "interestIncome": 92379000,
        "interestExpense": 25800000,
        "depreciationAndAmortization": 4342000,
        "ebitda": 20654000,
        "ebitdaratio": 0.1668875242,
        "operatingIncome": 16312000,
        "operatingIncomeRatio": 0.1318034906,
        "totalOtherIncomeExpensesNet": 0,
        "incomeBeforeTax": 16312000,
        "incomeBeforeTaxRatio": 0.1318034906,
        "incomeTaxExpense": 2478000,
        "netIncome": 13834000,
        "netIncomeRatio": 0.1117808662,
        "eps": 0.37,
        "epsdiluted": 0.37,
        "weightedAverageShsOut": 36868000,
        "weightedAverageShsOutDil": 37105000,
        "link": "https://www.sec.gov/Archives/edgar/data/750577/000119312510110121/0001193125-10-110121-index.htm",
        "finalLink": "https://www.sec.gov/Archives/edgar/data/750577/000119312510110121/d10q.htm"
    },
    {
        "date": "2009-12-31",
        "symbol": "HWC",
        "reportedCurrency": "USD",
        "cik": "0000750577",
        "fillingDate": "2010-02-17",
        "acceptedDate": "2010-02-17 16:02:26",
        "calendarYear": "2009",
        "period": "Q4",
        "revenue": 145775000,
        "costOfRevenue": 37714000,
        "grossProfit": 108061000,
        "grossProfitRatio": 0.7412862288,
        "researchAndDevelopmentExpenses": 0,
        "generalAndAdministrativeExpenses": 32859000,
        "sellingAndMarketingExpenses": 0,
        "sellingGeneralAndAdministrativeExpenses": 32859000,
        "otherExpenses": 30798000,
        "operatingExpenses": 63657000,
        "costAndExpenses": 101371000,
        "interestIncome": 82416000,
        "interestExpense": 21880000,
        "depreciationAndAmortization": 4030000,
        "ebitda": 48434000,
        "ebitdaratio": 0.3322517578,
        "operatingIncome": 44404000,
        "operatingIncomeRatio": 0.304606414,
        "totalOtherIncomeExpensesNet": 0,
        "incomeBeforeTax": 44404000,
        "incomeBeforeTaxRatio": 0.304606414,
        "incomeTaxExpense": 12624000,
        "netIncome": 31780000,
        "netIncomeRatio": 0.2180072029,
        "eps": 0.86,
        "epsdiluted": 0.86,
        "weightedAverageShsOut": 35504000,
        "weightedAverageShsOutDil": 36868000,
        "link": "https://www.sec.gov/Archives/edgar/data/750577/000119312510033208/0001193125-10-033208-index.htm",
        "finalLink": "https://www.sec.gov/Archives/edgar/data/750577/000119312510033208/d10k.htm"
    },
    {
        "date": "2009-09-30",
        "symbol": "HWC",
        "reportedCurrency": "USD",
        "cik": "0000750577",
        "fillingDate": "2009-11-05",
        "acceptedDate": "2009-11-05 06:03:53",
        "calendarYear": "2009",
        "period": "Q3",
        "revenue": 110166000,
        "costOfRevenue": 35499000,
        "grossProfit": 74667000,
        "grossProfitRatio": 0.6777680954,
        "researchAndDevelopmentExpenses": 0,
        "generalAndAdministrativeExpenses": 29113000,
        "sellingAndMarketingExpenses": 0,
        "sellingGeneralAndAdministrativeExpenses": 29113000,
        "otherExpenses": 26636000,
        "operatingExpenses": 55749000,
        "costAndExpenses": 91248000,
        "interestIncome": 79758000,
        "interestExpense": 22004000,
        "depreciationAndAmortization": 4162000,
        "ebitda": 23080000,
        "ebitdaratio": 0.2095020242,
        "operatingIncome": 18918000,
        "operatingIncomeRatio": 0.1717226731,
        "totalOtherIncomeExpensesNet": 0,
        "incomeBeforeTax": 18918000,
        "incomeBeforeTaxRatio": 0.1717226731,
        "incomeTaxExpense": 3700000,
        "netIncome": 15218000,
        "netIncomeRatio": 0.1381369933,
        "eps": 0.48,
        "epsdiluted": 0.47,
        "weightedAverageShsOut": 31857000,
        "weightedAverageShsOutDil": 32058000,
        "link": "https://www.sec.gov/Archives/edgar/data/750577/000114036109024798/0001140361-09-024798-index.htm",
        "finalLink": "https://www.sec.gov/Archives/edgar/data/750577/000114036109024798/form10q.htm"
    },
    {
        "date": "2009-06-30",
        "symbol": "HWC",
        "reportedCurrency": "USD",
        "cik": "0000750577",
        "fillingDate": "2009-08-06",
        "acceptedDate": "2009-08-06 06:10:53",
        "calendarYear": "2009",
        "period": "Q2",
        "revenue": 114609000,
        "costOfRevenue": 40332000,
        "grossProfit": 74277000,
        "grossProfitRatio": 0.6480904641,
        "researchAndDevelopmentExpenses": 0,
        "generalAndAdministrativeExpenses": 28703000,
        "sellingAndMarketingExpenses": 0,
        "sellingGeneralAndAdministrativeExpenses": 28703000,
        "otherExpenses": 29523000,
        "operatingExpenses": 58226000,
        "costAndExpenses": 98558000,
        "interestIncome": 80105000,
        "interestExpense": 23413000,
        "depreciationAndAmortization": 4796000,
        "ebitda": 20847000,
        "ebitdaratio": 0.1818967097,
        "operatingIncome": 16051000,
        "operatingIncomeRatio": 0.1400500833,
        "totalOtherIncomeExpensesNet": 0,
        "incomeBeforeTax": 16051000,
        "incomeBeforeTaxRatio": 0.1400500833,
        "incomeTaxExpense": 2305000,
        "netIncome": 13746000,
        "netIncomeRatio": 0.1199382247,
        "eps": 0.43,
        "epsdiluted": 0.43,
        "weightedAverageShsOut": 31820000,
        "weightedAverageShsOutDil": 32009000,
        "link": "https://www.sec.gov/Archives/edgar/data/750577/000114036109018031/0001140361-09-018031-index.htm",
        "finalLink": "https://www.sec.gov/Archives/edgar/data/750577/000114036109018031/form10q.htm"
    },
    {
        "date": "2009-03-31",
        "symbol": "HWC",
        "reportedCurrency": "USD",
        "cik": "0000750577",
        "fillingDate": "2009-05-07",
        "acceptedDate": "2009-05-07 06:50:38",
        "calendarYear": "2009",
        "period": "Q1",
        "revenue": 110503000,
        "costOfRevenue": 36344000,
        "grossProfit": 74159000,
        "grossProfitRatio": 0.6711039519,
        "researchAndDevelopmentExpenses": 0,
        "generalAndAdministrativeExpenses": 30775000,
        "sellingAndMarketingExpenses": 0,
        "sellingGeneralAndAdministrativeExpenses": 30775000,
        "otherExpenses": 25063000,
        "operatingExpenses": 55838000,
        "costAndExpenses": 92182000,
        "interestIncome": 81448000,
        "interestExpense": 28002000,
        "depreciationAndAmortization": 4109000,
        "ebitda": 22430000,
        "ebitdaratio": 0.2029809145,
        "operatingIncome": 18321000,
        "operatingIncomeRatio": 0.1657964037,
        "totalOtherIncomeExpensesNet": 0,
        "incomeBeforeTax": 18321000,
        "incomeBeforeTaxRatio": 0.1657964037,
        "incomeTaxExpense": 4290000,
        "netIncome": 14031000,
        "netIncomeRatio": 0.1269739283,
        "eps": 0.44,
        "epsdiluted": 0.44,
        "weightedAverageShsOut": 31805000,
        "weightedAverageShsOutDil": 31937000,
        "link": "https://www.sec.gov/Archives/edgar/data/750577/000116923209002427/0001169232-09-002427-index.htm",
        "finalLink": "https://www.sec.gov/Archives/edgar/data/750577/000116923209002427/d76905_10-q.htm"
    },
    {
        "date": "2008-12-31",
        "symbol": "HWC",
        "reportedCurrency": "USD",
        "cik": "0000750577",
        "fillingDate": "2009-02-27",
        "acceptedDate": "2009-02-27 06:49:49",
        "calendarYear": "2008",
        "period": "Q4",
        "revenue": 114205000,
        "costOfRevenue": 49844000,
        "grossProfit": 64361000,
        "grossProfitRatio": 0.563556762,
        "researchAndDevelopmentExpenses": 0,
        "generalAndAdministrativeExpenses": 28447000,
        "sellingAndMarketingExpenses": 0,
        "sellingGeneralAndAdministrativeExpenses": 23010000,
        "otherExpenses": 32627000,
        "operatingExpenses": 55637000,
        "costAndExpenses": 105481000,
        "interestIncome": 84801000,
        "interestExpense": 32728000,
        "depreciationAndAmortization": 4302000,
        "ebitda": 13026000,
        "ebitdaratio": 0.1140580535,
        "operatingIncome": 8724000,
        "operatingIncomeRatio": 0.0763889497,
        "totalOtherIncomeExpensesNet": 0,
        "incomeBeforeTax": 8724000,
        "incomeBeforeTaxRatio": 0.0763889497,
        "incomeTaxExpense": 404000,
        "netIncome": 8320000,
        "netIncomeRatio": 0.0728514513,
        "eps": 0.26,
        "epsdiluted": 0.26,
        "weightedAverageShsOut": 31758000,
        "weightedAverageShsOutDil": 31805000,
        "link": "https://www.sec.gov/Archives/edgar/data/750577/000116923209001195/0001169232-09-001195-index.htm",
        "finalLink": "https://www.sec.gov/Archives/edgar/data/750577/000116923209001195/d76266_10-k.htm"
    },
    {
        "date": "2008-09-30",
        "symbol": "HWC",
        "reportedCurrency": "USD",
        "cik": "0000750577",
        "fillingDate": "2008-11-05",
        "acceptedDate": "2008-11-05 11:06:29",
        "calendarYear": "2008",
        "period": "Q3",
        "revenue": 114247000,
        "costOfRevenue": 37421000,
        "grossProfit": 76826000,
        "grossProfitRatio": 0.6724552942,
        "researchAndDevelopmentExpenses": 0,
        "generalAndAdministrativeExpenses": 28664000,
        "sellingAndMarketingExpenses": 2187000,
        "sellingGeneralAndAdministrativeExpenses": 30851000,
        "otherExpenses": 24632000,
        "operatingExpenses": 55483000,
        "costAndExpenses": 92904000,
        "interestIncome": 84132000,
        "interestExpense": 29357000,
        "depreciationAndAmortization": 3519000,
        "ebitda": 24862000,
        "ebitdaratio": 0.2176162175,
        "operatingIncome": 21343000,
        "operatingIncomeRatio": 0.1868145334,
        "totalOtherIncomeExpensesNet": 0,
        "incomeBeforeTax": 21343000,
        "incomeBeforeTaxRatio": 0.1868145334,
        "incomeTaxExpense": 5338000,
        "netIncome": 16005000,
        "netIncomeRatio": 0.1400912059,
        "eps": 0.51,
        "epsdiluted": 0.5,
        "weightedAverageShsOut": 31471000,
        "weightedAverageShsOutDil": 31905000,
        "link": "https://www.sec.gov/Archives/edgar/data/750577/000116923208003915/0001169232-08-003915-index.htm",
        "finalLink": "https://www.sec.gov/Archives/edgar/data/750577/000116923208003915/d75216_10-q.htm"
    },
    {
        "date": "2008-06-30",
        "symbol": "HWC",
        "reportedCurrency": "USD",
        "cik": "0000750577",
        "fillingDate": "2008-08-06",
        "acceptedDate": "2008-08-06 12:57:42",
        "calendarYear": "2008",
        "period": "Q2",
        "revenue": 113570000,
        "costOfRevenue": 32360000,
        "grossProfit": 81210000,
        "grossProfitRatio": 0.7150655983,
        "researchAndDevelopmentExpenses": 0,
        "generalAndAdministrativeExpenses": 27031000,
        "sellingAndMarketingExpenses": 1446000,
        "sellingGeneralAndAdministrativeExpenses": 28477000,
        "otherExpenses": 23712000,
        "operatingExpenses": 52189000,
        "costAndExpenses": 84549000,
        "interestIncome": 81754000,
        "interestExpense": 29573000,
        "depreciationAndAmortization": 5048000,
        "ebitda": 34069000,
        "ebitdaratio": 0.2999823897,
        "operatingIncome": 29021000,
        "operatingIncomeRatio": 0.2555340319,
        "totalOtherIncomeExpensesNet": 0,
        "incomeBeforeTax": 29021000,
        "incomeBeforeTaxRatio": 0.2555340319,
        "incomeTaxExpense": 8037000,
        "netIncome": 20984000,
        "netIncomeRatio": 0.184767104,
        "eps": 0.67,
        "epsdiluted": 0.66,
        "weightedAverageShsOut": 31382000,
        "weightedAverageShsOutDil": 31814000,
        "link": "https://www.sec.gov/Archives/edgar/data/750577/000116923208002896/0001169232-08-002896-index.htm",
        "finalLink": "https://www.sec.gov/Archives/edgar/data/750577/000116923208002896/d74673_10-q.htm"
    },
    {
        "date": "2008-03-31",
        "symbol": "HWC",
        "reportedCurrency": "USD",
        "cik": "0000750577",
        "fillingDate": "2008-05-07",
        "acceptedDate": "2008-05-07 07:03:25",
        "calendarYear": "2008",
        "period": "Q1",
        "revenue": 121193000,
        "costOfRevenue": 43162000,
        "grossProfit": 78031000,
        "grossProfitRatio": 0.6438573185,
        "researchAndDevelopmentExpenses": 0,
        "generalAndAdministrativeExpenses": 25631000,
        "sellingAndMarketingExpenses": 0,
        "sellingGeneralAndAdministrativeExpenses": 25631000,
        "otherExpenses": 24503000,
        "operatingExpenses": 50134000,
        "costAndExpenses": 93296000,
        "interestIncome": 84813000,
        "interestExpense": 34344000,
        "depreciationAndAmortization": 4534000,
        "ebitda": 32431000,
        "ebitdaratio": 0.2675979636,
        "operatingIncome": 27897000,
        "operatingIncomeRatio": 0.2301865619,
        "totalOtherIncomeExpensesNet": 0,
        "incomeBeforeTax": 27897000,
        "incomeBeforeTaxRatio": 0.2301865619,
        "incomeTaxExpense": 7840000,
        "netIncome": 20057000,
        "netIncomeRatio": 0.1654963571,
        "eps": 0.64,
        "epsdiluted": 0.63,
        "weightedAverageShsOut": 31346000,
        "weightedAverageShsOutDil": 31790000,
        "link": "https://www.sec.gov/Archives/edgar/data/750577/000116923208001878/0001169232-08-001878-index.htm",
        "finalLink": "https://www.sec.gov/Archives/edgar/data/750577/000116923208001878/d74179_10-q.htm"
    },
    {
        "date": "2007-12-31",
        "symbol": "HWC",
        "reportedCurrency": "USD",
        "cik": "0000750577",
        "fillingDate": "2008-02-27",
        "acceptedDate": "2008-02-27 15:20:12",
        "calendarYear": "2007",
        "period": "Q4",
        "revenue": 119047000,
        "costOfRevenue": 39658000,
        "grossProfit": 79389000,
        "grossProfitRatio": 0.6668710677,
        "researchAndDevelopmentExpenses": 0,
        "generalAndAdministrativeExpenses": 26580000,
        "sellingAndMarketingExpenses": 1642000,
        "sellingGeneralAndAdministrativeExpenses": 28222000,
        "otherExpenses": 29940000,
        "operatingExpenses": 58162000,
        "costAndExpenses": 97820000,
        "interestIncome": 87558000,
        "interestExpense": 36067000,
        "depreciationAndAmortization": 5070000,
        "ebitda": 26297000,
        "ebitdaratio": 0.2208959487,
        "operatingIncome": 21227000,
        "operatingIncomeRatio": 0.1783077272,
        "totalOtherIncomeExpensesNet": 0,
        "incomeBeforeTax": 21227000,
        "incomeBeforeTaxRatio": 0.1783077272,
        "incomeTaxExpense": 4627000,
        "netIncome": 16600000,
        "netIncomeRatio": 0.1394407251,
        "eps": 0.53,
        "epsdiluted": 0.53,
        "weightedAverageShsOut": 31055000,
        "weightedAverageShsOutDil": 31346000,
        "link": "https://www.sec.gov/Archives/edgar/data/750577/000116923208001039/0001169232-08-001039-index.htm",
        "finalLink": "https://www.sec.gov/Archives/edgar/data/750577/000116923208001039/d73726_10k.htm"
    },
    {
        "date": "2007-09-30",
        "symbol": "HWC",
        "reportedCurrency": "USD",
        "cik": "0000750577",
        "fillingDate": "2007-11-07",
        "acceptedDate": "2007-11-07 12:39:28",
        "calendarYear": "2007",
        "period": "Q3",
        "revenue": 118180000,
        "costOfRevenue": 38021000,
        "grossProfit": 80159000,
        "grossProfitRatio": 0.6782788966,
        "researchAndDevelopmentExpenses": 0,
        "generalAndAdministrativeExpenses": 28643000,
        "sellingAndMarketingExpenses": 1796000,
        "sellingGeneralAndAdministrativeExpenses": 30439000,
        "otherExpenses": 24757000,
        "operatingExpenses": 55196000,
        "costAndExpenses": 93217000,
        "interestIncome": 87661000,
        "interestExpense": 36467000,
        "depreciationAndAmortization": 3947000,
        "ebitda": 28910000,
        "ebitdaratio": 0.2446268404,
        "operatingIncome": 24963000,
        "operatingIncomeRatio": 0.2112286343,
        "totalOtherIncomeExpensesNet": 0,
        "incomeBeforeTax": 24963000,
        "incomeBeforeTaxRatio": 0.2112286343,
        "incomeTaxExpense": 7224000,
        "netIncome": 17739000,
        "netIncomeRatio": 0.15010154,
        "eps": 0.55,
        "epsdiluted": 0.55,
        "weightedAverageShsOut": 32005000,
        "weightedAverageShsOutDil": 32492000,
        "link": "https://www.sec.gov/Archives/edgar/data/750577/000116923207004135/0001169232-07-004135-index.htm",
        "finalLink": "https://www.sec.gov/Archives/edgar/data/750577/000116923207004135/d72924_10q.htm"
    },
    {
        "date": "2007-06-30",
        "symbol": "HWC",
        "reportedCurrency": "USD",
        "cik": "0000750577",
        "fillingDate": "2007-08-08",
        "acceptedDate": "2007-08-08 13:58:46",
        "calendarYear": "2007",
        "period": "Q2",
        "revenue": 115681000,
        "costOfRevenue": 34632000,
        "grossProfit": 81049000,
        "grossProfitRatio": 0.7006249946,
        "researchAndDevelopmentExpenses": 0,
        "generalAndAdministrativeExpenses": 24837000,
        "sellingAndMarketingExpenses": 2033000,
        "sellingGeneralAndAdministrativeExpenses": 26870000,
        "otherExpenses": 25504000,
        "operatingExpenses": 52374000,
        "costAndExpenses": 87006000,
        "interestIncome": 84937000,
        "interestExpense": 33394000,
        "depreciationAndAmortization": 3679000,
        "ebitda": 32354000,
        "ebitdaratio": 0.2796829211,
        "operatingIncome": 28675000,
        "operatingIncomeRatio": 0.2478799457,
        "totalOtherIncomeExpensesNet": 0,
        "incomeBeforeTax": 28675000,
        "incomeBeforeTaxRatio": 0.2478799457,
        "incomeTaxExpense": 8352000,
        "netIncome": 20323000,
        "netIncomeRatio": 0.1756813997,
        "eps": 0.63,
        "epsdiluted": 0.62,
        "weightedAverageShsOut": 32233000,
        "weightedAverageShsOutDil": 32749000,
        "link": "https://www.sec.gov/Archives/edgar/data/750577/000116923207003164/0001169232-07-003164-index.htm",
        "finalLink": "https://www.sec.gov/Archives/edgar/data/750577/000116923207003164/d72434_10-q.htm"
    },
    {
        "date": "2007-03-31",
        "symbol": "HWC",
        "reportedCurrency": "USD",
        "cik": "0000750577",
        "fillingDate": "2007-05-08",
        "acceptedDate": "2007-05-08 17:14:32",
        "calendarYear": "2007",
        "period": "Q1",
        "revenue": 111603000,
        "costOfRevenue": 35519000,
        "grossProfit": 76084000,
        "grossProfitRatio": 0.6817379461,
        "researchAndDevelopmentExpenses": 0,
        "generalAndAdministrativeExpenses": 26563000,
        "sellingAndMarketingExpenses": 0,
        "sellingGeneralAndAdministrativeExpenses": 26563000,
        "otherExpenses": 22577000,
        "operatingExpenses": 49140000,
        "costAndExpenses": 84659000,
        "interestIncome": 85708000,
        "interestExpense": 34308000,
        "depreciationAndAmortization": 3341000,
        "ebitda": 30285000,
        "ebitdaratio": 0.271363673,
        "operatingIncome": 26944000,
        "operatingIncomeRatio": 0.2414272018,
        "totalOtherIncomeExpensesNet": 0,
        "incomeBeforeTax": 26944000,
        "incomeBeforeTaxRatio": 0.2414272018,
        "incomeTaxExpense": 7715000,
        "netIncome": 19229000,
        "netIncomeRatio": 0.1722982357,
        "eps": 0.59,
        "epsdiluted": 0.58,
        "weightedAverageShsOut": 32665000,
        "weightedAverageShsOutDil": 33299000,
        "link": "https://www.sec.gov/Archives/edgar/data/750577/000116923207002190/0001169232-07-002190-index.htm",
        "finalLink": "https://www.sec.gov/Archives/edgar/data/750577/000116923207002190/d71828_10q.htm"
    },
    {
        "date": "2006-12-31",
        "symbol": "HWC",
        "reportedCurrency": "USD",
        "cik": "0000750577",
        "fillingDate": "2007-02-23",
        "acceptedDate": "2007-02-23 15:14:02",
        "calendarYear": "2006",
        "period": "Q4",
        "revenue": 114250000,
        "costOfRevenue": 33909000,
        "grossProfit": 80341000,
        "grossProfitRatio": 0.7032035011,
        "researchAndDevelopmentExpenses": 0,
        "generalAndAdministrativeExpenses": 24092000,
        "sellingAndMarketingExpenses": 6642000,
        "sellingGeneralAndAdministrativeExpenses": 30734000,
        "otherExpenses": 19308000,
        "operatingExpenses": 50042000,
        "costAndExpenses": 83951000,
        "interestIncome": 87104000,
        "interestExpense": 33966000,
        "depreciationAndAmortization": -1200000,
        "ebitda": 29099000,
        "ebitdaratio": 0.2546958425,
        "operatingIncome": 30299000,
        "operatingIncomeRatio": 0.2651991247,
        "totalOtherIncomeExpensesNet": 0,
        "incomeBeforeTax": 30299000,
        "incomeBeforeTaxRatio": 0.2651991247,
        "incomeTaxExpense": 8538000,
        "netIncome": 21761000,
        "netIncomeRatio": 0.1904682713,
        "eps": 0.67,
        "epsdiluted": 0.67,
        "weightedAverageShsOut": 32598000,
        "weightedAverageShsOutDil": 32665000,
        "link": "https://www.sec.gov/Archives/edgar/data/750577/000103079807000019/0001030798-07-000019-index.htm",
        "finalLink": "https://www.sec.gov/Archives/edgar/data/750577/000103079807000019/hhc_10k-123106.htm"
    },
    {
        "date": "2006-09-30",
        "symbol": "HWC",
        "reportedCurrency": "USD",
        "cik": "0000750577",
        "fillingDate": "2006-11-08",
        "acceptedDate": "2006-11-08 15:44:22",
        "calendarYear": "2006",
        "period": "Q3",
        "revenue": 114970000,
        "costOfRevenue": 11988000,
        "grossProfit": 102982000,
        "grossProfitRatio": 0.8957293207,
        "researchAndDevelopmentExpenses": 0,
        "generalAndAdministrativeExpenses": 27059000,
        "sellingAndMarketingExpenses": 0,
        "sellingGeneralAndAdministrativeExpenses": 27059000,
        "otherExpenses": 23278000,
        "operatingExpenses": 50337000,
        "costAndExpenses": 62325000,
        "interestIncome": 89233000,
        "interestExpense": 31988000,
        "depreciationAndAmortization": 532000,
        "ebitda": 53177000,
        "ebitdaratio": 0.4625293555,
        "operatingIncome": 52645000,
        "operatingIncomeRatio": 0.4579020614,
        "totalOtherIncomeExpensesNet": 0,
        "incomeBeforeTax": 52645000,
        "incomeBeforeTaxRatio": 0.4579020614,
        "incomeTaxExpense": 16614000,
        "netIncome": 36031000,
        "netIncomeRatio": 0.3133947986,
        "eps": 1.11,
        "epsdiluted": 1.08,
        "weightedAverageShsOut": 32566000,
        "weightedAverageShsOutDil": 33333000,
        "link": "https://www.sec.gov/Archives/edgar/data/750577/000103079806000165/0001030798-06-000165-index.htm",
        "finalLink": "https://www.sec.gov/Archives/edgar/data/750577/000103079806000165/hhc_10q-093006.htm"
    },
    {
        "date": "2006-06-30",
        "symbol": "HWC",
        "reportedCurrency": "USD",
        "cik": "0000750577",
        "fillingDate": "2006-08-09",
        "acceptedDate": "2006-08-09 11:56:23",
        "calendarYear": "2006",
        "period": "Q2",
        "revenue": 112345000,
        "costOfRevenue": 28636000,
        "grossProfit": 83709000,
        "grossProfitRatio": 0.7451065913,
        "researchAndDevelopmentExpenses": 0,
        "generalAndAdministrativeExpenses": 26400000,
        "sellingAndMarketingExpenses": 0,
        "sellingGeneralAndAdministrativeExpenses": 26400000,
        "otherExpenses": 24772000,
        "operatingExpenses": 51172000,
        "costAndExpenses": 79808000,
        "interestIncome": 86403000,
        "interestExpense": 28636000,
        "depreciationAndAmortization": 5497000,
        "ebitda": 38034000,
        "ebitdaratio": 0.3385464418,
        "operatingIncome": 32537000,
        "operatingIncomeRatio": 0.2896168054,
        "totalOtherIncomeExpensesNet": 0,
        "incomeBeforeTax": 32537000,
        "incomeBeforeTaxRatio": 0.2896168054,
        "incomeTaxExpense": 10539000,
        "netIncome": 21998000,
        "netIncomeRatio": 0.1958075571,
        "eps": 0.68,
        "epsdiluted": 0.66,
        "weightedAverageShsOut": 32531000,
        "weightedAverageShsOutDil": 33322000,
        "link": "https://www.sec.gov/Archives/edgar/data/750577/000103079806000121/0001030798-06-000121-index.htm",
        "finalLink": "https://www.sec.gov/Archives/edgar/data/750577/000103079806000121/hhc_10q-063006.htm"
    },
    {
        "date": "2006-03-31",
        "symbol": "HWC",
        "reportedCurrency": "USD",
        "cik": "0000750577",
        "fillingDate": "2006-05-10",
        "acceptedDate": "2006-05-10 12:52:23",
        "calendarYear": "2006",
        "period": "Q1",
        "revenue": 106598000,
        "costOfRevenue": 24568000,
        "grossProfit": 82030000,
        "grossProfitRatio": 0.7695266328,
        "researchAndDevelopmentExpenses": 0,
        "generalAndAdministrativeExpenses": 26202000,
        "sellingAndMarketingExpenses": 0,
        "sellingGeneralAndAdministrativeExpenses": 26202000,
        "otherExpenses": 22963000,
        "operatingExpenses": 49165000,
        "costAndExpenses": 73733000,
        "interestIncome": 81590000,
        "interestExpense": 25273000,
        "depreciationAndAmortization": 3061000,
        "ebitda": 35926000,
        "ebitdaratio": 0.3370232087,
        "operatingIncome": 32865000,
        "operatingIncomeRatio": 0.3083078482,
        "totalOtherIncomeExpensesNet": 0,
        "incomeBeforeTax": 32865000,
        "incomeBeforeTaxRatio": 0.3083078482,
        "incomeTaxExpense": 10854000,
        "netIncome": 22011000,
        "netIncomeRatio": 0.2064860504,
        "eps": 0.68,
        "epsdiluted": 0.67,
        "weightedAverageShsOut": 32393000,
        "weightedAverageShsOutDil": 33088000,
        "link": "https://www.sec.gov/Archives/edgar/data/750577/000103079806000071/0001030798-06-000071-index.htm",
        "finalLink": "https://www.sec.gov/Archives/edgar/data/750577/000103079806000071/hhc_10q-033106.htm"
    },
    {
        "date": "2005-12-31",
        "symbol": "HWC",
        "reportedCurrency": "USD",
        "cik": "0000750577",
        "fillingDate": "2006-03-16",
        "acceptedDate": "2006-03-16 09:52:56",
        "calendarYear": "2005",
        "period": "Q4",
        "revenue": 90727000,
        "costOfRevenue": 21990000,
        "grossProfit": 68737000,
        "grossProfitRatio": 0.7576245219,
        "researchAndDevelopmentExpenses": 0,
        "generalAndAdministrativeExpenses": 24579000,
        "sellingAndMarketingExpenses": 5232000,
        "sellingGeneralAndAdministrativeExpenses": 29811000,
        "otherExpenses": 14815000,
        "operatingExpenses": 44626000,
        "costAndExpenses": 66616000,
        "interestIncome": 73429000,
        "interestExpense": 20911000,
        "depreciationAndAmortization": 2651000,
        "ebitda": 26762000,
        "ebitdaratio": 0.2949728306,
        "operatingIncome": 24111000,
        "operatingIncomeRatio": 0.2657533039,
        "totalOtherIncomeExpensesNet": 0,
        "incomeBeforeTax": 24111000,
        "incomeBeforeTaxRatio": 0.2657533039,
        "incomeTaxExpense": 5047000,
        "netIncome": 19064000,
        "netIncomeRatio": 0.2101248801,
        "eps": 0.59,
        "epsdiluted": 0.59,
        "weightedAverageShsOut": 32254000,
        "weightedAverageShsOutDil": 32393000,
        "link": "https://www.sec.gov/Archives/edgar/data/750577/000103079806000044/0001030798-06-000044-index.htm",
        "finalLink": "https://www.sec.gov/Archives/edgar/data/750577/000103079806000044/hhc_10k-123105.htm"
    },
    {
        "date": "2005-09-30",
        "symbol": "HWC",
        "reportedCurrency": "USD",
        "cik": "0000750577",
        "fillingDate": "2005-11-09",
        "acceptedDate": "2005-11-09 11:08:55",
        "calendarYear": "2005",
        "period": "Q3",
        "revenue": 99502000,
        "costOfRevenue": 56564000,
        "grossProfit": 42938000,
        "grossProfitRatio": 0.4315290145,
        "researchAndDevelopmentExpenses": 0,
        "generalAndAdministrativeExpenses": 24275000,
        "sellingAndMarketingExpenses": 0,
        "sellingGeneralAndAdministrativeExpenses": 24275000,
        "otherExpenses": 18495000,
        "operatingExpenses": 42770000,
        "costAndExpenses": 99334000,
        "interestIncome": 65644000,
        "interestExpense": 19659000,
        "depreciationAndAmortization": 555000,
        "ebitda": 723000,
        "ebitdaratio": 0.0072661856,
        "operatingIncome": 168000,
        "operatingIncomeRatio": 0.0016884083,
        "totalOtherIncomeExpensesNet": 0,
        "incomeBeforeTax": 168000,
        "incomeBeforeTaxRatio": 0.0016884083,
        "incomeTaxExpense": -1267000,
        "netIncome": 1435000,
        "netIncomeRatio": 0.0144218207,
        "eps": 0.04,
        "epsdiluted": 0.04,
        "weightedAverageShsOut": 32308000,
        "weightedAverageShsOutDil": 32940000,
        "link": "https://www.sec.gov/Archives/edgar/data/750577/000103079805000110/0001030798-05-000110-index.htm",
        "finalLink": "https://www.sec.gov/Archives/edgar/data/750577/000103079805000110/hhc_10q-093005.htm"
    },
    {
        "date": "2005-06-30",
        "symbol": "HWC",
        "reportedCurrency": "USD",
        "cik": "0000750577",
        "fillingDate": "2005-08-09",
        "acceptedDate": "2005-08-09 15:03:58",
        "calendarYear": "2005",
        "period": "Q2",
        "revenue": 88707000,
        "costOfRevenue": 19852000,
        "grossProfit": 68855000,
        "grossProfitRatio": 0.7762070637,
        "researchAndDevelopmentExpenses": 0,
        "generalAndAdministrativeExpenses": 22925000,
        "sellingAndMarketingExpenses": 0,
        "sellingGeneralAndAdministrativeExpenses": 22925000,
        "otherExpenses": 19580000,
        "operatingExpenses": 42505000,
        "costAndExpenses": 62357000,
        "interestIncome": 64027000,
        "interestExpense": 17961000,
        "depreciationAndAmortization": 4412000,
        "ebitda": 30762000,
        "ebitdaratio": 0.3467821029,
        "operatingIncome": 26350000,
        "operatingIncomeRatio": 0.297045329,
        "totalOtherIncomeExpensesNet": 0,
        "incomeBeforeTax": 26350000,
        "incomeBeforeTaxRatio": 0.297045329,
        "incomeTaxExpense": 8256000,
        "netIncome": 18094000,
        "netIncomeRatio": 0.2039748836,
        "eps": 0.56,
        "epsdiluted": 0.55,
        "weightedAverageShsOut": 32396000,
        "weightedAverageShsOutDil": 32928000,
        "link": "https://www.sec.gov/Archives/edgar/data/750577/000103079805000090/0001030798-05-000090-index.htm",
        "finalLink": "https://www.sec.gov/Archives/edgar/data/750577/000103079805000090/hhc_10q-063005.htm"
    },
    {
        "date": "2005-03-31",
        "symbol": "HWC",
        "reportedCurrency": "USD",
        "cik": "0000750577",
        "fillingDate": "2005-05-09",
        "acceptedDate": "2005-05-09 10:59:45",
        "calendarYear": "2005",
        "period": "Q1",
        "revenue": 82965000,
        "costOfRevenue": 19049000,
        "grossProfit": 63916000,
        "grossProfitRatio": 0.7703971554,
        "researchAndDevelopmentExpenses": 0,
        "generalAndAdministrativeExpenses": 22379000,
        "sellingAndMarketingExpenses": 0,
        "sellingGeneralAndAdministrativeExpenses": 22379000,
        "otherExpenses": 19263000,
        "operatingExpenses": 41642000,
        "costAndExpenses": 60691000,
        "interestIncome": 60531000,
        "interestExpense": 16289000,
        "depreciationAndAmortization": 4024000,
        "ebitda": 26298000,
        "ebitdaratio": 0.3169770385,
        "operatingIncome": 22274000,
        "operatingIncomeRatio": 0.268474658,
        "totalOtherIncomeExpensesNet": 0,
        "incomeBeforeTax": 22274000,
        "incomeBeforeTaxRatio": 0.268474658,
        "incomeTaxExpense": 6836000,
        "netIncome": 15438000,
        "netIncomeRatio": 0.1860784668,
        "eps": 0.48,
        "epsdiluted": 0.47,
        "weightedAverageShsOut": 32463000,
        "weightedAverageShsOutDil": 33019000,
        "link": "https://www.sec.gov/Archives/edgar/data/750577/000103079805000056/0001030798-05-000056-index.htm",
        "finalLink": "https://www.sec.gov/Archives/edgar/data/750577/000103079805000056/hhc_10q-033105.htm"
    },
    {
        "date": "2004-12-31",
        "symbol": "HWC",
        "reportedCurrency": "USD",
        "cik": "0000750577",
        "fillingDate": "2005-03-16",
        "acceptedDate": "2005-03-16 13:37:26",
        "calendarYear": "2004",
        "period": "Q4",
        "revenue": 81231000,
        "costOfRevenue": 20811000,
        "grossProfit": 60420000,
        "grossProfitRatio": 0.7438047051,
        "researchAndDevelopmentExpenses": 0,
        "generalAndAdministrativeExpenses": 21706000,
        "sellingAndMarketingExpenses": 0,
        "sellingGeneralAndAdministrativeExpenses": 21706000,
        "otherExpenses": 16239000,
        "operatingExpenses": 37945000,
        "costAndExpenses": 58756000,
        "interestIncome": 59190000,
        "interestExpense": 15015000,
        "depreciationAndAmortization": 3975000,
        "ebitda": 26450000,
        "ebitdaratio": 0.3256146053,
        "operatingIncome": 22475000,
        "operatingIncomeRatio": 0.2766800852,
        "totalOtherIncomeExpensesNet": 0,
        "incomeBeforeTax": 22475000,
        "incomeBeforeTaxRatio": 0.2766800852,
        "incomeTaxExpense": 6684000,
        "netIncome": 15791000,
        "netIncomeRatio": 0.194396228,
        "eps": 0.49,
        "epsdiluted": 0.49,
        "weightedAverageShsOut": 32128000,
        "weightedAverageShsOutDil": 32463000,
        "link": "https://www.sec.gov/Archives/edgar/data/750577/000103079805000026/0001030798-05-000026-index.htm",
        "finalLink": "https://www.sec.gov/Archives/edgar/data/750577/000103079805000026/hhc_10k-123104.htm"
    },
    {
        "date": "2004-09-30",
        "symbol": "HWC",
        "reportedCurrency": "USD",
        "cik": "0000750577",
        "fillingDate": "2004-11-09",
        "acceptedDate": "2004-11-09 14:34:29",
        "calendarYear": "2004",
        "period": "Q3",
        "revenue": 78395000,
        "costOfRevenue": 17955000,
        "grossProfit": 60440000,
        "grossProfitRatio": 0.7709675362,
        "researchAndDevelopmentExpenses": 0,
        "generalAndAdministrativeExpenses": 20664000,
        "sellingAndMarketingExpenses": 0,
        "sellingGeneralAndAdministrativeExpenses": 20664000,
        "otherExpenses": 17642000,
        "operatingExpenses": 38306000,
        "costAndExpenses": 56261000,
        "interestIncome": 57424000,
        "interestExpense": 14567000,
        "depreciationAndAmortization": 4075000,
        "ebitda": 26209000,
        "ebitdaratio": 0.3343197908,
        "operatingIncome": 22134000,
        "operatingIncomeRatio": 0.2823394349,
        "totalOtherIncomeExpensesNet": 0,
        "incomeBeforeTax": 22134000,
        "incomeBeforeTaxRatio": 0.2823394349,
        "incomeTaxExpense": 6738000,
        "netIncome": 15396000,
        "netIncomeRatio": 0.1963900759,
        "eps": 0.47,
        "epsdiluted": 0.47,
        "weightedAverageShsOut": 32495000,
        "weightedAverageShsOutDil": 33054000,
        "link": "https://www.sec.gov/Archives/edgar/data/750577/000103079804000118/0001030798-04-000118-index.htm",
        "finalLink": "https://www.sec.gov/Archives/edgar/data/750577/000103079804000118/hhc_10q-093004.htm"
    },
    {
        "date": "2004-06-30",
        "symbol": "HWC",
        "reportedCurrency": "USD",
        "cik": "0000750577",
        "fillingDate": "2004-08-09",
        "acceptedDate": "2004-08-09 14:23:54",
        "calendarYear": "2004",
        "period": "Q2",
        "revenue": 80948000,
        "costOfRevenue": 18035000,
        "grossProfit": 62913000,
        "grossProfitRatio": 0.7772026486,
        "researchAndDevelopmentExpenses": 0,
        "generalAndAdministrativeExpenses": 21137000,
        "sellingAndMarketingExpenses": 0,
        "sellingGeneralAndAdministrativeExpenses": 21137000,
        "otherExpenses": 18300000,
        "operatingExpenses": 39437000,
        "costAndExpenses": 57472000,
        "interestIncome": 56318000,
        "interestExpense": 14218000,
        "depreciationAndAmortization": 5952000,
        "ebitda": 29428000,
        "ebitdaratio": 0.363542027,
        "operatingIncome": 23476000,
        "operatingIncomeRatio": 0.2900133419,
        "totalOtherIncomeExpensesNet": 0,
        "incomeBeforeTax": 23476000,
        "incomeBeforeTaxRatio": 0.2900133419,
        "incomeTaxExpense": 7104000,
        "netIncome": 16372000,
        "netIncomeRatio": 0.2022532984,
        "eps": 0.5,
        "epsdiluted": 0.5,
        "weightedAverageShsOut": 32549000,
        "weightedAverageShsOutDil": 33042000,
        "link": "https://www.sec.gov/Archives/edgar/data/750577/000103079804000098/0001030798-04-000098-index.htm",
        "finalLink": "https://www.sec.gov/Archives/edgar/data/750577/000103079804000098/hhc_10q-063004.htm"
    },
    {
        "date": "2004-03-31",
        "symbol": "HWC",
        "reportedCurrency": "USD",
        "cik": "0000750577",
        "fillingDate": "2004-05-10",
        "acceptedDate": "2004-05-10 14:10:20",
        "calendarYear": "2004",
        "period": "Q1",
        "revenue": 76480000,
        "costOfRevenue": 17006000,
        "grossProfit": 59474000,
        "grossProfitRatio": 0.7776412134,
        "researchAndDevelopmentExpenses": 0,
        "generalAndAdministrativeExpenses": 22896000,
        "sellingAndMarketingExpenses": 0,
        "sellingGeneralAndAdministrativeExpenses": 22896000,
        "otherExpenses": 16366000,
        "operatingExpenses": 39262000,
        "costAndExpenses": 56268000,
        "interestIncome": 53842000,
        "interestExpense": 13470000,
        "depreciationAndAmortization": 2650000,
        "ebitda": 22862000,
        "ebitdaratio": 0.2989278243,
        "operatingIncome": 20212000,
        "operatingIncomeRatio": 0.2642782427,
        "totalOtherIncomeExpensesNet": 0,
        "incomeBeforeTax": 20212000,
        "incomeBeforeTaxRatio": 0.2642782427,
        "incomeTaxExpense": 6068000,
        "netIncome": 14144000,
        "netIncomeRatio": 0.1849372385,
        "eps": 0.44,
        "epsdiluted": 0.43,
        "weightedAverageShsOut": 32048000,
        "weightedAverageShsOutDil": 32632000,
        "link": "https://www.sec.gov/Archives/edgar/data/750577/000103079804000077/0001030798-04-000077-index.htm",
        "finalLink": "https://www.sec.gov/Archives/edgar/data/750577/000103079804000077/hhc_10q-033104.htm"
    },
    {
        "date": "2003-12-31",
        "symbol": "HWC",
        "reportedCurrency": "USD",
        "cik": "0000750577",
        "fillingDate": "2004-03-12",
        "acceptedDate": "2004-03-12 17:05:46",
        "calendarYear": "2003",
        "period": "Q4",
        "revenue": 74907000,
        "costOfRevenue": 17709000,
        "grossProfit": 57198000,
        "grossProfitRatio": 0.7635868477,
        "researchAndDevelopmentExpenses": 0,
        "generalAndAdministrativeExpenses": 19242000,
        "sellingAndMarketingExpenses": 0,
        "sellingGeneralAndAdministrativeExpenses": 19242000,
        "otherExpenses": 16326000,
        "operatingExpenses": 35568000,
        "costAndExpenses": 53277000,
        "interestIncome": 54697000,
        "interestExpense": 13529000,
        "depreciationAndAmortization": 14307000,
        "ebitda": 35937000,
        "ebitdaratio": 0.4797548961,
        "operatingIncome": 21630000,
        "operatingIncomeRatio": 0.28875806,
        "totalOtherIncomeExpensesNet": 0,
        "incomeBeforeTax": 21630000,
        "incomeBeforeTaxRatio": 0.28875806,
        "incomeTaxExpense": 6382000,
        "netIncome": 15248000,
        "netIncomeRatio": 0.2035590799,
        "eps": 0.48,
        "epsdiluted": 0.48,
        "weightedAverageShsOut": 32048000,
        "weightedAverageShsOutDil": 32048000,
        "link": "https://www.sec.gov/Archives/edgar/data/750577/000103079804000047/0001030798-04-000047-index.htm",
        "finalLink": "https://www.sec.gov/Archives/edgar/data/750577/000103079804000047/hhc_10k-123103.htm"
    },
    {
        "date": "2003-09-30",
        "symbol": "HWC",
        "reportedCurrency": "USD",
        "cik": "0000750577",
        "fillingDate": "2003-11-13",
        "acceptedDate": "2003-11-13 15:04:29",
        "calendarYear": "2003",
        "period": "Q3",
        "revenue": 74299000,
        "costOfRevenue": 17877000,
        "grossProfit": 56422000,
        "grossProfitRatio": 0.7593911089,
        "researchAndDevelopmentExpenses": 0,
        "generalAndAdministrativeExpenses": 21290000,
        "sellingAndMarketingExpenses": 0,
        "sellingGeneralAndAdministrativeExpenses": 21290000,
        "otherExpenses": 15062000,
        "operatingExpenses": 36352000,
        "costAndExpenses": 54229000,
        "interestIncome": 55208000,
        "interestExpense": 13889000,
        "depreciationAndAmortization": 12348000,
        "ebitda": 32418000,
        "ebitdaratio": 0.43631812,
        "operatingIncome": 20070000,
        "operatingIncomeRatio": 0.2701247661,
        "totalOtherIncomeExpensesNet": 0,
        "incomeBeforeTax": 20070000,
        "incomeBeforeTaxRatio": 0.2701247661,
        "incomeTaxExpense": 6409000,
        "netIncome": 13661000,
        "netIncomeRatio": 0.1838651933,
        "eps": 0.42,
        "epsdiluted": 0.41,
        "weightedAverageShsOut": 30624000,
        "weightedAverageShsOutDil": 33298000,
        "link": "https://www.sec.gov/Archives/edgar/data/750577/000103079803000082/0001030798-03-000082-index.htm",
        "finalLink": "https://www.sec.gov/Archives/edgar/data/750577/000103079803000082/hhc_10q-093003.htm"
    },
    {
        "date": "2003-06-30",
        "symbol": "HWC",
        "reportedCurrency": "USD",
        "cik": "0000750577",
        "fillingDate": "2003-08-13",
        "acceptedDate": "2003-08-13 16:29:47",
        "calendarYear": "2003",
        "period": "Q2",
        "revenue": 72288000,
        "costOfRevenue": 18928000,
        "grossProfit": 53360000,
        "grossProfitRatio": 0.7381584772,
        "researchAndDevelopmentExpenses": 0,
        "generalAndAdministrativeExpenses": 20706000,
        "sellingAndMarketingExpenses": 0,
        "sellingGeneralAndAdministrativeExpenses": 20706000,
        "otherExpenses": 14591000,
        "operatingExpenses": 35297000,
        "costAndExpenses": 54225000,
        "interestIncome": 54627000,
        "interestExpense": 14962000,
        "depreciationAndAmortization": 2620000,
        "ebitda": 20683000,
        "ebitdaratio": 0.2861194112,
        "operatingIncome": 18063000,
        "operatingIncomeRatio": 0.249875498,
        "totalOtherIncomeExpensesNet": 0,
        "incomeBeforeTax": 18063000,
        "incomeBeforeTaxRatio": 0.249875498,
        "incomeTaxExpense": 5681000,
        "netIncome": 12382000,
        "netIncomeRatio": 0.1712870739,
        "eps": 0.38,
        "epsdiluted": 0.37,
        "weightedAverageShsOut": 30840000,
        "weightedAverageShsOutDil": 33484000,
        "link": "https://www.sec.gov/Archives/edgar/data/750577/000103079803000058/0001030798-03-000058-index.htm",
        "finalLink": "https://www.sec.gov/Archives/edgar/data/750577/000103079803000058/hhc_10q-063003.htm"
    },
    {
        "date": "2003-03-31",
        "symbol": "HWC",
        "reportedCurrency": "USD",
        "cik": "0000750577",
        "fillingDate": "2003-05-15",
        "acceptedDate": "2003-05-15 15:34:56",
        "calendarYear": "2003",
        "period": "Q1",
        "revenue": 71410000,
        "costOfRevenue": 18601000,
        "grossProfit": 52809000,
        "grossProfitRatio": 0.7395182748,
        "researchAndDevelopmentExpenses": 0,
        "generalAndAdministrativeExpenses": 20171000,
        "sellingAndMarketingExpenses": 0,
        "sellingGeneralAndAdministrativeExpenses": 20171000,
        "otherExpenses": 12820000,
        "operatingExpenses": 32991000,
        "costAndExpenses": 51592000,
        "interestIncome": 53616000,
        "interestExpense": 15581000,
        "depreciationAndAmortization": 2534000,
        "ebitda": 22352000,
        "ebitdaratio": 0.3130093824,
        "operatingIncome": 19818000,
        "operatingIncomeRatio": 0.2775241563,
        "totalOtherIncomeExpensesNet": 0,
        "incomeBeforeTax": 19818000,
        "incomeBeforeTaxRatio": 0.2775241563,
        "incomeTaxExpense": 6156000,
        "netIncome": 13662000,
        "netIncomeRatio": 0.1913177426,
        "eps": 0.42,
        "epsdiluted": 0.41,
        "weightedAverageShsOut": 30884000,
        "weightedAverageShsOutDil": 33512000,
        "link": "https://www.sec.gov/Archives/edgar/data/750577/000103079803000043/0001030798-03-000043-index.htm",
        "finalLink": "https://www.sec.gov/Archives/edgar/data/750577/000103079803000043/hhc_10q-033103.htm"
    },
    {
        "date": "2002-12-31",
        "symbol": "HWC",
        "reportedCurrency": "USD",
        "cik": "0000750577",
        "fillingDate": "2003-03-31",
        "acceptedDate": "2003-03-31 13:12:09",
        "calendarYear": "2002",
        "period": "Q4",
        "revenue": 75712000,
        "costOfRevenue": 21453000,
        "grossProfit": 54260000,
        "grossProfitRatio": 0.7166631445,
        "researchAndDevelopmentExpenses": 0,
        "generalAndAdministrativeExpenses": 18729000,
        "sellingAndMarketingExpenses": 0,
        "sellingGeneralAndAdministrativeExpenses": 18729000,
        "otherExpenses": 16709000,
        "operatingExpenses": 35438000,
        "costAndExpenses": 56890000,
        "interestIncome": 56702000,
        "interestExpense": 16762000,
        "depreciationAndAmortization": 2523000,
        "ebitda": 21345000,
        "ebitdaratio": 0.2819236052,
        "operatingIncome": 18822000,
        "operatingIncomeRatio": 0.2485999577,
        "totalOtherIncomeExpensesNet": 0,
        "incomeBeforeTax": 18822000,
        "incomeBeforeTaxRatio": 0.2485999577,
        "incomeTaxExpense": 5073000,
        "netIncome": 13749000,
        "netIncomeRatio": 0.1815960482,
        "eps": 0.45,
        "epsdiluted": 0.45,
        "weightedAverageShsOut": 30884000,
        "weightedAverageShsOutDil": 30884000,
        "link": "https://www.sec.gov/Archives/edgar/data/750577/000103079803000022/0001030798-03-000022-index.htm",
        "finalLink": "https://www.sec.gov/Archives/edgar/data/750577/000103079803000022/hhc_10k-123102.htm"
    },
    {
        "date": "2002-09-30",
        "symbol": "HWC",
        "reportedCurrency": "USD",
        "cik": "0000750577",
        "fillingDate": "2002-11-14",
        "acceptedDate": "2002-11-14 17:58:38",
        "calendarYear": "2002",
        "period": "Q3",
        "revenue": 76077000,
        "costOfRevenue": 21194000,
        "grossProfit": 54883000,
        "grossProfitRatio": 0.7214138307,
        "researchAndDevelopmentExpenses": 0,
        "generalAndAdministrativeExpenses": 19510000,
        "sellingAndMarketingExpenses": 0,
        "sellingGeneralAndAdministrativeExpenses": 19510000,
        "otherExpenses": 15653000,
        "operatingExpenses": 35163000,
        "costAndExpenses": 56357000,
        "interestIncome": 58403000,
        "interestExpense": 17597000,
        "depreciationAndAmortization": 2512000,
        "ebitda": 22232000,
        "ebitdaratio": 0.2922302404,
        "operatingIncome": 19720000,
        "operatingIncomeRatio": 0.2592110625,
        "totalOtherIncomeExpensesNet": 0,
        "incomeBeforeTax": 19720000,
        "incomeBeforeTaxRatio": 0.2592110625,
        "incomeTaxExpense": 6430000,
        "netIncome": 13290000,
        "netIncomeRatio": 0.1746914311,
        "eps": 0.4,
        "epsdiluted": 0.39,
        "weightedAverageShsOut": 31418000,
        "weightedAverageShsOutDil": 34094000,
        "link": "https://www.sec.gov/Archives/edgar/data/750577/000103079802000069/0001030798-02-000069-index.htm",
        "finalLink": "https://www.sec.gov/Archives/edgar/data/750577/000103079802000069/hhc_10q-93002.htm"
    },
    {
        "date": "2002-06-30",
        "symbol": "HWC",
        "reportedCurrency": "USD",
        "cik": "0000750577",
        "fillingDate": "2002-08-14",
        "acceptedDate": "2002-08-14 12:16:09",
        "calendarYear": "2002",
        "period": "Q2",
        "revenue": 75590000,
        "costOfRevenue": 23252000,
        "grossProfit": 52338000,
        "grossProfitRatio": 0.6923931737,
        "researchAndDevelopmentExpenses": 0,
        "generalAndAdministrativeExpenses": 19995000,
        "sellingAndMarketingExpenses": 0,
        "sellingGeneralAndAdministrativeExpenses": 19995000,
        "otherExpenses": 14068000,
        "operatingExpenses": 34063000,
        "costAndExpenses": 57315000,
        "interestIncome": 58071000,
        "interestExpense": 18373000,
        "depreciationAndAmortization": 2236000,
        "ebitda": 20511000,
        "ebitdaratio": 0.2713454161,
        "operatingIncome": 18275000,
        "operatingIncomeRatio": 0.2417647837,
        "totalOtherIncomeExpensesNet": 0,
        "incomeBeforeTax": 18275000,
        "incomeBeforeTaxRatio": 0.2417647837,
        "incomeTaxExpense": 5694000,
        "netIncome": 12581000,
        "netIncomeRatio": 0.1664373594,
        "eps": 0.38,
        "epsdiluted": 0.37,
        "weightedAverageShsOut": 31738000,
        "weightedAverageShsOutDil": 34312000,
        "link": "https://www.sec.gov/Archives/edgar/data/750577/000103079802000055/0001030798-02-000055-index.htm",
        "finalLink": "https://www.sec.gov/Archives/edgar/data/750577/000103079802000055/hhc_10q-63002.htm"
    },
    {
        "date": "2002-03-31",
        "symbol": "HWC",
        "reportedCurrency": "USD",
        "cik": "0000750577",
        "fillingDate": "2002-05-15",
        "acceptedDate": "2002-05-15 11:43:44",
        "calendarYear": "2002",
        "period": "Q1",
        "revenue": 74995000,
        "costOfRevenue": 24649000,
        "grossProfit": 50346000,
        "grossProfitRatio": 0.671324755,
        "researchAndDevelopmentExpenses": 0,
        "generalAndAdministrativeExpenses": 19066000,
        "sellingAndMarketingExpenses": 0,
        "sellingGeneralAndAdministrativeExpenses": 19066000,
        "otherExpenses": 14530000,
        "operatingExpenses": 33596000,
        "costAndExpenses": 58245000,
        "interestIncome": 57605000,
        "interestExpense": 19320000,
        "depreciationAndAmortization": 2270000,
        "ebitda": 19020000,
        "ebitdaratio": 0.2536169078,
        "operatingIncome": 16750000,
        "operatingIncomeRatio": 0.2233482232,
        "totalOtherIncomeExpensesNet": 0,
        "incomeBeforeTax": 16750000,
        "incomeBeforeTaxRatio": 0.2233482232,
        "incomeTaxExpense": 5329000,
        "netIncome": 11421000,
        "netIncomeRatio": 0.1522901527,
        "eps": 0.34,
        "epsdiluted": 0.33,
        "weightedAverageShsOut": 31785000,
        "weightedAverageShsOutDil": 34206000,
        "link": "https://www.sec.gov/Archives/edgar/data/750577/000103079802000039/0001030798-02-000039-index.htm",
        "finalLink": "https://www.sec.gov/Archives/edgar/data/750577/000103079802000039/hancock_10q-33102.htm"
    },
    {
        "date": "2001-12-31",
        "symbol": "HWC",
        "reportedCurrency": "USD",
        "cik": "0000750577",
        "fillingDate": "2002-04-01",
        "acceptedDate": "2002-04-01 00:00:00",
        "calendarYear": "2001",
        "period": "Q4",
        "revenue": 76737000,
        "costOfRevenue": 25208000,
        "grossProfit": 51530000,
        "grossProfitRatio": 0.6715143933,
        "researchAndDevelopmentExpenses": 0,
        "generalAndAdministrativeExpenses": 18069000,
        "sellingAndMarketingExpenses": 0,
        "sellingGeneralAndAdministrativeExpenses": 18069000,
        "otherExpenses": 15846000,
        "operatingExpenses": 33915000,
        "costAndExpenses": 59123000,
        "interestIncome": 60003000,
        "interestExpense": 22242000,
        "depreciationAndAmortization": 3346000,
        "ebitda": 20961000,
        "ebitdaratio": 0.2731537589,
        "operatingIncome": 17615000,
        "operatingIncomeRatio": 0.2295502821,
        "totalOtherIncomeExpensesNet": 0,
        "incomeBeforeTax": 17615000,
        "incomeBeforeTaxRatio": 0.2295502821,
        "incomeTaxExpense": 5629000,
        "netIncome": 11986000,
        "netIncomeRatio": 0.1561958377,
        "eps": 0.38,
        "epsdiluted": 0.38,
        "weightedAverageShsOut": 31785000,
        "weightedAverageShsOutDil": 31785000,
        "link": "https://www.sec.gov/Archives/edgar/data/750577/000103079802000033/0001030798-02-000033-index.htm",
        "finalLink": "https://www.sec.gov/Archives/edgar/data/750577/000103079802000033/hhc_10ksb-123101.htm"
    },
    {
        "date": "2001-09-30",
        "symbol": "HWC",
        "reportedCurrency": "USD",
        "cik": "0000750577",
        "fillingDate": "2001-11-14",
        "acceptedDate": "2001-11-14 00:00:00",
        "calendarYear": "2001",
        "period": "Q3",
        "revenue": 75762000,
        "costOfRevenue": 29673000,
        "grossProfit": 46089000,
        "grossProfitRatio": 0.608339273,
        "researchAndDevelopmentExpenses": 0,
        "generalAndAdministrativeExpenses": 18207000,
        "sellingAndMarketingExpenses": 0,
        "sellingGeneralAndAdministrativeExpenses": 18207000,
        "otherExpenses": 13864000,
        "operatingExpenses": 32071000,
        "costAndExpenses": 61744000,
        "interestIncome": 62390000,
        "interestExpense": 27585000,
        "depreciationAndAmortization": 3590000,
        "ebitda": 17608000,
        "ebitdaratio": 0.2324120271,
        "operatingIncome": 14018000,
        "operatingIncomeRatio": 0.1850267944,
        "totalOtherIncomeExpensesNet": 0,
        "incomeBeforeTax": 14018000,
        "incomeBeforeTaxRatio": 0.1850267944,
        "incomeTaxExpense": 4283000,
        "netIncome": 9735000,
        "netIncomeRatio": 0.1284944959,
        "eps": 0.28,
        "epsdiluted": 0.28,
        "weightedAverageShsOut": 32121000,
        "weightedAverageShsOutDil": 34425000,
        "link": "https://www.sec.gov/Archives/edgar/data/750577/000103079801500063/0001030798-01-500063-index.htm",
        "finalLink": "https://www.sec.gov/Archives/edgar/data/750577/000103079801500063/hhc_form10q-93001.htm"
    },
    {
        "date": "2001-06-30",
        "symbol": "HWC",
        "reportedCurrency": "USD",
        "cik": "0000750577",
        "fillingDate": "2001-08-14",
        "acceptedDate": "2001-08-14 00:00:00",
        "calendarYear": "2001",
        "period": "Q2",
        "revenue": 68484000,
        "costOfRevenue": 27272000,
        "grossProfit": 41212000,
        "grossProfitRatio": 0.6017755972,
        "researchAndDevelopmentExpenses": 0,
        "generalAndAdministrativeExpenses": 15624000,
        "sellingAndMarketingExpenses": 0,
        "sellingGeneralAndAdministrativeExpenses": 15624000,
        "otherExpenses": 12629000,
        "operatingExpenses": 28253000,
        "costAndExpenses": 55525000,
        "interestIncome": 56413000,
        "interestExpense": 25479000,
        "depreciationAndAmortization": 2957000,
        "ebitda": 15916000,
        "ebitdaratio": 0.2324046493,
        "operatingIncome": 12959000,
        "operatingIncomeRatio": 0.1892266807,
        "totalOtherIncomeExpensesNet": 0,
        "incomeBeforeTax": 12959000,
        "incomeBeforeTaxRatio": 0.1892266807,
        "incomeTaxExpense": 4029000,
        "netIncome": 8930000,
        "netIncomeRatio": 0.1303954208,
        "eps": 0.28,
        "epsdiluted": 0.28,
        "weightedAverageShsOut": 32178000,
        "weightedAverageShsOutDil": 32250000,
        "link": "https://www.sec.gov/Archives/edgar/data/750577/000103079801500055/0001030798-01-500055-index.htm",
        "finalLink": "https://www.sec.gov/Archives/edgar/data/750577/000103079801500055/hhc_form10q-63001.htm"
    },
    {
        "date": "2001-03-31",
        "symbol": "HWC",
        "reportedCurrency": "USD",
        "cik": "0000750577",
        "fillingDate": "2001-05-15",
        "acceptedDate": "2001-05-15 00:00:00",
        "calendarYear": "2001",
        "period": "Q1",
        "revenue": 68230000,
        "costOfRevenue": 28088000,
        "grossProfit": 40142000,
        "grossProfitRatio": 0.5883335776,
        "researchAndDevelopmentExpenses": 0,
        "generalAndAdministrativeExpenses": 15723000,
        "sellingAndMarketingExpenses": 0,
        "sellingGeneralAndAdministrativeExpenses": 15723000,
        "otherExpenses": 11893000,
        "operatingExpenses": 27616000,
        "costAndExpenses": 55704000,
        "interestIncome": 56064000,
        "interestExpense": 26056000,
        "depreciationAndAmortization": 2898000,
        "ebitda": 15424000,
        "ebitdaratio": 0.2260589184,
        "operatingIncome": 12526000,
        "operatingIncomeRatio": 0.1835849333,
        "totalOtherIncomeExpensesNet": 0,
        "incomeBeforeTax": 12526000,
        "incomeBeforeTaxRatio": 0.1835849333,
        "incomeTaxExpense": 3922000,
        "netIncome": 8604000,
        "netIncomeRatio": 0.1261028873,
        "eps": 0.27,
        "epsdiluted": 0.27,
        "weightedAverageShsOut": 32201000,
        "weightedAverageShsOutDil": 32252000,
        "link": "https://www.sec.gov/Archives/edgar/data/750577/000103079801500027/0001030798-01-500027-index.htm",
        "finalLink": "https://www.sec.gov/Archives/edgar/data/750577/000103079801500027/hhc1_form10q-051501.htm"
    },
    {
        "date": "2000-12-31",
        "symbol": "HWC",
        "reportedCurrency": "USD",
        "cik": "0000750577",
        "fillingDate": "2001-04-02",
        "acceptedDate": "2001-04-02 00:00:00",
        "calendarYear": "2000",
        "period": "Q4",
        "revenue": 69332000,
        "costOfRevenue": 29698000,
        "grossProfit": 39634000,
        "grossProfitRatio": 0.5716552241,
        "researchAndDevelopmentExpenses": 0,
        "generalAndAdministrativeExpenses": 13719000,
        "sellingAndMarketingExpenses": 0,
        "sellingGeneralAndAdministrativeExpenses": 13719000,
        "otherExpenses": 12615000,
        "operatingExpenses": 26333000,
        "costAndExpenses": 56032000,
        "interestIncome": 55633000,
        "interestExpense": 25409000,
        "depreciationAndAmortization": 4691000,
        "ebitda": 17991000,
        "ebitdaratio": 0.2594905671,
        "operatingIncome": 13301000,
        "operatingIncomeRatio": 0.1918450355,
        "totalOtherIncomeExpensesNet": 0,
        "incomeBeforeTax": 13301000,
        "incomeBeforeTaxRatio": 0.1918450355,
        "incomeTaxExpense": 4072000,
        "netIncome": 9229000,
        "netIncomeRatio": 0.1331131368,
        "eps": 0.29,
        "epsdiluted": 0.29,
        "weightedAverageShsOut": 32217000,
        "weightedAverageShsOutDil": 32217000,
        "link": "https://www.sec.gov/Archives/edgar/data/750577/000103079801000065/0001030798-01-000065-index.htm",
        "finalLink": "https://www.sec.gov/Archives/edgar/data/750577/000103079801000065/0001030798-01-000065-0001.htm"
    },
    {
        "date": "2000-09-30",
        "symbol": "HWC",
        "reportedCurrency": "USD",
        "cik": "0000750577",
        "fillingDate": "2000-11-14",
        "acceptedDate": "2000-11-14 00:00:00",
        "calendarYear": "2000",
        "period": "Q3",
        "revenue": 67366000,
        "costOfRevenue": 27913000,
        "grossProfit": 39453000,
        "grossProfitRatio": 0.5856515156,
        "researchAndDevelopmentExpenses": 0,
        "generalAndAdministrativeExpenses": 14527000,
        "sellingAndMarketingExpenses": 0,
        "sellingGeneralAndAdministrativeExpenses": 14527000,
        "otherExpenses": 12226000,
        "operatingExpenses": 26753000,
        "costAndExpenses": 54666000,
        "interestIncome": 54964000,
        "interestExpense": 24591000,
        "depreciationAndAmortization": 3343000,
        "ebitda": 16043000,
        "ebitdaratio": 0.2381468397,
        "operatingIncome": 12700000,
        "operatingIncomeRatio": 0.1885224,
        "totalOtherIncomeExpensesNet": 0,
        "incomeBeforeTax": 12700000,
        "incomeBeforeTaxRatio": 0.1885224,
        "incomeTaxExpense": 4033000,
        "netIncome": 8667000,
        "netIncomeRatio": 0.1286554048,
        "eps": 0.27,
        "epsdiluted": 0.27,
        "weightedAverageShsOut": 32600000,
        "weightedAverageShsOutDil": 32621000,
        "link": "https://www.sec.gov/Archives/edgar/data/750577/000103079800000145/0001030798-00-000145-index.htm",
        "finalLink": "https://www.sec.gov/Archives/edgar/data/750577/000103079800000145/0001030798-00-000145-0001.htm"
    },
    {
        "date": "2000-06-30",
        "symbol": "HWC",
        "reportedCurrency": "USD",
        "cik": "0000750577",
        "fillingDate": "2000-08-14",
        "acceptedDate": "2000-08-14 00:00:00",
        "calendarYear": "2000",
        "period": "Q2",
        "revenue": 65003000,
        "costOfRevenue": 24750000,
        "grossProfit": 40253000,
        "grossProfitRatio": 0.6192483424,
        "researchAndDevelopmentExpenses": 0,
        "generalAndAdministrativeExpenses": 15232000,
        "sellingAndMarketingExpenses": 0,
        "sellingGeneralAndAdministrativeExpenses": 15232000,
        "otherExpenses": 12735000,
        "operatingExpenses": 27967000,
        "costAndExpenses": 52717000,
        "interestIncome": 53191000,
        "interestExpense": 22316000,
        "depreciationAndAmortization": 3092000,
        "ebitda": 15378000,
        "ebitdaratio": 0.2365736966,
        "operatingIncome": 12286000,
        "operatingIncomeRatio": 0.1890066612,
        "totalOtherIncomeExpensesNet": 0,
        "incomeBeforeTax": 12292000,
        "incomeBeforeTaxRatio": 0.1890989647,
        "incomeTaxExpense": 3750000,
        "netIncome": 8542000,
        "netIncomeRatio": 0.1314093196,
        "eps": 0.26,
        "epsdiluted": 0.26,
        "weightedAverageShsOut": 32624000,
        "weightedAverageShsOutDil": 32642000,
        "link": "https://www.sec.gov/Archives/edgar/data/750577/000103079800000112/0001030798-00-000112-index.htm",
        "finalLink": "https://www.sec.gov/Archives/edgar/data/750577/000103079800000112/0001030798-00-000112-0001.htm"
    },
    {
        "date": "2000-03-31",
        "symbol": "HWC",
        "reportedCurrency": "USD",
        "cik": "0000750577",
        "fillingDate": "2000-05-15",
        "acceptedDate": "2000-05-15 00:00:00",
        "calendarYear": "2000",
        "period": "Q1",
        "revenue": 67698000,
        "costOfRevenue": 23704000,
        "grossProfit": 43994000,
        "grossProfitRatio": 0.6498567166,
        "researchAndDevelopmentExpenses": 0,
        "generalAndAdministrativeExpenses": 15708000,
        "sellingAndMarketingExpenses": 0,
        "sellingGeneralAndAdministrativeExpenses": 15708000,
        "otherExpenses": 12852000,
        "operatingExpenses": 28560000,
        "costAndExpenses": 52264000,
        "interestIncome": 53159000,
        "interestExpense": 21935000,
        "depreciationAndAmortization": 2427000,
        "ebitda": 17861000,
        "ebitdaratio": 0.2638334958,
        "operatingIncome": 15434000,
        "operatingIncomeRatio": 0.2279831014,
        "totalOtherIncomeExpensesNet": 0,
        "incomeBeforeTax": 15434000,
        "incomeBeforeTaxRatio": 0.2279831014,
        "incomeTaxExpense": 5048000,
        "netIncome": 10386000,
        "netIncomeRatio": 0.1534166445,
        "eps": 0.32,
        "epsdiluted": 0.32,
        "weightedAverageShsOut": 32612000,
        "weightedAverageShsOutDil": 32633000,
        "link": "https://www.sec.gov/Archives/edgar/data/750577/000103079800000082/0001030798-00-000082-index.htm",
        "finalLink": "https://www.sec.gov/Archives/edgar/data/750577/000103079800000082/0001030798-00-000082-d1.html"
    },
    {
        "date": "1999-12-31",
        "symbol": "HWC",
        "reportedCurrency": "USD",
        "cik": "0000750577",
        "fillingDate": "2000-03-30",
        "acceptedDate": "2000-03-30 00:00:00",
        "calendarYear": "1999",
        "period": "Q4",
        "revenue": 65387000,
        "costOfRevenue": 23747000,
        "grossProfit": 41640000,
        "grossProfitRatio": 0.6368238335,
        "researchAndDevelopmentExpenses": 0,
        "generalAndAdministrativeExpenses": 15896000,
        "sellingAndMarketingExpenses": 0,
        "sellingGeneralAndAdministrativeExpenses": 15896000,
        "otherExpenses": 13846000,
        "operatingExpenses": 29742000,
        "costAndExpenses": 53489000,
        "interestIncome": 52475000,
        "interestExpense": 21161000,
        "depreciationAndAmortization": 593612,
        "ebitda": 12492000,
        "ebitdaratio": 0.19104715,
        "operatingIncome": 11898000,
        "operatingIncomeRatio": 0.1819627755,
        "totalOtherIncomeExpensesNet": 0,
        "incomeBeforeTax": 11898000,
        "incomeBeforeTaxRatio": 0.1819627755,
        "incomeTaxExpense": 3488000,
        "netIncome": 8410000,
        "netIncomeRatio": 0.1286188386,
        "eps": 0.26,
        "epsdiluted": 0.26,
        "weightedAverageShsOut": 32628000,
        "weightedAverageShsOutDil": 32628000,
        "link": "https://www.sec.gov/Archives/edgar/data/750577/000103079800000047/0001030798-00-000047-index.htm",
        "finalLink": "https://www.sec.gov/Archives/edgar/data/750577/000103079800000047/0001030798-00-000047-d1.html"
    },
    {
        "date": "1999-09-30",
        "symbol": "HWC",
        "reportedCurrency": "USD",
        "cik": "0000750577",
        "fillingDate": "1999-11-15",
        "acceptedDate": "1999-11-15 00:00:00",
        "calendarYear": "1999",
        "period": "Q3",
        "revenue": 63900000,
        "costOfRevenue": 22500000,
        "grossProfit": 41400000,
        "grossProfitRatio": 0.6478873239,
        "researchAndDevelopmentExpenses": 0,
        "generalAndAdministrativeExpenses": 15800000,
        "sellingAndMarketingExpenses": 0,
        "sellingGeneralAndAdministrativeExpenses": 15800000,
        "otherExpenses": 13900000,
        "operatingExpenses": 29700000,
        "costAndExpenses": 52200000,
        "interestIncome": 52200000,
        "interestExpense": 20600000,
        "depreciationAndAmortization": 2200000,
        "ebitda": 13900000,
        "ebitdaratio": 0.2175273865,
        "operatingIncome": 11700000,
        "operatingIncomeRatio": 0.1830985915,
        "totalOtherIncomeExpensesNet": 0,
        "incomeBeforeTax": 11700000,
        "incomeBeforeTaxRatio": 0.1830985915,
        "incomeTaxExpense": 3900000,
        "netIncome": 7800000,
        "netIncomeRatio": 0.1220657277,
        "eps": 0.24,
        "epsdiluted": 0.24,
        "weightedAverageShsOut": 32484000,
        "weightedAverageShsOutDil": 32484000,
        "link": "https://www.sec.gov/Archives/edgar/data/750577/000103079899000113/0001030798-99-000113-index.html",
        "finalLink": "https://www.sec.gov/Archives/edgar/data/750577/000103079899000113/0001030798-99-000113.txt"
    },
    {
        "date": "1999-06-30",
        "symbol": "HWC",
        "reportedCurrency": "USD",
        "cik": "0000750577",
        "fillingDate": "1999-08-16",
        "acceptedDate": "1999-08-16 00:00:00",
        "calendarYear": "1999",
        "period": "Q2",
        "revenue": 62616000,
        "costOfRevenue": 22605000,
        "grossProfit": 40011000,
        "grossProfitRatio": 0.6389900345,
        "researchAndDevelopmentExpenses": 0,
        "generalAndAdministrativeExpenses": 15200000,
        "sellingAndMarketingExpenses": 0,
        "sellingGeneralAndAdministrativeExpenses": 15200000,
        "otherExpenses": 13011000,
        "operatingExpenses": 28211000,
        "costAndExpenses": 50816000,
        "interestIncome": 51705000,
        "interestExpense": 21005000,
        "depreciationAndAmortization": 2500000,
        "ebitda": 14300000,
        "ebitdaratio": 0.2283761339,
        "operatingIncome": 11800000,
        "operatingIncomeRatio": 0.1884502364,
        "totalOtherIncomeExpensesNet": 0,
        "incomeBeforeTax": 11800000,
        "incomeBeforeTaxRatio": 0.1884502364,
        "incomeTaxExpense": 4000000,
        "netIncome": 7800000,
        "netIncomeRatio": 0.1245688003,
        "eps": 0.24,
        "epsdiluted": 0.24,
        "weightedAverageShsOut": 32484000,
        "weightedAverageShsOutDil": 32484000,
        "link": "https://www.sec.gov/Archives/edgar/data/750577/000103079899000084/0001030798-99-000084-index.htm",
        "finalLink": "https://www.sec.gov/Archives/edgar/data/750577/000103079899000084/0001030798-99-000084.txt"
    },
    {
        "date": "1999-03-31",
        "symbol": "HWC",
        "reportedCurrency": "USD",
        "cik": "0000750577",
        "fillingDate": "1999-05-17",
        "acceptedDate": "1999-05-17 00:00:00",
        "calendarYear": "1999",
        "period": "Q1",
        "revenue": 61300000,
        "costOfRevenue": 22600000,
        "grossProfit": 38700000,
        "grossProfitRatio": 0.6313213703,
        "researchAndDevelopmentExpenses": 0,
        "generalAndAdministrativeExpenses": 14600000,
        "sellingAndMarketingExpenses": 0,
        "sellingGeneralAndAdministrativeExpenses": 14600000,
        "otherExpenses": 13300000,
        "operatingExpenses": 27900000,
        "costAndExpenses": 50500000,
        "interestIncome": 51300000,
        "interestExpense": 21200000,
        "depreciationAndAmortization": 2400000,
        "ebitda": 13200000,
        "ebitdaratio": 0.2153344209,
        "operatingIncome": 10800000,
        "operatingIncomeRatio": 0.176182708,
        "totalOtherIncomeExpensesNet": 0,
        "incomeBeforeTax": 10800000,
        "incomeBeforeTaxRatio": 0.176182708,
        "incomeTaxExpense": 3200000,
        "netIncome": 7600000,
        "netIncomeRatio": 0.1239804241,
        "eps": 0.23,
        "epsdiluted": 0.23,
        "weightedAverageShsOut": 32555000,
        "weightedAverageShsOutDil": 32555000,
        "link": "https://www.sec.gov/Archives/edgar/data/750577/000103079899000066/0001030798-99-000066-index.html",
        "finalLink": "https://www.sec.gov/Archives/edgar/data/750577/0001030798-99-000066.txt"
    },
    {
        "date": "1998-12-31",
        "symbol": "HWC",
        "reportedCurrency": "USD",
        "cik": "0000750577",
        "fillingDate": "1999-03-30",
        "acceptedDate": "1999-03-30 00:00:00",
        "calendarYear": "1998",
        "period": "Q4",
        "revenue": 58100000,
        "costOfRevenue": 23300000,
        "grossProfit": 34800000,
        "grossProfitRatio": 0.5989672978,
        "researchAndDevelopmentExpenses": 0,
        "generalAndAdministrativeExpenses": 14100000,
        "sellingAndMarketingExpenses": 0,
        "sellingGeneralAndAdministrativeExpenses": 14100000,
        "otherExpenses": 11400000,
        "operatingExpenses": 25500000,
        "costAndExpenses": 48800000,
        "interestIncome": 48800000,
        "interestExpense": 20600000,
        "depreciationAndAmortization": 2000000,
        "ebitda": 11300000,
        "ebitdaratio": 0.1944922547,
        "operatingIncome": 9300000,
        "operatingIncomeRatio": 0.1600688468,
        "totalOtherIncomeExpensesNet": 0,
        "incomeBeforeTax": 9300000,
        "incomeBeforeTaxRatio": 0.1600688468,
        "incomeTaxExpense": 2900000,
        "netIncome": 7600000,
        "netIncomeRatio": 0.1308089501,
        "eps": 0.23,
        "epsdiluted": 0.23,
        "weightedAverageShsOut": 31718636,
        "weightedAverageShsOutDil": 32555151,
        "link": "https://www.sec.gov/Archives/edgar/data/750577/000103079899000038/0001030798-99-000038-index.html",
        "finalLink": "https://www.sec.gov/Archives/edgar/data/750577/0001030798-99-000038.txt"
    },
    {
        "date": "1998-09-30",
        "symbol": "HWC",
        "reportedCurrency": "USD",
        "cik": "0000750577",
        "fillingDate": "1998-11-12",
        "acceptedDate": "1998-11-12 00:00:00",
        "calendarYear": "1998",
        "period": "Q3",
        "revenue": 57000000,
        "costOfRevenue": 22400000,
        "grossProfit": 34600000,
        "grossProfitRatio": 0.6070175439,
        "researchAndDevelopmentExpenses": 0,
        "generalAndAdministrativeExpenses": 13300000,
        "sellingAndMarketingExpenses": 0,
        "sellingGeneralAndAdministrativeExpenses": 13300000,
        "otherExpenses": 11200000,
        "operatingExpenses": 24500000,
        "costAndExpenses": 46900000,
        "interestIncome": 48900000,
        "interestExpense": 21200000,
        "depreciationAndAmortization": 1800000,
        "ebitda": 11900000,
        "ebitdaratio": 0.2087719298,
        "operatingIncome": 10100000,
        "operatingIncomeRatio": 0.1771929825,
        "totalOtherIncomeExpensesNet": 0,
        "incomeBeforeTax": 10100000,
        "incomeBeforeTaxRatio": 0.1771929825,
        "incomeTaxExpense": 3300000,
        "netIncome": 6800000,
        "netIncomeRatio": 0.1192982456,
        "eps": 0.22,
        "epsdiluted": 0.22,
        "weightedAverageShsOut": 30894000,
        "weightedAverageShsOutDil": 31369000,
        "link": "https://www.sec.gov/Archives/edgar/data/750577/000103079898000094/0001030798-98-000094-index.html",
        "finalLink": "https://www.sec.gov/Archives/edgar/data/750577/0001030798-98-000094.txt"
    },
    {
        "date": "1998-06-30",
        "symbol": "HWC",
        "reportedCurrency": "USD",
        "cik": "0000750577",
        "fillingDate": "1998-08-13",
        "acceptedDate": "1998-08-13 00:00:00",
        "calendarYear": "1998",
        "period": "Q2",
        "revenue": 56100000,
        "costOfRevenue": 21700000,
        "grossProfit": 34400000,
        "grossProfitRatio": 0.6131907308,
        "researchAndDevelopmentExpenses": 0,
        "generalAndAdministrativeExpenses": 11600000,
        "sellingAndMarketingExpenses": 0,
        "sellingGeneralAndAdministrativeExpenses": 11600000,
        "otherExpenses": 10200000,
        "operatingExpenses": 21800000,
        "costAndExpenses": 43500000,
        "interestIncome": 47800000,
        "interestExpense": 20800000,
        "depreciationAndAmortization": 1900000,
        "ebitda": 14500000,
        "ebitdaratio": 0.2584670232,
        "operatingIncome": 12600000,
        "operatingIncomeRatio": 0.2245989305,
        "totalOtherIncomeExpensesNet": 0,
        "incomeBeforeTax": 12600000,
        "incomeBeforeTaxRatio": 0.2245989305,
        "incomeTaxExpense": 4100000,
        "netIncome": 8500000,
        "netIncomeRatio": 0.1515151515,
        "eps": 0.26,
        "epsdiluted": 0.26,
        "weightedAverageShsOut": 32676000,
        "weightedAverageShsOutDil": 32676000,
        "link": "https://www.sec.gov/Archives/edgar/data/750577/000103079898000083/0001030798-98-000083-index.html",
        "finalLink": "https://www.sec.gov/Archives/edgar/data/750577/0001030798-98-000083.txt"
    },
    {
        "date": "1998-03-31",
        "symbol": "HWC",
        "reportedCurrency": "USD",
        "cik": "0000750577",
        "fillingDate": "1998-05-14",
        "acceptedDate": "1998-05-14 00:00:00",
        "calendarYear": "1998",
        "period": "Q1",
        "revenue": 55000000,
        "costOfRevenue": 20600000,
        "grossProfit": 34400000,
        "grossProfitRatio": 0.6254545455,
        "researchAndDevelopmentExpenses": 0,
        "generalAndAdministrativeExpenses": 11900000,
        "sellingAndMarketingExpenses": 0,
        "sellingGeneralAndAdministrativeExpenses": 11900000,
        "otherExpenses": 10200000,
        "operatingExpenses": 22100000,
        "costAndExpenses": 42700000,
        "interestIncome": 47700000,
        "interestExpense": 19200000,
        "depreciationAndAmortization": 1900000,
        "ebitda": 14200000,
        "ebitdaratio": 0.2581818182,
        "operatingIncome": 12300000,
        "operatingIncomeRatio": 0.2236363636,
        "totalOtherIncomeExpensesNet": 0,
        "incomeBeforeTax": 12300000,
        "incomeBeforeTaxRatio": 0.2236363636,
        "incomeTaxExpense": 4200000,
        "netIncome": 8100000,
        "netIncomeRatio": 0.1472727273,
        "eps": 0.25,
        "epsdiluted": 0.25,
        "weightedAverageShsOut": 32821000,
        "weightedAverageShsOutDil": 32821000,
        "link": "https://www.sec.gov/Archives/edgar/data/750577/000103079898000079/0001030798-98-000079-index.html",
        "finalLink": "https://www.sec.gov/Archives/edgar/data/750577/0001030798-98-000079.txt"
    },
    {
        "date": "1997-12-31",
        "symbol": "HWC",
        "reportedCurrency": "USD",
        "cik": "0000750577",
        "fillingDate": "1998-03-31",
        "acceptedDate": "1998-03-31 00:00:00",
        "calendarYear": "1997",
        "period": "Q4",
        "revenue": 55600000,
        "costOfRevenue": 19800000,
        "grossProfit": 35800000,
        "grossProfitRatio": 0.6438848921,
        "researchAndDevelopmentExpenses": 0,
        "generalAndAdministrativeExpenses": 12300000,
        "sellingAndMarketingExpenses": 0,
        "sellingGeneralAndAdministrativeExpenses": 12300000,
        "otherExpenses": 11000000,
        "operatingExpenses": 23300000,
        "costAndExpenses": 43100000,
        "interestIncome": 47500000,
        "interestExpense": 18700000,
        "depreciationAndAmortization": 2700000,
        "ebitda": 15200000,
        "ebitdaratio": 0.273381295,
        "operatingIncome": 12500000,
        "operatingIncomeRatio": 0.2248201439,
        "totalOtherIncomeExpensesNet": 0,
        "incomeBeforeTax": 12500000,
        "incomeBeforeTaxRatio": 0.2248201439,
        "incomeTaxExpense": 5000000,
        "netIncome": 7500000,
        "netIncomeRatio": 0.1348920863,
        "eps": 0.23,
        "epsdiluted": 0.23,
        "weightedAverageShsOut": 32591000,
        "weightedAverageShsOutDil": 32821000,
        "link": "https://www.sec.gov/Archives/edgar/data/750577/000103079898000062/0001030798-98-000062-index.html",
        "finalLink": "https://www.sec.gov/Archives/edgar/data/750577/0001030798-98-000062.txt"
    },
    {
        "date": "1997-09-30",
        "symbol": "HWC",
        "reportedCurrency": "USD",
        "cik": "0000750577",
        "fillingDate": "1997-11-14",
        "acceptedDate": "1997-11-14 00:00:00",
        "calendarYear": "1997",
        "period": "Q3",
        "revenue": 54000000,
        "costOfRevenue": 21200000,
        "grossProfit": 32800000,
        "grossProfitRatio": 0.6074074074,
        "researchAndDevelopmentExpenses": 0,
        "generalAndAdministrativeExpenses": 12000000,
        "sellingAndMarketingExpenses": 0,
        "sellingGeneralAndAdministrativeExpenses": 12000000,
        "otherExpenses": 10400000,
        "operatingExpenses": 22400000,
        "costAndExpenses": 43600000,
        "interestIncome": 46400000,
        "interestExpense": 18200000,
        "depreciationAndAmortization": 900000,
        "ebitda": 11300000,
        "ebitdaratio": 0.2092592593,
        "operatingIncome": 10400000,
        "operatingIncomeRatio": 0.1925925926,
        "totalOtherIncomeExpensesNet": 0,
        "incomeBeforeTax": 10400000,
        "incomeBeforeTaxRatio": 0.1925925926,
        "incomeTaxExpense": 3800000,
        "netIncome": 6600000,
        "netIncomeRatio": 0.1222222222,
        "eps": 0.2,
        "epsdiluted": 0.2,
        "weightedAverageShsOut": 32443000,
        "weightedAverageShsOutDil": 32443000,
        "link": "https://www.sec.gov/Archives/edgar/data/750577/000103079897000126/0001030798-97-000126-index.html",
        "finalLink": "https://www.sec.gov/Archives/edgar/data/750577/0001030798-97-000126.txt"
    },
    {
        "date": "1997-06-30",
        "symbol": "HWC",
        "reportedCurrency": "USD",
        "cik": "0000750577",
        "fillingDate": "1997-08-14",
        "acceptedDate": "1997-08-14 00:00:00",
        "calendarYear": "1997",
        "period": "Q2",
        "revenue": 52900000,
        "costOfRevenue": 19300000,
        "grossProfit": 33600000,
        "grossProfitRatio": 0.6351606805,
        "researchAndDevelopmentExpenses": 0,
        "generalAndAdministrativeExpenses": 11000000,
        "sellingAndMarketingExpenses": 0,
        "sellingGeneralAndAdministrativeExpenses": 11000000,
        "otherExpenses": 9800000,
        "operatingExpenses": 20800000,
        "costAndExpenses": 40100000,
        "interestIncome": 45700000,
        "interestExpense": 17800000,
        "depreciationAndAmortization": 1700000,
        "ebitda": 14500000,
        "ebitdaratio": 0.2741020794,
        "operatingIncome": 12800000,
        "operatingIncomeRatio": 0.2419659735,
        "totalOtherIncomeExpensesNet": 0,
        "incomeBeforeTax": 12800000,
        "incomeBeforeTaxRatio": 0.2419659735,
        "incomeTaxExpense": 4600000,
        "netIncome": 8200000,
        "netIncomeRatio": 0.1550094518,
        "eps": 0.25,
        "epsdiluted": 0.25,
        "weightedAverageShsOut": 32352000,
        "weightedAverageShsOutDil": 32352000,
        "link": "https://www.sec.gov/Archives/edgar/data/750577/000103079897000081/0001030798-97-000081-index.html",
        "finalLink": "https://www.sec.gov/Archives/edgar/data/750577/0001030798-97-000081.txt"
    },
    {
        "date": "1997-03-31",
        "symbol": "HWC",
        "reportedCurrency": "USD",
        "cik": "0000750577",
        "fillingDate": "1997-05-15",
        "acceptedDate": "1997-05-15 00:00:00",
        "calendarYear": "1997",
        "period": "Q1",
        "revenue": 51300000,
        "costOfRevenue": 17800000,
        "grossProfit": 33500000,
        "grossProfitRatio": 0.6530214425,
        "researchAndDevelopmentExpenses": 0,
        "generalAndAdministrativeExpenses": 11200000,
        "sellingAndMarketingExpenses": 0,
        "sellingGeneralAndAdministrativeExpenses": 11200000,
        "otherExpenses": 10000000,
        "operatingExpenses": 21200000,
        "costAndExpenses": 39000000,
        "interestIncome": 44300000,
        "interestExpense": 17000000,
        "depreciationAndAmortization": 1700000,
        "ebitda": 14000000,
        "ebitdaratio": 0.2729044834,
        "operatingIncome": 12300000,
        "operatingIncomeRatio": 0.2397660819,
        "totalOtherIncomeExpensesNet": 0,
        "incomeBeforeTax": 12300000,
        "incomeBeforeTaxRatio": 0.2397660819,
        "incomeTaxExpense": 4000000,
        "netIncome": 8300000,
        "netIncomeRatio": 0.1617933723,
        "eps": 0.25,
        "epsdiluted": 0.25,
        "weightedAverageShsOut": 32747000,
        "weightedAverageShsOutDil": 32747000,
        "link": "https://www.sec.gov/Archives/edgar/data/750577/000103079897000049/0001030798-97-000049-index.html",
        "finalLink": "https://www.sec.gov/Archives/edgar/data/750577/0001030798-97-000049.txt"
    },
    {
        "date": "1996-12-31",
        "symbol": "HWC",
        "reportedCurrency": "USD",
        "cik": "0000750577",
        "fillingDate": "1997-03-28",
        "acceptedDate": "1997-03-28 00:00:00",
        "calendarYear": "1996",
        "period": "Q4",
        "revenue": 51200000,
        "costOfRevenue": 20000000,
        "grossProfit": 31200000,
        "grossProfitRatio": 0.609375,
        "researchAndDevelopmentExpenses": 0,
        "generalAndAdministrativeExpenses": 11000000,
        "sellingAndMarketingExpenses": 0,
        "sellingGeneralAndAdministrativeExpenses": 11000000,
        "otherExpenses": 9000000,
        "operatingExpenses": 20000000,
        "costAndExpenses": 40000000,
        "interestIncome": 43600000,
        "interestExpense": 16600000,
        "depreciationAndAmortization": 1600000,
        "ebitda": 12800000,
        "ebitdaratio": 0.25,
        "operatingIncome": 11200000,
        "operatingIncomeRatio": 0.21875,
        "totalOtherIncomeExpensesNet": 0,
        "incomeBeforeTax": 11200000,
        "incomeBeforeTaxRatio": 0.21875,
        "incomeTaxExpense": 3500000,
        "netIncome": 7700000,
        "netIncomeRatio": 0.150390625,
        "eps": 0.24,
        "epsdiluted": 0.24,
        "weightedAverageShsOut": 31178000,
        "weightedAverageShsOutDil": 32747000,
        "link": "https://www.sec.gov/Archives/edgar/data/750577/000103079897000025/0001030798-97-000025-index.htm",
        "finalLink": "https://www.sec.gov/Archives/edgar/data/750577/000103079897000025/"
    },
    {
        "date": "1996-09-30",
        "symbol": "HWC",
        "reportedCurrency": "USD",
        "cik": "0000750577",
        "fillingDate": "1996-11-13",
        "acceptedDate": "1996-11-13 00:00:00",
        "calendarYear": "1996",
        "period": "Q3",
        "revenue": 49800000,
        "costOfRevenue": 17000000,
        "grossProfit": 32800000,
        "grossProfitRatio": 0.6586345382,
        "researchAndDevelopmentExpenses": 0,
        "generalAndAdministrativeExpenses": 10600000,
        "sellingAndMarketingExpenses": 0,
        "sellingGeneralAndAdministrativeExpenses": 10600000,
        "otherExpenses": 10200000,
        "operatingExpenses": 20800000,
        "costAndExpenses": 37800000,
        "interestIncome": 43200000,
        "interestExpense": 16000000,
        "depreciationAndAmortization": 1700000,
        "ebitda": 13700000,
        "ebitdaratio": 0.2751004016,
        "operatingIncome": 12000000,
        "operatingIncomeRatio": 0.2409638554,
        "totalOtherIncomeExpensesNet": 0,
        "incomeBeforeTax": 12000000,
        "incomeBeforeTaxRatio": 0.2409638554,
        "incomeTaxExpense": 3900000,
        "netIncome": 8100000,
        "netIncomeRatio": 0.1626506024,
        "eps": 0.26,
        "epsdiluted": 0.26,
        "weightedAverageShsOut": 30744000,
        "weightedAverageShsOutDil": 30744000,
        "link": "https://www.sec.gov/Archives/edgar/data/750577/000095013496006075/0000950134-96-006075-index.html",
        "finalLink": "https://www.sec.gov/Archives/edgar/data/750577/0000950134-96-006075.txt"
    },
    {
        "date": "1996-06-30",
        "symbol": "HWC",
        "reportedCurrency": "USD",
        "cik": "0000750577",
        "fillingDate": "1996-08-13",
        "acceptedDate": "1996-08-13 00:00:00",
        "calendarYear": "1996",
        "period": "Q2",
        "revenue": 48500000,
        "costOfRevenue": 16900000,
        "grossProfit": 31600000,
        "grossProfitRatio": 0.6515463918,
        "researchAndDevelopmentExpenses": 0,
        "generalAndAdministrativeExpenses": 10400000,
        "sellingAndMarketingExpenses": 0,
        "sellingGeneralAndAdministrativeExpenses": 10400000,
        "otherExpenses": 9300000,
        "operatingExpenses": 19700000,
        "costAndExpenses": 36600000,
        "interestIncome": 42400000,
        "interestExpense": 16100000,
        "depreciationAndAmortization": 1900000,
        "ebitda": 13800000,
        "ebitdaratio": 0.2845360825,
        "operatingIncome": 11900000,
        "operatingIncomeRatio": 0.2453608247,
        "totalOtherIncomeExpensesNet": 0,
        "incomeBeforeTax": 11900000,
        "incomeBeforeTaxRatio": 0.2453608247,
        "incomeTaxExpense": 3900000,
        "netIncome": 8000000,
        "netIncomeRatio": 0.1649484536,
        "eps": 0.26,
        "epsdiluted": 0.26,
        "weightedAverageShsOut": 30365000,
        "weightedAverageShsOutDil": 30365000,
        "link": "https://www.sec.gov/Archives/edgar/data/750577/000095013496004119/0000950134-96-004119-index.html",
        "finalLink": "https://www.sec.gov/Archives/edgar/data/750577/0000950134-96-004119.txt"
    },
    {
        "date": "1996-03-31",
        "symbol": "HWC",
        "reportedCurrency": "USD",
        "cik": "0000750577",
        "fillingDate": "1996-05-14",
        "acceptedDate": "1996-05-14 00:00:00",
        "calendarYear": "1996",
        "period": "Q1",
        "revenue": 48500000,
        "costOfRevenue": 17200000,
        "grossProfit": 31300000,
        "grossProfitRatio": 0.6453608247,
        "researchAndDevelopmentExpenses": 0,
        "generalAndAdministrativeExpenses": 10400000,
        "sellingAndMarketingExpenses": 0,
        "sellingGeneralAndAdministrativeExpenses": 10400000,
        "otherExpenses": 9200000,
        "operatingExpenses": 19600000,
        "costAndExpenses": 36800000,
        "interestIncome": 42400000,
        "interestExpense": 16200000,
        "depreciationAndAmortization": 1800000,
        "ebitda": 13500000,
        "ebitdaratio": 0.2783505155,
        "operatingIncome": 11700000,
        "operatingIncomeRatio": 0.2412371134,
        "totalOtherIncomeExpensesNet": 0,
        "incomeBeforeTax": 11700000,
        "incomeBeforeTaxRatio": 0.2412371134,
        "incomeTaxExpense": 3900000,
        "netIncome": 7800000,
        "netIncomeRatio": 0.1608247423,
        "eps": 0.25,
        "epsdiluted": 0.25,
        "weightedAverageShsOut": 30774000,
        "weightedAverageShsOutDil": 30774000,
        "link": "https://www.sec.gov/Archives/edgar/data/750577/000095013496002066/0000950134-96-002066-index.html",
        "finalLink": "https://www.sec.gov/Archives/edgar/data/750577/0000950134-96-002066.txt"
    },
    {
        "date": "1995-12-31",
        "symbol": "HWC",
        "reportedCurrency": "USD",
        "cik": "0000750577",
        "fillingDate": "1996-04-01",
        "acceptedDate": "1996-04-01 00:00:00",
        "calendarYear": "1995",
        "period": "Q4",
        "revenue": 48300000,
        "costOfRevenue": 18000000,
        "grossProfit": 30300000,
        "grossProfitRatio": 0.6273291925,
        "researchAndDevelopmentExpenses": 0,
        "generalAndAdministrativeExpenses": 10900000,
        "sellingAndMarketingExpenses": 0,
        "sellingGeneralAndAdministrativeExpenses": 10900000,
        "otherExpenses": 9400000,
        "operatingExpenses": 20300000,
        "costAndExpenses": 38300000,
        "interestIncome": 41600000,
        "interestExpense": 15900000,
        "depreciationAndAmortization": 1500000,
        "ebitda": 11500000,
        "ebitdaratio": 0.2380952381,
        "operatingIncome": 10000000,
        "operatingIncomeRatio": 0.2070393375,
        "totalOtherIncomeExpensesNet": 0,
        "incomeBeforeTax": 10000000,
        "incomeBeforeTaxRatio": 0.2070393375,
        "incomeTaxExpense": 3100000,
        "netIncome": 6900000,
        "netIncomeRatio": 0.1428571429,
        "eps": 0.22,
        "epsdiluted": 0.22,
        "weightedAverageShsOut": 30382000,
        "weightedAverageShsOutDil": 30774000,
        "link": "https://www.sec.gov/Archives/edgar/data/750577/000095013496001158/0000950134-96-001158-index.htm",
        "finalLink": "https://www.sec.gov/Archives/edgar/data/750577/000095013496001158/"
    },
    {
        "date": "1995-09-30",
        "symbol": "HWC",
        "reportedCurrency": "USD",
        "cik": "0000750577",
        "fillingDate": "1995-11-14",
        "acceptedDate": "1995-11-14 00:00:00",
        "calendarYear": "1995",
        "period": "Q3",
        "revenue": 47500000,
        "costOfRevenue": 17000000,
        "grossProfit": 30500000,
        "grossProfitRatio": 0.6421052632,
        "researchAndDevelopmentExpenses": 0,
        "generalAndAdministrativeExpenses": 10200000,
        "sellingAndMarketingExpenses": 0,
        "sellingGeneralAndAdministrativeExpenses": 10200000,
        "otherExpenses": 10200000,
        "operatingExpenses": 20400000,
        "costAndExpenses": 37400000,
        "interestIncome": 41300000,
        "interestExpense": 15900000,
        "depreciationAndAmortization": 1600000,
        "ebitda": 11700000,
        "ebitdaratio": 0.2463157895,
        "operatingIncome": 10100000,
        "operatingIncomeRatio": 0.2126315789,
        "totalOtherIncomeExpensesNet": 0,
        "incomeBeforeTax": 10100000,
        "incomeBeforeTaxRatio": 0.2126315789,
        "incomeTaxExpense": 3400000,
        "netIncome": 6700000,
        "netIncomeRatio": 0.1410526316,
        "eps": 0.22,
        "epsdiluted": 0.22,
        "weightedAverageShsOut": 30908000,
        "weightedAverageShsOutDil": 30908000,
        "link": "https://www.sec.gov/Archives/edgar/data/750577/000095013495002951/0000950134-95-002951-index.html",
        "finalLink": "https://www.sec.gov/Archives/edgar/data/750577/0000950134-95-002951.txt"
    },
    {
        "date": "1995-06-30",
        "symbol": "HWC",
        "reportedCurrency": "USD",
        "cik": "0000750577",
        "fillingDate": "1995-08-14",
        "acceptedDate": "1995-08-14 00:00:00",
        "calendarYear": "1995",
        "period": "Q2",
        "revenue": 45900000,
        "costOfRevenue": 16300000,
        "grossProfit": 29600000,
        "grossProfitRatio": 0.6448801743,
        "researchAndDevelopmentExpenses": 0,
        "generalAndAdministrativeExpenses": 10300000,
        "sellingAndMarketingExpenses": 0,
        "sellingGeneralAndAdministrativeExpenses": 10300000,
        "otherExpenses": 9400000,
        "operatingExpenses": 19700000,
        "costAndExpenses": 36000000,
        "interestIncome": 40400000,
        "interestExpense": 15300000,
        "depreciationAndAmortization": 2000000,
        "ebitda": 11900000,
        "ebitdaratio": 0.2592592593,
        "operatingIncome": 9900000,
        "operatingIncomeRatio": 0.2156862745,
        "totalOtherIncomeExpensesNet": 0,
        "incomeBeforeTax": 9900000,
        "incomeBeforeTaxRatio": 0.2156862745,
        "incomeTaxExpense": 3300000,
        "netIncome": 6600000,
        "netIncomeRatio": 0.1437908497,
        "eps": 0.22,
        "epsdiluted": 0.22,
        "weightedAverageShsOut": 30446315,
        "weightedAverageShsOutDil": 30446315,
        "link": "https://www.sec.gov/Archives/edgar/data/750577/000095013495001979/0000950134-95-001979-index.html",
        "finalLink": "https://www.sec.gov/Archives/edgar/data/750577/0000950134-95-001979.txt"
    },
    {
        "date": "1995-03-31",
        "symbol": "HWC",
        "reportedCurrency": "USD",
        "cik": "0000750577",
        "fillingDate": "1995-05-15",
        "acceptedDate": "1995-05-15 00:00:00",
        "calendarYear": "1995",
        "period": "Q1",
        "revenue": 43900000,
        "costOfRevenue": 14400000,
        "grossProfit": 29500000,
        "grossProfitRatio": 0.6719817768,
        "researchAndDevelopmentExpenses": 0,
        "generalAndAdministrativeExpenses": 9800000,
        "sellingAndMarketingExpenses": 0,
        "sellingGeneralAndAdministrativeExpenses": 9800000,
        "otherExpenses": 9600000,
        "operatingExpenses": 19400000,
        "costAndExpenses": 33800000,
        "interestIncome": 38300000,
        "interestExpense": 14200000,
        "depreciationAndAmortization": 1700000,
        "ebitda": 11800000,
        "ebitdaratio": 0.2687927107,
        "operatingIncome": 10100000,
        "operatingIncomeRatio": 0.2300683371,
        "totalOtherIncomeExpensesNet": 0,
        "incomeBeforeTax": 10100000,
        "incomeBeforeTaxRatio": 0.2300683371,
        "incomeTaxExpense": 3300000,
        "netIncome": 6800000,
        "netIncomeRatio": 0.1548974943,
        "eps": 0.22,
        "epsdiluted": 0.22,
        "weightedAverageShsOut": 30893644,
        "weightedAverageShsOutDil": 30893644,
        "link": "https://www.sec.gov/Archives/edgar/data/750577/000095013495001155/0000950134-95-001155-index.html",
        "finalLink": "https://www.sec.gov/Archives/edgar/data/750577/0000950134-95-001155.txt"
    },
    {
        "date": "1994-12-31",
        "symbol": "HWC",
        "reportedCurrency": "USD",
        "cik": "0000750577",
        "fillingDate": "1995-03-31",
        "acceptedDate": "1995-03-31 00:00:00",
        "calendarYear": "1994",
        "period": "Q4",
        "revenue": 39100000,
        "costOfRevenue": 13500000,
        "grossProfit": 25600000,
        "grossProfitRatio": 0.6547314578,
        "researchAndDevelopmentExpenses": 0,
        "generalAndAdministrativeExpenses": 9500000,
        "sellingAndMarketingExpenses": 0,
        "sellingGeneralAndAdministrativeExpenses": 9500000,
        "otherExpenses": 7900000,
        "operatingExpenses": 17400000,
        "costAndExpenses": 30900000,
        "interestIncome": 34700000,
        "interestExpense": 12800000,
        "depreciationAndAmortization": 1700000,
        "ebitda": 9900000,
        "ebitdaratio": 0.2531969309,
        "operatingIncome": 8200000,
        "operatingIncomeRatio": 0.2097186701,
        "totalOtherIncomeExpensesNet": 0,
        "incomeBeforeTax": 8200000,
        "incomeBeforeTaxRatio": 0.2097186701,
        "incomeTaxExpense": 2500000,
        "netIncome": 5700000,
        "netIncomeRatio": 0.1457800512,
        "eps": 0.18,
        "epsdiluted": 0.18,
        "weightedAverageShsOut": 30893644,
        "weightedAverageShsOutDil": 30893644,
        "link": "https://www.sec.gov/Archives/edgar/data/750577/000095013495000613/0000950134-95-000613-index.htm",
        "finalLink": "https://www.sec.gov/Archives/edgar/data/750577/000095013495000613/"
    },
    {
        "date": "1994-09-30",
        "symbol": "HWC",
        "reportedCurrency": "USD",
        "cik": "0000750577",
        "fillingDate": "1994-10-27",
        "acceptedDate": "1994-10-27 00:00:00",
        "calendarYear": "1994",
        "period": "Q3",
        "revenue": 38900000,
        "costOfRevenue": 12900000,
        "grossProfit": 26000000,
        "grossProfitRatio": 0.6683804627,
        "researchAndDevelopmentExpenses": 0,
        "generalAndAdministrativeExpenses": 8700000,
        "sellingAndMarketingExpenses": 0,
        "sellingGeneralAndAdministrativeExpenses": 8700000,
        "otherExpenses": 8700000,
        "operatingExpenses": 17400000,
        "costAndExpenses": 30300000,
        "interestIncome": 33400000,
        "interestExpense": 12400000,
        "depreciationAndAmortization": 2200000,
        "ebitda": 10800000,
        "ebitdaratio": 0.2776349614,
        "operatingIncome": 8600000,
        "operatingIncomeRatio": 0.2210796915,
        "totalOtherIncomeExpensesNet": 0,
        "incomeBeforeTax": 8600000,
        "incomeBeforeTaxRatio": 0.2210796915,
        "incomeTaxExpense": 2700000,
        "netIncome": 5900000,
        "netIncomeRatio": 0.1516709512,
        "eps": 0.23,
        "epsdiluted": 0.23,
        "weightedAverageShsOut": 25639354,
        "weightedAverageShsOutDil": 25639354,
        "link": "https://www.sec.gov/Archives/edgar/data/750577/000095013494001225/0000950134-94-001225-index.html",
        "finalLink": "https://www.sec.gov/Archives/edgar/data/750577/0000950134-94-001225.txt"
    },
    {
        "date": "1994-06-30",
        "symbol": "HWC",
        "reportedCurrency": "USD",
        "cik": "0000750577",
        "fillingDate": "1994-08-15",
        "acceptedDate": "1994-08-15 00:00:00",
        "calendarYear": "1994",
        "period": "Q2",
        "revenue": 36200000,
        "costOfRevenue": 12000000,
        "grossProfit": 24200000,
        "grossProfitRatio": 0.6685082873,
        "researchAndDevelopmentExpenses": 0,
        "generalAndAdministrativeExpenses": 8400000,
        "sellingAndMarketingExpenses": 0,
        "sellingGeneralAndAdministrativeExpenses": 8400000,
        "otherExpenses": 8000000,
        "operatingExpenses": 16400000,
        "costAndExpenses": 28400000,
        "interestIncome": 31600000,
        "interestExpense": 11700000,
        "depreciationAndAmortization": 700000,
        "ebitda": 8500000,
        "ebitdaratio": 0.2348066298,
        "operatingIncome": 7800000,
        "operatingIncomeRatio": 0.2154696133,
        "totalOtherIncomeExpensesNet": 0,
        "incomeBeforeTax": 7800000,
        "incomeBeforeTaxRatio": 0.2154696133,
        "incomeTaxExpense": 2400000,
        "netIncome": 5400000,
        "netIncomeRatio": 0.1491712707,
        "eps": 0.2,
        "epsdiluted": 0.2,
        "weightedAverageShsOut": 27443905,
        "weightedAverageShsOutDil": 27443905,
        "link": "https://www.sec.gov/Archives/edgar/data/750577/000095013494001011/0000950134-94-001011-index.html",
        "finalLink": "https://www.sec.gov/Archives/edgar/data/750577/0000950134-94-001011.txt"
    },
    {
        "date": "1994-03-31",
        "symbol": "HWC",
        "reportedCurrency": "USD",
        "cik": "0000750577",
        "fillingDate": "1994-05-16",
        "acceptedDate": "1994-05-16 00:00:00",
        "calendarYear": "1994",
        "period": "Q1",
        "revenue": 34400000,
        "costOfRevenue": 11600000,
        "grossProfit": 22800000,
        "grossProfitRatio": 0.6627906977,
        "researchAndDevelopmentExpenses": 0,
        "generalAndAdministrativeExpenses": 7900000,
        "sellingAndMarketingExpenses": 0,
        "sellingGeneralAndAdministrativeExpenses": 7900000,
        "otherExpenses": 7900000,
        "operatingExpenses": 15800000,
        "costAndExpenses": 27400000,
        "interestIncome": 29600000,
        "interestExpense": 11200000,
        "depreciationAndAmortization": 1400000,
        "ebitda": 8400000,
        "ebitdaratio": 0.2441860465,
        "operatingIncome": 7000000,
        "operatingIncomeRatio": 0.2034883721,
        "totalOtherIncomeExpensesNet": 0,
        "incomeBeforeTax": 7000000,
        "incomeBeforeTaxRatio": 0.2034883721,
        "incomeTaxExpense": 2200000,
        "netIncome": 4800000,
        "netIncomeRatio": 0.1395348837,
        "eps": 0.2,
        "epsdiluted": 0.2,
        "weightedAverageShsOut": 24394582,
        "weightedAverageShsOutDil": 24394582,
        "link": "https://www.sec.gov/Archives/edgar/data/750577/000095013494000586/0000950134-94-000586-index.html",
        "finalLink": "https://www.sec.gov/Archives/edgar/data/750577/0000950134-94-000586.txt"
    },
    {
        "date": "1993-12-31",
        "symbol": "HWC",
        "reportedCurrency": "USD",
        "cik": "0000750577",
        "fillingDate": "1994-02-11",
        "acceptedDate": "1994-02-11 00:00:00",
        "calendarYear": "1993",
        "period": "Q4",
        "revenue": 35600000,
        "costOfRevenue": 12300000,
        "grossProfit": 23300000,
        "grossProfitRatio": 0.654494382,
        "researchAndDevelopmentExpenses": 0,
        "generalAndAdministrativeExpenses": 8400000,
        "sellingAndMarketingExpenses": 0,
        "sellingGeneralAndAdministrativeExpenses": 8400000,
        "otherExpenses": 8400000,
        "operatingExpenses": 16800000,
        "costAndExpenses": 29100000,
        "interestIncome": 30200000,
        "interestExpense": 11200000,
        "depreciationAndAmortization": -300000,
        "ebitda": 6200000,
        "ebitdaratio": 0.1741573034,
        "operatingIncome": 6500000,
        "operatingIncomeRatio": 0.1825842697,
        "totalOtherIncomeExpensesNet": 0,
        "incomeBeforeTax": 6500000,
        "incomeBeforeTaxRatio": 0.1825842697,
        "incomeTaxExpense": 1900000,
        "netIncome": 4600000,
        "netIncomeRatio": 0.1292134831,
        "eps": 0.19,
        "epsdiluted": 0.19,
        "weightedAverageShsOut": 24154589,
        "weightedAverageShsOutDil": 24154589,
        "link": "https://www.sec.gov/Archives/edgar/data/750577/000095013494000106/0000950134-94-000106-index.html",
        "finalLink": "https://www.sec.gov/Archives/edgar/data/750577/0000950134-94-000106.txt"
    },
    {
        "date": "1993-09-30",
        "symbol": "HWC",
        "reportedCurrency": "USD",
        "cik": "0000750577",
        "fillingDate": "1993-09-30",
        "acceptedDate": "1993-09-29 20:00:00",
        "calendarYear": "1993",
        "period": "Q3",
        "revenue": 35600000,
        "costOfRevenue": 11600000,
        "grossProfit": 24000000,
        "grossProfitRatio": 0.6741573034,
        "researchAndDevelopmentExpenses": 0,
        "generalAndAdministrativeExpenses": 7800000,
        "sellingAndMarketingExpenses": 0,
        "sellingGeneralAndAdministrativeExpenses": 7800000,
        "otherExpenses": 7700000,
        "operatingExpenses": 15500000,
        "costAndExpenses": 27100000,
        "interestIncome": 30600000,
        "interestExpense": 11400000,
        "depreciationAndAmortization": 3400000,
        "ebitda": 11900000,
        "ebitdaratio": 0.3342696629,
        "operatingIncome": 8500000,
        "operatingIncomeRatio": 0.2387640449,
        "totalOtherIncomeExpensesNet": 0,
        "incomeBeforeTax": 8500000,
        "incomeBeforeTaxRatio": 0.2387640449,
        "incomeTaxExpense": 2700000,
        "netIncome": 5800000,
        "netIncomeRatio": 0.1629213483,
        "eps": 0.24,
        "epsdiluted": 0.24,
        "weightedAverageShsOut": 24154589,
        "weightedAverageShsOutDil": 24154589,
        "link": "",
        "finalLink": ""
    },
    {
        "date": "1993-06-30",
        "symbol": "HWC",
        "reportedCurrency": "USD",
        "cik": "0000750577",
        "fillingDate": "1993-06-30",
        "acceptedDate": "1993-06-29 20:00:00",
        "calendarYear": "1993",
        "period": "Q2",
        "revenue": 35900000,
        "costOfRevenue": 12700000,
        "grossProfit": 23200000,
        "grossProfitRatio": 0.6462395543,
        "researchAndDevelopmentExpenses": 0,
        "generalAndAdministrativeExpenses": 7300000,
        "sellingAndMarketingExpenses": 0,
        "sellingGeneralAndAdministrativeExpenses": 7300000,
        "otherExpenses": 7600000,
        "operatingExpenses": 14900000,
        "costAndExpenses": 27600000,
        "interestIncome": 31300000,
        "interestExpense": 11400000,
        "depreciationAndAmortization": -300000,
        "ebitda": 8000000,
        "ebitdaratio": 0.2228412256,
        "operatingIncome": 8300000,
        "operatingIncomeRatio": 0.2311977716,
        "totalOtherIncomeExpensesNet": 0,
        "incomeBeforeTax": 8300000,
        "incomeBeforeTaxRatio": 0.2311977716,
        "incomeTaxExpense": 2500000,
        "netIncome": 5800000,
        "netIncomeRatio": 0.1615598886,
        "eps": 0.24,
        "epsdiluted": 0.24,
        "weightedAverageShsOut": 24494795,
        "weightedAverageShsOutDil": 24494795,
        "link": "",
        "finalLink": ""
    },
    {
        "date": "1993-03-31",
        "symbol": "HWC",
        "reportedCurrency": "USD",
        "cik": "0000750577",
        "fillingDate": "1993-03-31",
        "acceptedDate": "1993-03-30 19:00:00",
        "calendarYear": "1993",
        "period": "Q1",
        "revenue": 36000000,
        "costOfRevenue": 12900000,
        "grossProfit": 23100000,
        "grossProfitRatio": 0.6416666667,
        "researchAndDevelopmentExpenses": 0,
        "generalAndAdministrativeExpenses": 7100000,
        "sellingAndMarketingExpenses": 0,
        "sellingGeneralAndAdministrativeExpenses": 7100000,
        "otherExpenses": 7500000,
        "operatingExpenses": 14600000,
        "costAndExpenses": 27500000,
        "interestIncome": 31200000,
        "interestExpense": 11400000,
        "depreciationAndAmortization": 1000000,
        "ebitda": 9500000,
        "ebitdaratio": 0.2638888889,
        "operatingIncome": 8500000,
        "operatingIncomeRatio": 0.2361111111,
        "totalOtherIncomeExpensesNet": 0,
        "incomeBeforeTax": 8500000,
        "incomeBeforeTaxRatio": 0.2361111111,
        "incomeTaxExpense": 2600000,
        "netIncome": 5900000,
        "netIncomeRatio": 0.1638888889,
        "eps": 0.24,
        "epsdiluted": 0.24,
        "weightedAverageShsOut": 24234458,
        "weightedAverageShsOutDil": 24234458,
        "link": "",
        "finalLink": ""
    },
    {
        "date": "1992-12-31",
        "symbol": "HWC",
        "reportedCurrency": "USD",
        "cik": "0000750577",
        "fillingDate": "1992-12-31",
        "acceptedDate": "1992-12-30 19:00:00",
        "calendarYear": "1992",
        "period": "Q4",
        "revenue": 36800000,
        "costOfRevenue": 13800000,
        "grossProfit": 23000000,
        "grossProfitRatio": 0.625,
        "researchAndDevelopmentExpenses": 0,
        "generalAndAdministrativeExpenses": 8400000,
        "sellingAndMarketingExpenses": 0,
        "sellingGeneralAndAdministrativeExpenses": 8400000,
        "otherExpenses": 7100000,
        "operatingExpenses": 15500000,
        "costAndExpenses": 29300000,
        "interestIncome": 31900000,
        "interestExpense": 11600000,
        "depreciationAndAmortization": 1900000,
        "ebitda": 9400000,
        "ebitdaratio": 0.2554347826,
        "operatingIncome": 7500000,
        "operatingIncomeRatio": 0.2038043478,
        "totalOtherIncomeExpensesNet": 0,
        "incomeBeforeTax": 7500000,
        "incomeBeforeTaxRatio": 0.2038043478,
        "incomeTaxExpense": 1800000,
        "netIncome": 5700000,
        "netIncomeRatio": 0.1548913043,
        "eps": 0.24,
        "epsdiluted": 0.24,
        "weightedAverageShsOut": 23988006,
        "weightedAverageShsOutDil": 23988006,
        "link": "",
        "finalLink": ""
    },
    {
        "date": "1992-09-30",
        "symbol": "HWC",
        "reportedCurrency": "USD",
        "cik": "0000750577",
        "fillingDate": "1992-09-30",
        "acceptedDate": "1992-09-29 20:00:00",
        "calendarYear": "1992",
        "period": "Q3",
        "revenue": 36500000,
        "costOfRevenue": 14600000,
        "grossProfit": 21900000,
        "grossProfitRatio": 0.6,
        "researchAndDevelopmentExpenses": 0,
        "generalAndAdministrativeExpenses": 7000000,
        "sellingAndMarketingExpenses": 0,
        "sellingGeneralAndAdministrativeExpenses": 7000000,
        "otherExpenses": 8000000,
        "operatingExpenses": 15000000,
        "costAndExpenses": 29600000,
        "interestIncome": 31400000,
        "interestExpense": 12600000,
        "depreciationAndAmortization": 600000,
        "ebitda": 7500000,
        "ebitdaratio": 0.2054794521,
        "operatingIncome": 6900000,
        "operatingIncomeRatio": 0.1890410959,
        "totalOtherIncomeExpensesNet": 0,
        "incomeBeforeTax": 6900000,
        "incomeBeforeTaxRatio": 0.1890410959,
        "incomeTaxExpense": 2100000,
        "netIncome": 4800000,
        "netIncomeRatio": 0.1315068493,
        "eps": 0.2,
        "epsdiluted": 0.2,
        "weightedAverageShsOut": 23988006,
        "weightedAverageShsOutDil": 23988006,
        "link": "",
        "finalLink": ""
    },
    {
        "date": "1992-06-30",
        "symbol": "HWC",
        "reportedCurrency": "USD",
        "cik": "0000750577",
        "fillingDate": "1992-06-30",
        "acceptedDate": "1992-06-29 20:00:00",
        "calendarYear": "1992",
        "period": "Q2",
        "revenue": 36100000,
        "costOfRevenue": 15500000,
        "grossProfit": 20600000,
        "grossProfitRatio": 0.5706371191,
        "researchAndDevelopmentExpenses": 0,
        "generalAndAdministrativeExpenses": 6500000,
        "sellingAndMarketingExpenses": 0,
        "sellingGeneralAndAdministrativeExpenses": 6500000,
        "otherExpenses": 8500000,
        "operatingExpenses": 15000000,
        "costAndExpenses": 30500000,
        "interestIncome": 31700000,
        "interestExpense": 13600000,
        "depreciationAndAmortization": 500000,
        "ebitda": 6100000,
        "ebitdaratio": 0.1689750693,
        "operatingIncome": 5600000,
        "operatingIncomeRatio": 0.1551246537,
        "totalOtherIncomeExpensesNet": 0,
        "incomeBeforeTax": 5600000,
        "incomeBeforeTaxRatio": 0.1551246537,
        "incomeTaxExpense": 1400000,
        "netIncome": 4200000,
        "netIncomeRatio": 0.1163434903,
        "eps": 0.17,
        "epsdiluted": 0.17,
        "weightedAverageShsOut": 24218660,
        "weightedAverageShsOutDil": 24218660,
        "link": "",
        "finalLink": ""
    },
    {
        "date": "1992-03-31",
        "symbol": "HWC",
        "reportedCurrency": "USD",
        "cik": "0000750577",
        "fillingDate": "1992-03-31",
        "acceptedDate": "1992-03-30 19:00:00",
        "calendarYear": "1992",
        "period": "Q1",
        "revenue": 36600000,
        "costOfRevenue": 16000000,
        "grossProfit": 20600000,
        "grossProfitRatio": 0.5628415301,
        "researchAndDevelopmentExpenses": 0,
        "generalAndAdministrativeExpenses": 6600000,
        "sellingAndMarketingExpenses": 0,
        "sellingGeneralAndAdministrativeExpenses": 6600000,
        "otherExpenses": 8200000,
        "operatingExpenses": 14800000,
        "costAndExpenses": 30800000,
        "interestIncome": 31500000,
        "interestExpense": 14500000,
        "depreciationAndAmortization": 900000,
        "ebitda": 6700000,
        "ebitdaratio": 0.1830601093,
        "operatingIncome": 5800000,
        "operatingIncomeRatio": 0.1584699454,
        "totalOtherIncomeExpensesNet": 0,
        "incomeBeforeTax": 5800000,
        "incomeBeforeTaxRatio": 0.1584699454,
        "incomeTaxExpense": 1400000,
        "netIncome": 4400000,
        "netIncomeRatio": 0.1202185792,
        "eps": 0.18,
        "epsdiluted": 0.18,
        "weightedAverageShsOut": 23988006,
        "weightedAverageShsOutDil": 23988006,
        "link": "",
        "finalLink": ""
    },
    {
        "date": "1991-12-31",
        "symbol": "HWC",
        "reportedCurrency": "USD",
        "cik": "0000750577",
        "fillingDate": "1991-12-31",
        "acceptedDate": "1991-12-30 19:00:00",
        "calendarYear": "1991",
        "period": "Q4",
        "revenue": 38400000,
        "costOfRevenue": 17500000,
        "grossProfit": 20900000,
        "grossProfitRatio": 0.5442708333,
        "researchAndDevelopmentExpenses": 0,
        "generalAndAdministrativeExpenses": 7000000,
        "sellingAndMarketingExpenses": 0,
        "sellingGeneralAndAdministrativeExpenses": 7000000,
        "otherExpenses": 8600000,
        "operatingExpenses": 15600000,
        "costAndExpenses": 33100000,
        "interestIncome": 31900000,
        "interestExpense": 16400000,
        "depreciationAndAmortization": 1600000,
        "ebitda": 6900000,
        "ebitdaratio": 0.1796875,
        "operatingIncome": 5300000,
        "operatingIncomeRatio": 0.1380208333,
        "totalOtherIncomeExpensesNet": 0,
        "incomeBeforeTax": 5300000,
        "incomeBeforeTaxRatio": 0.1380208333,
        "incomeTaxExpense": 1500000,
        "netIncome": 3800000,
        "netIncomeRatio": 0.0989583333,
        "eps": 0.2,
        "epsdiluted": 0.2,
        "weightedAverageShsOut": 19028947,
        "weightedAverageShsOutDil": 19028947,
        "link": "",
        "finalLink": ""
    },
    {
        "date": "1991-09-30",
        "symbol": "HWC",
        "reportedCurrency": "USD",
        "cik": "0000750577",
        "fillingDate": "1991-09-30",
        "acceptedDate": "1991-09-29 20:00:00",
        "calendarYear": "1991",
        "period": "Q3",
        "revenue": 36500000,
        "costOfRevenue": 18300000,
        "grossProfit": 18200000,
        "grossProfitRatio": 0.498630137,
        "researchAndDevelopmentExpenses": 0,
        "generalAndAdministrativeExpenses": 6500000,
        "sellingAndMarketingExpenses": 0,
        "sellingGeneralAndAdministrativeExpenses": 6500000,
        "otherExpenses": 7300000,
        "operatingExpenses": 13800000,
        "costAndExpenses": 32100000,
        "interestIncome": 32000000,
        "interestExpense": 17200000,
        "depreciationAndAmortization": 700000,
        "ebitda": 5100000,
        "ebitdaratio": 0.1397260274,
        "operatingIncome": 4400000,
        "operatingIncomeRatio": 0.1205479452,
        "totalOtherIncomeExpensesNet": 0,
        "incomeBeforeTax": 4400000,
        "incomeBeforeTaxRatio": 0.1205479452,
        "incomeTaxExpense": 1100000,
        "netIncome": 3300000,
        "netIncomeRatio": 0.0904109589,
        "eps": 0.17,
        "epsdiluted": 0.17,
        "weightedAverageShsOut": 19028947,
        "weightedAverageShsOutDil": 19028947,
        "link": "",
        "finalLink": ""
    },
    {
        "date": "1991-06-30",
        "symbol": "HWC",
        "reportedCurrency": "USD",
        "cik": "0000750577",
        "fillingDate": "1991-06-30",
        "acceptedDate": "1991-06-29 20:00:00",
        "calendarYear": "1991",
        "period": "Q2",
        "revenue": 34800000,
        "costOfRevenue": 18900000,
        "grossProfit": 15900000,
        "grossProfitRatio": 0.4568965517,
        "researchAndDevelopmentExpenses": 0,
        "generalAndAdministrativeExpenses": 6200000,
        "sellingAndMarketingExpenses": 0,
        "sellingGeneralAndAdministrativeExpenses": 6200000,
        "otherExpenses": 6500000,
        "operatingExpenses": 12700000,
        "costAndExpenses": 31600000,
        "interestIncome": 30400000,
        "interestExpense": 17300000,
        "depreciationAndAmortization": 500000,
        "ebitda": 3700000,
        "ebitdaratio": 0.1063218391,
        "operatingIncome": 3200000,
        "operatingIncomeRatio": 0.091954023,
        "totalOtherIncomeExpensesNet": 0,
        "incomeBeforeTax": 3200000,
        "incomeBeforeTaxRatio": 0.091954023,
        "incomeTaxExpense": 700000,
        "netIncome": 2500000,
        "netIncomeRatio": 0.0718390805,
        "eps": 0.13,
        "epsdiluted": 0.13,
        "weightedAverageShsOut": 18740630,
        "weightedAverageShsOutDil": 18740630,
        "link": "",
        "finalLink": ""
    },
    {
        "date": "1991-03-31",
        "symbol": "HWC",
        "reportedCurrency": "USD",
        "cik": "0000750577",
        "fillingDate": "1991-03-31",
        "acceptedDate": "1991-03-30 19:00:00",
        "calendarYear": "1991",
        "period": "Q1",
        "revenue": 35100000,
        "costOfRevenue": 18900000,
        "grossProfit": 16200000,
        "grossProfitRatio": 0.4615384615,
        "researchAndDevelopmentExpenses": 0,
        "generalAndAdministrativeExpenses": 6200000,
        "sellingAndMarketingExpenses": 0,
        "sellingGeneralAndAdministrativeExpenses": 6200000,
        "otherExpenses": 6500000,
        "operatingExpenses": 12700000,
        "costAndExpenses": 31600000,
        "interestIncome": 30500000,
        "interestExpense": 17900000,
        "depreciationAndAmortization": 900000,
        "ebitda": 4400000,
        "ebitdaratio": 0.1253561254,
        "operatingIncome": 3500000,
        "operatingIncomeRatio": 0.0997150997,
        "totalOtherIncomeExpensesNet": 0,
        "incomeBeforeTax": 3500000,
        "incomeBeforeTaxRatio": 0.0997150997,
        "incomeTaxExpense": 700000,
        "netIncome": 2800000,
        "netIncomeRatio": 0.0797720798,
        "eps": 0.15,
        "epsdiluted": 0.15,
        "weightedAverageShsOut": 19081368,
        "weightedAverageShsOutDil": 19081368,
        "link": "",
        "finalLink": ""
    },
    {
        "date": "1990-12-31",
        "symbol": "HWC",
        "reportedCurrency": "USD",
        "cik": "0000750577",
        "fillingDate": "1990-12-31",
        "acceptedDate": "1990-12-30 19:00:00",
        "calendarYear": "1990",
        "period": "Q4",
        "revenue": 35700000,
        "costOfRevenue": 19800000,
        "grossProfit": 15900000,
        "grossProfitRatio": 0.4453781513,
        "researchAndDevelopmentExpenses": 0,
        "generalAndAdministrativeExpenses": 7100000,
        "sellingAndMarketingExpenses": 0,
        "sellingGeneralAndAdministrativeExpenses": 7100000,
        "otherExpenses": 6700000,
        "operatingExpenses": 13800000,
        "costAndExpenses": 33600000,
        "interestIncome": 31000000,
        "interestExpense": 18700000,
        "depreciationAndAmortization": 1200000,
        "ebitda": 3300000,
        "ebitdaratio": 0.0924369748,
        "operatingIncome": 2100000,
        "operatingIncomeRatio": 0.0588235294,
        "totalOtherIncomeExpensesNet": 0,
        "incomeBeforeTax": 2100000,
        "incomeBeforeTaxRatio": 0.0588235294,
        "incomeTaxExpense": 500000,
        "netIncome": 1600000,
        "netIncomeRatio": 0.0448179272,
        "eps": 0.0841,
        "epsdiluted": 0.0841,
        "weightedAverageShsOut": 19014883,
        "weightedAverageShsOutDil": 19014883,
        "link": "",
        "finalLink": ""
    },
    {
        "date": "1990-09-30",
        "symbol": "HWC",
        "reportedCurrency": "USD",
        "cik": "0000750577",
        "fillingDate": "1990-09-30",
        "acceptedDate": "1990-09-29 20:00:00",
        "calendarYear": "1990",
        "period": "Q3",
        "revenue": 31800000,
        "costOfRevenue": 17900000,
        "grossProfit": 13900000,
        "grossProfitRatio": 0.4371069182,
        "researchAndDevelopmentExpenses": 0,
        "generalAndAdministrativeExpenses": 5500000,
        "sellingAndMarketingExpenses": 0,
        "sellingGeneralAndAdministrativeExpenses": 5500000,
        "otherExpenses": 5400000,
        "operatingExpenses": 10900000,
        "costAndExpenses": 28800000,
        "interestIncome": 28800000,
        "interestExpense": 17500000,
        "depreciationAndAmortization": 900000,
        "ebitda": 3900000,
        "ebitdaratio": 0.1226415094,
        "operatingIncome": 3000000,
        "operatingIncomeRatio": 0.0943396226,
        "totalOtherIncomeExpensesNet": 0,
        "incomeBeforeTax": 3000000,
        "incomeBeforeTaxRatio": 0.0943396226,
        "incomeTaxExpense": 400000,
        "netIncome": 2600000,
        "netIncomeRatio": 0.0817610063,
        "eps": 0.14,
        "epsdiluted": 0.14,
        "weightedAverageShsOut": 19014883,
        "weightedAverageShsOutDil": 19014883,
        "link": "",
        "finalLink": ""
    },
    {
        "date": "1990-06-30",
        "symbol": "HWC",
        "reportedCurrency": "USD",
        "cik": "0000750577",
        "fillingDate": "1990-06-30",
        "acceptedDate": "1990-06-29 20:00:00",
        "calendarYear": "1990",
        "period": "Q2",
        "revenue": 24000000,
        "costOfRevenue": 14500000,
        "grossProfit": 9500000,
        "grossProfitRatio": 0.3958333333,
        "researchAndDevelopmentExpenses": 0,
        "generalAndAdministrativeExpenses": 4100000,
        "sellingAndMarketingExpenses": 0,
        "sellingGeneralAndAdministrativeExpenses": 4100000,
        "otherExpenses": 3700000,
        "operatingExpenses": 7800000,
        "costAndExpenses": 22300000,
        "interestIncome": 21200000,
        "interestExpense": 13400000,
        "depreciationAndAmortization": 600000,
        "ebitda": 2300000,
        "ebitdaratio": 0.0958333333,
        "operatingIncome": 1700000,
        "operatingIncomeRatio": 0.0708333333,
        "totalOtherIncomeExpensesNet": 0,
        "incomeBeforeTax": 1700000,
        "incomeBeforeTaxRatio": 0.0708333333,
        "incomeTaxExpense": 200000,
        "netIncome": 1500000,
        "netIncomeRatio": 0.0625,
        "eps": 0.0767,
        "epsdiluted": 0.0767,
        "weightedAverageShsOut": 19555440,
        "weightedAverageShsOutDil": 19555440,
        "link": "",
        "finalLink": ""
    },
    {
        "date": "1990-03-31",
        "symbol": "HWC",
        "reportedCurrency": "USD",
        "cik": "0000750577",
        "fillingDate": "1990-03-31",
        "acceptedDate": "1990-03-30 19:00:00",
        "calendarYear": "1990",
        "period": "Q1",
        "revenue": 23800000,
        "costOfRevenue": 13500000,
        "grossProfit": 10300000,
        "grossProfitRatio": 0.4327731092,
        "researchAndDevelopmentExpenses": 0,
        "generalAndAdministrativeExpenses": 4000000,
        "sellingAndMarketingExpenses": 0,
        "sellingGeneralAndAdministrativeExpenses": 4000000,
        "otherExpenses": 3600000,
        "operatingExpenses": 7600000,
        "costAndExpenses": 21100000,
        "interestIncome": 21200000,
        "interestExpense": 13200000,
        "depreciationAndAmortization": 700000,
        "ebitda": 3400000,
        "ebitdaratio": 0.1428571429,
        "operatingIncome": 2700000,
        "operatingIncomeRatio": 0.1134453782,
        "totalOtherIncomeExpensesNet": 0,
        "incomeBeforeTax": 2700000,
        "incomeBeforeTaxRatio": 0.1134453782,
        "incomeTaxExpense": 400000,
        "netIncome": 2300000,
        "netIncomeRatio": 0.0966386555,
        "eps": 0.12,
        "epsdiluted": 0.12,
        "weightedAverageShsOut": 18639329,
        "weightedAverageShsOutDil": 18639329,
        "link": "",
        "finalLink": ""
    },
    {
        "date": "1989-12-31",
        "symbol": "HWC",
        "reportedCurrency": "USD",
        "cik": "0000750577",
        "fillingDate": "1989-12-31",
        "acceptedDate": "1989-12-30 19:00:00",
        "calendarYear": "1989",
        "period": "Q4",
        "revenue": 0,
        "costOfRevenue": 0,
        "grossProfit": 0,
        "grossProfitRatio": 0,
        "researchAndDevelopmentExpenses": 0,
        "generalAndAdministrativeExpenses": 0,
        "sellingAndMarketingExpenses": 0,
        "sellingGeneralAndAdministrativeExpenses": 0,
        "otherExpenses": 0,
        "operatingExpenses": 0,
        "costAndExpenses": 0,
        "interestIncome": 0,
        "interestExpense": 0,
        "depreciationAndAmortization": 0,
        "ebitda": 0,
        "ebitdaratio": 0,
        "operatingIncome": 0,
        "operatingIncomeRatio": 0,
        "totalOtherIncomeExpensesNet": 0,
        "incomeBeforeTax": 0,
        "incomeBeforeTaxRatio": 0,
        "incomeTaxExpense": 0,
        "netIncome": 1600000,
        "netIncomeRatio": 0,
        "eps": 0.0825252734,
        "epsdiluted": 0.0825252734,
        "weightedAverageShsOut": 19388000,
        "weightedAverageShsOutDil": 19388000,
        "link": null,
        "finalLink": null
    },
    {
        "date": "1989-09-30",
        "symbol": "HWC",
        "reportedCurrency": "USD",
        "cik": "0000750577",
        "fillingDate": "1989-09-30",
        "acceptedDate": "1989-09-29 20:00:00",
        "calendarYear": "1989",
        "period": "Q3",
        "revenue": 0,
        "costOfRevenue": 0,
        "grossProfit": 0,
        "grossProfitRatio": 0,
        "researchAndDevelopmentExpenses": 0,
        "generalAndAdministrativeExpenses": 0,
        "sellingAndMarketingExpenses": 0,
        "sellingGeneralAndAdministrativeExpenses": 0,
        "otherExpenses": 0,
        "operatingExpenses": 0,
        "costAndExpenses": 0,
        "interestIncome": 0,
        "interestExpense": 0,
        "depreciationAndAmortization": 0,
        "ebitda": 0,
        "ebitdaratio": 0,
        "operatingIncome": 0,
        "operatingIncomeRatio": 0,
        "totalOtherIncomeExpensesNet": 0,
        "incomeBeforeTax": 0,
        "incomeBeforeTaxRatio": 0,
        "incomeTaxExpense": 0,
        "netIncome": 1700000,
        "netIncomeRatio": 0,
        "eps": 0.09,
        "epsdiluted": 0.09,
        "weightedAverageShsOut": 19391000,
        "weightedAverageShsOutDil": 19391000,
        "link": null,
        "finalLink": null
    },
    {
        "date": "1989-06-30",
        "symbol": "HWC",
        "reportedCurrency": "USD",
        "cik": "0000750577",
        "fillingDate": "1989-06-30",
        "acceptedDate": "1989-06-29 20:00:00",
        "calendarYear": "1989",
        "period": "Q2",
        "revenue": 0,
        "costOfRevenue": 0,
        "grossProfit": 0,
        "grossProfitRatio": 0,
        "researchAndDevelopmentExpenses": 0,
        "generalAndAdministrativeExpenses": 0,
        "sellingAndMarketingExpenses": 0,
        "sellingGeneralAndAdministrativeExpenses": 0,
        "otherExpenses": 0,
        "operatingExpenses": 0,
        "costAndExpenses": 0,
        "interestIncome": 0,
        "interestExpense": 0,
        "depreciationAndAmortization": 0,
        "ebitda": 0,
        "ebitdaratio": 0,
        "operatingIncome": 0,
        "operatingIncomeRatio": 0,
        "totalOtherIncomeExpensesNet": 0,
        "incomeBeforeTax": 0,
        "incomeBeforeTaxRatio": 0,
        "incomeTaxExpense": 0,
        "netIncome": 1700000,
        "netIncomeRatio": 0,
        "eps": 0.09,
        "epsdiluted": 0.09,
        "weightedAverageShsOut": 19391000,
        "weightedAverageShsOutDil": 19391000,
        "link": null,
        "finalLink": null
    },
    {
        "date": "1989-03-31",
        "symbol": "HWC",
        "reportedCurrency": "USD",
        "cik": "0000750577",
        "fillingDate": "1989-03-31",
        "acceptedDate": "1989-03-30 19:00:00",
        "calendarYear": "1989",
        "period": "Q1",
        "revenue": 0,
        "costOfRevenue": 0,
        "grossProfit": 0,
        "grossProfitRatio": 0,
        "researchAndDevelopmentExpenses": 0,
        "generalAndAdministrativeExpenses": 0,
        "sellingAndMarketingExpenses": 0,
        "sellingGeneralAndAdministrativeExpenses": 0,
        "otherExpenses": 0,
        "operatingExpenses": 0,
        "costAndExpenses": 0,
        "interestIncome": 0,
        "interestExpense": 0,
        "depreciationAndAmortization": 0,
        "ebitda": 0,
        "ebitdaratio": 0,
        "operatingIncome": 0,
        "operatingIncomeRatio": 0,
        "totalOtherIncomeExpensesNet": 0,
        "incomeBeforeTax": 0,
        "incomeBeforeTaxRatio": 0,
        "incomeTaxExpense": 0,
        "netIncome": 1700000,
        "netIncomeRatio": 0,
        "eps": 0.09,
        "epsdiluted": 0.09,
        "weightedAverageShsOut": 19391000,
        "weightedAverageShsOutDil": 19391000,
        "link": "",
        "finalLink": ""
    }
]