[
    {
        "date": "2025-06-30",
        "symbol": "IAC",
        "reportedCurrency": "USD",
        "cik": "0001800227",
        "fillingDate": "2025-08-04",
        "acceptedDate": "2025-08-04 16:13:21",
        "calendarYear": "2025",
        "period": "Q2",
        "revenue": 586928000,
        "costOfRevenue": 201971000,
        "grossProfit": 384957000,
        "grossProfitRatio": 0.6558845378,
        "researchAndDevelopmentExpenses": 49826000,
        "generalAndAdministrativeExpenses": 117343000,
        "sellingAndMarketingExpenses": 185825000,
        "sellingGeneralAndAdministrativeExpenses": 303168000,
        "otherExpenses": 31388000,
        "operatingExpenses": 384382000,
        "costAndExpenses": 586353000,
        "interestIncome": 11270000,
        "interestExpense": 37167000,
        "depreciationAndAmortization": 31388000,
        "ebitda": 342228000,
        "ebitdaratio": 0.5830834446,
        "operatingIncome": 575000,
        "operatingIncomeRatio": 0.0009796772,
        "totalOtherIncomeExpensesNet": 273098000,
        "incomeBeforeTax": 273673000,
        "incomeBeforeTaxRatio": 0.4662803615,
        "incomeTaxExpense": 63040000,
        "netIncome": 211452000,
        "netIncomeRatio": 0.360269062,
        "eps": 2.64,
        "epsdiluted": 2.57,
        "weightedAverageShsOut": 80095455,
        "weightedAverageShsOutDil": 82277043,
        "link": "https://www.sec.gov/Archives/edgar/data/1800227/000180022725000124/0001800227-25-000124-index.htm",
        "finalLink": "https://www.sec.gov/Archives/edgar/data/1800227/000180022725000124/iaci-20250630.htm"
    },
    {
        "date": "2025-03-31",
        "symbol": "IAC",
        "reportedCurrency": "USD",
        "cik": "0001800227",
        "fillingDate": "2025-05-05",
        "acceptedDate": "2025-05-05 16:08:23",
        "calendarYear": "2025",
        "period": "Q1",
        "revenue": 570489000,
        "costOfRevenue": 205283000,
        "grossProfit": 365206000,
        "grossProfitRatio": 0.6401630882,
        "researchAndDevelopmentExpenses": 50213000,
        "generalAndAdministrativeExpenses": 62824000,
        "sellingAndMarketingExpenses": 180914000,
        "sellingGeneralAndAdministrativeExpenses": 243738000,
        "otherExpenses": 35479000,
        "operatingExpenses": 329430000,
        "costAndExpenses": 534713000,
        "interestIncome": 0,
        "interestExpense": 28314000,
        "depreciationAndAmortization": 373205000,
        "ebitda": 35776000,
        "ebitdaratio": 0.0627111127,
        "operatingIncome": 35776000,
        "operatingIncomeRatio": 0.0627111127,
        "totalOtherIncomeExpensesNet": -344891000,
        "incomeBeforeTax": -309115000,
        "incomeBeforeTaxRatio": -0.541842174,
        "incomeTaxExpense": 79234000,
        "netIncome": -216805000,
        "netIncomeRatio": -0.3800336203,
        "eps": -2.83,
        "epsdiluted": -2.64,
        "weightedAverageShsOut": 76710999,
        "weightedAverageShsOutDil": 82214000,
        "link": "https://www.sec.gov/Archives/edgar/data/1800227/000180022725000028/0001800227-25-000028-index.htm",
        "finalLink": "https://www.sec.gov/Archives/edgar/data/1800227/000180022725000028/iaci-20250331.htm"
    },
    {
        "date": "2024-12-31",
        "symbol": "IAC",
        "reportedCurrency": "USD",
        "cik": "0001800227",
        "fillingDate": "2025-04-29",
        "acceptedDate": "2025-04-29 17:28:48",
        "calendarYear": "2024",
        "period": "Q4",
        "revenue": 989307000,
        "costOfRevenue": 262712000,
        "grossProfit": 726595000,
        "grossProfitRatio": 0.7344484574,
        "researchAndDevelopmentExpenses": 80267000,
        "generalAndAdministrativeExpenses": 209733000,
        "sellingAndMarketingExpenses": 320837000,
        "sellingGeneralAndAdministrativeExpenses": 530570000,
        "otherExpenses": 65137000,
        "operatingExpenses": 675974000,
        "costAndExpenses": 938686000,
        "interestIncome": 0,
        "interestExpense": -36954000,
        "depreciationAndAmortization": 0,
        "ebitda": 50621000,
        "ebitdaratio": 0.0511681409,
        "operatingIncome": 50621000,
        "operatingIncomeRatio": 0.0511681409,
        "totalOtherIncomeExpensesNet": -313291000,
        "incomeBeforeTax": -262670000,
        "incomeBeforeTaxRatio": -0.2655090887,
        "incomeTaxExpense": 63280000,
        "netIncome": -198977000,
        "netIncomeRatio": -0.201127658,
        "eps": -2.39,
        "epsdiluted": -2.39,
        "weightedAverageShsOut": 83253974,
        "weightedAverageShsOutDil": 83253974,
        "link": "https://www.sec.gov/Archives/edgar/data/1800227/000110465925041418/0001104659-25-041418-index.htm",
        "finalLink": "https://www.sec.gov/Archives/edgar/data/1800227/000110465925041418/tm2512264d1_10ka.htm"
    },
    {
        "date": "2024-09-30",
        "symbol": "IAC",
        "reportedCurrency": "USD",
        "cik": "0001800227",
        "fillingDate": "2024-11-12",
        "acceptedDate": "2024-11-12 06:06:55",
        "calendarYear": "2024",
        "period": "Q3",
        "revenue": 938719000,
        "costOfRevenue": 257811000,
        "grossProfit": 680908000,
        "grossProfitRatio": 0.7253587069,
        "researchAndDevelopmentExpenses": 78262000,
        "generalAndAdministrativeExpenses": 185258000,
        "sellingAndMarketingExpenses": 338262000,
        "sellingGeneralAndAdministrativeExpenses": 523520000,
        "otherExpenses": 62800000,
        "operatingExpenses": 664582000,
        "costAndExpenses": 922393000,
        "interestIncome": 22364000,
        "interestExpense": 39701000,
        "depreciationAndAmortization": 62800000,
        "ebitda": -250783000,
        "ebitdaratio": -0.2671544946,
        "operatingIncome": 16326000,
        "operatingIncomeRatio": 0.017391786,
        "totalOtherIncomeExpensesNet": -369610000,
        "incomeBeforeTax": -353284000,
        "incomeBeforeTaxRatio": -0.3763469153,
        "incomeTaxExpense": -109565000,
        "netIncome": -243719000,
        "netIncomeRatio": -0.2596293459,
        "eps": -2.93,
        "epsdiluted": -2.93,
        "weightedAverageShsOut": 83178019,
        "weightedAverageShsOutDil": 83178000,
        "link": "https://www.sec.gov/Archives/edgar/data/1800227/000180022724000046/0001800227-24-000046-index.htm",
        "finalLink": "https://www.sec.gov/Archives/edgar/data/1800227/000180022724000046/iaci-20240930.htm"
    },
    {
        "date": "2024-06-30",
        "symbol": "IAC",
        "reportedCurrency": "USD",
        "cik": "0001800227",
        "fillingDate": "2024-08-07",
        "acceptedDate": "2024-08-07 16:02:56",
        "calendarYear": "2024",
        "period": "Q2",
        "revenue": 949527000,
        "costOfRevenue": 267503000,
        "grossProfit": 682024000,
        "grossProfitRatio": 0.7182776266,
        "researchAndDevelopmentExpenses": 78159000,
        "generalAndAdministrativeExpenses": 209998000,
        "sellingAndMarketingExpenses": 335708000,
        "sellingGeneralAndAdministrativeExpenses": 545706000,
        "otherExpenses": 70158000,
        "operatingExpenses": 694023000,
        "costAndExpenses": 961526000,
        "interestIncome": 22048000,
        "interestExpense": 39515000,
        "depreciationAndAmortization": 70158000,
        "ebitda": -66432000,
        "ebitdaratio": -0.0699632554,
        "operatingIncome": -11999000,
        "operatingIncomeRatio": -0.0126368181,
        "totalOtherIncomeExpensesNet": -164106000,
        "incomeBeforeTax": -176105000,
        "incomeBeforeTaxRatio": -0.1854660268,
        "incomeTaxExpense": -34638000,
        "netIncome": -142232000,
        "netIncomeRatio": -0.1497924756,
        "eps": -1.71,
        "epsdiluted": -1.71,
        "weightedAverageShsOut": 83100020,
        "weightedAverageShsOutDil": 83100000,
        "link": "https://www.sec.gov/Archives/edgar/data/1800227/000180022724000039/0001800227-24-000039-index.htm",
        "finalLink": "https://www.sec.gov/Archives/edgar/data/1800227/000180022724000039/iaci-20240630.htm"
    },
    {
        "date": "2024-03-31",
        "symbol": "IAC",
        "reportedCurrency": "USD",
        "cik": "0001800227",
        "fillingDate": "2024-05-07",
        "acceptedDate": "2024-05-07 16:16:33",
        "calendarYear": "2024",
        "period": "Q1",
        "revenue": 929680000,
        "costOfRevenue": 271964000,
        "grossProfit": 657716000,
        "grossProfitRatio": 0.7074649342,
        "researchAndDevelopmentExpenses": 86999000,
        "generalAndAdministrativeExpenses": 212669000,
        "sellingAndMarketingExpenses": 343925000,
        "sellingGeneralAndAdministrativeExpenses": 556594000,
        "otherExpenses": -760000,
        "operatingExpenses": 716894000,
        "costAndExpenses": 988858000,
        "interestIncome": 21597000,
        "interestExpense": 39718000,
        "depreciationAndAmortization": 73301000,
        "ebitda": 212679000,
        "ebitdaratio": 0.2287658119,
        "operatingIncome": -59178000,
        "operatingIncomeRatio": -0.0636541606,
        "totalOtherIncomeExpensesNet": 158838000,
        "incomeBeforeTax": 99660000,
        "incomeBeforeTaxRatio": 0.1071981757,
        "incomeTaxExpense": 54688000,
        "netIncome": 45031000,
        "netIncomeRatio": 0.0484370966,
        "eps": 0.58,
        "epsdiluted": 0.56,
        "weightedAverageShsOut": 80577684,
        "weightedAverageShsOutDil": 85858000,
        "link": "https://www.sec.gov/Archives/edgar/data/1800227/000180022724000024/0001800227-24-000024-index.htm",
        "finalLink": "https://www.sec.gov/Archives/edgar/data/1800227/000180022724000024/iaci-20240331.htm"
    },
    {
        "date": "2023-12-31",
        "symbol": "IAC",
        "reportedCurrency": "USD",
        "cik": "0001800227",
        "fillingDate": "2024-02-29",
        "acceptedDate": "2024-02-29 16:15:37",
        "calendarYear": "2023",
        "period": "Q4",
        "revenue": 1058034000,
        "costOfRevenue": 469567000,
        "grossProfit": 588467000,
        "grossProfitRatio": 0.5561891206,
        "researchAndDevelopmentExpenses": 83592000,
        "generalAndAdministrativeExpenses": 190209000,
        "sellingAndMarketingExpenses": 351623000,
        "sellingGeneralAndAdministrativeExpenses": 541832000,
        "otherExpenses": 0,
        "operatingExpenses": 625424000,
        "costAndExpenses": 1094991000,
        "interestIncome": 18502000,
        "interestExpense": 40226000,
        "depreciationAndAmortization": 164673000,
        "ebitda": 44869000,
        "ebitdaratio": 0.0424078999,
        "operatingIncome": -36957000,
        "operatingIncomeRatio": -0.0349298794,
        "totalOtherIncomeExpensesNet": 476058000,
        "incomeBeforeTax": 439101000,
        "incomeBeforeTaxRatio": 0.4150159636,
        "incomeTaxExpense": 112451000,
        "netIncome": 327750000,
        "netIncomeRatio": 0.3097726538,
        "eps": 3.71,
        "epsdiluted": 3.6,
        "weightedAverageShsOut": 90999705,
        "weightedAverageShsOutDil": 88581081,
        "link": "https://www.sec.gov/Archives/edgar/data/1800227/000180022724000011/0001800227-24-000011-index.htm",
        "finalLink": "https://www.sec.gov/Archives/edgar/data/1800227/000180022724000011/iaci-20231231.htm"
    },
    {
        "date": "2023-09-30",
        "symbol": "IAC",
        "reportedCurrency": "USD",
        "cik": "0001800227",
        "fillingDate": "2023-11-07",
        "acceptedDate": "2023-11-07 16:26:38",
        "calendarYear": "2023",
        "period": "Q3",
        "revenue": 1111341000,
        "costOfRevenue": 342353000,
        "grossProfit": 768988000,
        "grossProfitRatio": 0.6919460364,
        "researchAndDevelopmentExpenses": 79714000,
        "generalAndAdministrativeExpenses": 210507000,
        "sellingAndMarketingExpenses": 407355000,
        "sellingGeneralAndAdministrativeExpenses": 617862000,
        "otherExpenses": 104149000,
        "operatingExpenses": 801725000,
        "costAndExpenses": 1144078000,
        "interestIncome": 18342000,
        "interestExpense": 40157000,
        "depreciationAndAmortization": 108290000,
        "ebitda": -362413000,
        "ebitdaratio": -0.326104229,
        "operatingIncome": -32737000,
        "operatingIncomeRatio": -0.0294572053,
        "totalOtherIncomeExpensesNet": -478123000,
        "incomeBeforeTax": -510860000,
        "incomeBeforeTaxRatio": -0.4596788924,
        "incomeTaxExpense": -120322000,
        "netIncome": -390538000,
        "netIncomeRatio": -0.351411493,
        "eps": -4.72,
        "epsdiluted": -4.72,
        "weightedAverageShsOut": 82741101,
        "weightedAverageShsOutDil": 82826000,
        "link": "https://www.sec.gov/Archives/edgar/data/1800227/000180022723000034/0001800227-23-000034-index.htm",
        "finalLink": "https://www.sec.gov/Archives/edgar/data/1800227/000180022723000034/iaci-20230930.htm"
    },
    {
        "date": "2023-06-30",
        "symbol": "IAC",
        "reportedCurrency": "USD",
        "cik": "0001800227",
        "fillingDate": "2023-08-08",
        "acceptedDate": "2023-08-08 16:33:44",
        "calendarYear": "2023",
        "period": "Q2",
        "revenue": 1111589000,
        "costOfRevenue": 353078000,
        "grossProfit": 758511000,
        "grossProfitRatio": 0.6823664142,
        "researchAndDevelopmentExpenses": 86398000,
        "generalAndAdministrativeExpenses": 220364000,
        "sellingAndMarketingExpenses": 411756000,
        "sellingGeneralAndAdministrativeExpenses": 632120000,
        "otherExpenses": 1834000,
        "operatingExpenses": 813984000,
        "costAndExpenses": 1167062000,
        "interestIncome": 17340000,
        "interestExpense": 39077000,
        "depreciationAndAmortization": 109316000,
        "ebitda": 28245000,
        "ebitdaratio": 0.0254095713,
        "operatingIncome": -55473000,
        "operatingIncomeRatio": -0.0499042362,
        "totalOtherIncomeExpensesNet": -60454000,
        "incomeBeforeTax": -115927000,
        "incomeBeforeTaxRatio": -0.1042894451,
        "incomeTaxExpense": -24297000,
        "netIncome": -89045000,
        "netIncomeRatio": -0.0801060464,
        "eps": -0.94,
        "epsdiluted": -1.07,
        "weightedAverageShsOut": 95110277,
        "weightedAverageShsOutDil": 83065000,
        "link": "https://www.sec.gov/Archives/edgar/data/1800227/000180022723000028/0001800227-23-000028-index.htm",
        "finalLink": "https://www.sec.gov/Archives/edgar/data/1800227/000180022723000028/iaci-20230630.htm"
    },
    {
        "date": "2023-03-31",
        "symbol": "IAC",
        "reportedCurrency": "USD",
        "cik": "0001800227",
        "fillingDate": "2023-05-09",
        "acceptedDate": "2023-05-09 16:30:30",
        "calendarYear": "2023",
        "period": "Q1",
        "revenue": 1084271000,
        "costOfRevenue": 342084000,
        "grossProfit": 742187000,
        "grossProfitRatio": 0.6845032284,
        "researchAndDevelopmentExpenses": 88338000,
        "generalAndAdministrativeExpenses": 269526000,
        "sellingAndMarketingExpenses": 404141000,
        "sellingGeneralAndAdministrativeExpenses": 673667000,
        "otherExpenses": 115778000,
        "operatingExpenses": 877783000,
        "costAndExpenses": 1219867000,
        "interestIncome": 16930000,
        "interestExpense": 38172000,
        "depreciationAndAmortization": 174434000,
        "ebitda": 767427000,
        "ebitdaratio": 0.7077815417,
        "operatingIncome": -111847000,
        "operatingIncomeRatio": -0.1031541008,
        "totalOtherIncomeExpensesNet": 690417000,
        "incomeBeforeTax": 554821000,
        "incomeBeforeTaxRatio": 0.5116995659,
        "incomeTaxExpense": 139502000,
        "netIncome": 417775000,
        "netIncomeRatio": 0.3853049653,
        "eps": 4.75,
        "epsdiluted": 4.45,
        "weightedAverageShsOut": 93787118,
        "weightedAverageShsOutDil": 91299000,
        "link": "https://www.sec.gov/Archives/edgar/data/1800227/000180022723000016/0001800227-23-000016-index.htm",
        "finalLink": "https://www.sec.gov/Archives/edgar/data/1800227/000180022723000016/iaci-20230331.htm"
    },
    {
        "date": "2022-12-31",
        "symbol": "IAC",
        "reportedCurrency": "USD",
        "cik": "0001800227",
        "fillingDate": "2023-03-01",
        "acceptedDate": "2023-03-01 07:34:29",
        "calendarYear": "2022",
        "period": "Q4",
        "revenue": 1246453000,
        "costOfRevenue": 435621000,
        "grossProfit": 810832000,
        "grossProfitRatio": 0.6505114914,
        "researchAndDevelopmentExpenses": 80832000,
        "generalAndAdministrativeExpenses": 226528000,
        "sellingAndMarketingExpenses": 434803000,
        "sellingGeneralAndAdministrativeExpenses": 661331000,
        "otherExpenses": 117801000,
        "operatingExpenses": 859964000,
        "costAndExpenses": 1295585000,
        "interestIncome": 12998000,
        "interestExpense": 35303000,
        "depreciationAndAmortization": 131844000,
        "ebitda": 148567000,
        "ebitdaratio": 0.1191918187,
        "operatingIncome": -49132000,
        "operatingIncomeRatio": -0.039417451,
        "totalOtherIncomeExpensesNet": 56557000,
        "incomeBeforeTax": -18580000,
        "incomeBeforeTaxRatio": -0.0149062981,
        "incomeTaxExpense": -5570000,
        "netIncome": -13010000,
        "netIncomeRatio": -0.0104376178,
        "eps": -0.0457,
        "epsdiluted": -0.0463,
        "weightedAverageShsOut": 89969389,
        "weightedAverageShsOutDil": 88824500,
        "link": "https://www.sec.gov/Archives/edgar/data/1800227/000180022723000009/0001800227-23-000009-index.htm",
        "finalLink": "https://www.sec.gov/Archives/edgar/data/1800227/000180022723000009/iaci-20221231.htm"
    },
    {
        "date": "2022-09-30",
        "symbol": "IAC",
        "reportedCurrency": "USD",
        "cik": "0001800227",
        "fillingDate": "2022-11-09",
        "acceptedDate": "2022-11-09 16:02:26",
        "calendarYear": "2022",
        "period": "Q3",
        "revenue": 1300901000,
        "costOfRevenue": 451245000,
        "grossProfit": 849656000,
        "grossProfitRatio": 0.6531288699,
        "researchAndDevelopmentExpenses": 75427000,
        "generalAndAdministrativeExpenses": 261862000,
        "sellingAndMarketingExpenses": 486832000,
        "sellingGeneralAndAdministrativeExpenses": 748694000,
        "otherExpenses": -631000,
        "operatingExpenses": 972465000,
        "costAndExpenses": 1423710000,
        "interestIncome": 8778000,
        "interestExpense": 29433000,
        "depreciationAndAmortization": 148344000,
        "ebitda": 33682000,
        "ebitdaratio": 0.0258912861,
        "operatingIncome": -124680000,
        "operatingIncomeRatio": -0.0958412669,
        "totalOtherIncomeExpensesNet": 32768000,
        "incomeBeforeTax": -91912000,
        "incomeBeforeTaxRatio": -0.0706525708,
        "incomeTaxExpense": -26065000,
        "netIncome": -63823000,
        "netIncomeRatio": -0.0490606126,
        "eps": -0.74,
        "epsdiluted": -0.74,
        "weightedAverageShsOut": 86022012,
        "weightedAverageShsOutDil": 86022000,
        "link": "https://www.sec.gov/Archives/edgar/data/1800227/000180022722000038/0001800227-22-000038-index.htm",
        "finalLink": "https://www.sec.gov/Archives/edgar/data/1800227/000180022722000038/iaci-20220930.htm"
    },
    {
        "date": "2022-06-30",
        "symbol": "IAC",
        "reportedCurrency": "USD",
        "cik": "0001800227",
        "fillingDate": "2022-08-09",
        "acceptedDate": "2022-08-09 16:18:02",
        "calendarYear": "2022",
        "period": "Q2",
        "revenue": 1362581000,
        "costOfRevenue": 509352000,
        "grossProfit": 853229000,
        "grossProfitRatio": 0.6261858928,
        "researchAndDevelopmentExpenses": 84284000,
        "generalAndAdministrativeExpenses": 252318000,
        "sellingAndMarketingExpenses": 510886000,
        "sellingGeneralAndAdministrativeExpenses": 763204000,
        "otherExpenses": 85133000,
        "operatingExpenses": 932621000,
        "costAndExpenses": 1441973000,
        "interestIncome": 2442000,
        "interestExpense": 23517000,
        "depreciationAndAmortization": 100208000,
        "ebitda": -980662000,
        "ebitdaratio": -0.7197091402,
        "operatingIncome": -79392000,
        "operatingIncomeRatio": -0.0582658939,
        "totalOtherIncomeExpensesNet": -228988000,
        "incomeBeforeTax": -1104387000,
        "incomeBeforeTaxRatio": -0.8105110815,
        "incomeTaxExpense": -228988000,
        "netIncome": -875399000,
        "netIncomeRatio": -0.6424564852,
        "eps": -10.02,
        "epsdiluted": -10.02,
        "weightedAverageShsOut": 86739520,
        "weightedAverageShsOutDil": 86748000,
        "link": "https://www.sec.gov/Archives/edgar/data/1800227/000180022722000027/0001800227-22-000027-index.htm",
        "finalLink": "https://www.sec.gov/Archives/edgar/data/1800227/000180022722000027/iaci-20220630.htm"
    },
    {
        "date": "2022-03-31",
        "symbol": "IAC",
        "reportedCurrency": "USD",
        "cik": "0001800227",
        "fillingDate": "2022-05-10",
        "acceptedDate": "2022-05-10 16:07:14",
        "calendarYear": "2022",
        "period": "Q1",
        "revenue": 1325345000,
        "costOfRevenue": 537103000,
        "grossProfit": 788242000,
        "grossProfitRatio": 0.5947447646,
        "researchAndDevelopmentExpenses": 80787000,
        "generalAndAdministrativeExpenses": 238355000,
        "sellingAndMarketingExpenses": 490488000,
        "sellingGeneralAndAdministrativeExpenses": 728843000,
        "otherExpenses": 87426000,
        "operatingExpenses": 897056000,
        "costAndExpenses": 1434159000,
        "interestIncome": 698000,
        "interestExpense": 21912000,
        "depreciationAndAmortization": 101153000,
        "ebitda": -188292000,
        "ebitdaratio": -0.142070178,
        "operatingIncome": -108814000,
        "operatingIncomeRatio": -0.082102396,
        "totalOtherIncomeExpensesNet": -202543000,
        "incomeBeforeTax": -311357000,
        "incomeBeforeTaxRatio": -0.2349252459,
        "incomeTaxExpense": -70464000,
        "netIncome": -240893000,
        "netIncomeRatio": -0.1817587119,
        "eps": -2.72,
        "epsdiluted": -2.72,
        "weightedAverageShsOut": 86690441,
        "weightedAverageShsOutDil": 86784000,
        "link": "https://www.sec.gov/Archives/edgar/data/1800227/000180022722000018/0001800227-22-000018-index.htm",
        "finalLink": "https://www.sec.gov/Archives/edgar/data/1800227/000180022722000018/iaci-20220331.htm"
    },
    {
        "date": "2021-12-31",
        "symbol": "IAC",
        "reportedCurrency": "USD",
        "cik": "0001800227",
        "fillingDate": "2022-03-01",
        "acceptedDate": "2022-03-01 16:06:44",
        "calendarYear": "2021",
        "period": "Q4",
        "revenue": 1159442000,
        "costOfRevenue": 478228000,
        "grossProfit": 681214000,
        "grossProfitRatio": 0.5875360734,
        "researchAndDevelopmentExpenses": 62527000,
        "generalAndAdministrativeExpenses": 276278000,
        "sellingAndMarketingExpenses": 352933000,
        "sellingGeneralAndAdministrativeExpenses": 629211000,
        "otherExpenses": -21534000,
        "operatingExpenses": 742957000,
        "costAndExpenses": 1221185000,
        "interestIncome": 420000,
        "interestExpense": 15801000,
        "depreciationAndAmortization": 62459000,
        "ebitda": 88316000,
        "ebitdaratio": 0.0761711237,
        "operatingIncome": -61743000,
        "operatingIncomeRatio": -0.0532523403,
        "totalOtherIncomeExpensesNet": 57186000,
        "incomeBeforeTax": 3050000,
        "incomeBeforeTaxRatio": 0.0026305757,
        "incomeTaxExpense": -10213000,
        "netIncome": 18736000,
        "netIncomeRatio": 0.0161594974,
        "eps": 0.14,
        "epsdiluted": 0.13,
        "weightedAverageShsOut": 96095295,
        "weightedAverageShsOutDil": 93680000,
        "link": "https://www.sec.gov/Archives/edgar/data/1800227/000180022722000007/0001800227-22-000007-index.htm",
        "finalLink": "https://www.sec.gov/Archives/edgar/data/1800227/000180022722000007/iaci-20211231.htm"
    },
    {
        "date": "2021-09-30",
        "symbol": "IAC",
        "reportedCurrency": "USD",
        "cik": "0001800227",
        "fillingDate": "2021-11-05",
        "acceptedDate": "2021-11-05 16:09:48",
        "calendarYear": "2021",
        "period": "Q3",
        "revenue": 924068000,
        "costOfRevenue": 331384000,
        "grossProfit": 592684000,
        "grossProfitRatio": 0.6413856989,
        "researchAndDevelopmentExpenses": 61403000,
        "generalAndAdministrativeExpenses": 183299000,
        "sellingAndMarketingExpenses": 348187000,
        "sellingGeneralAndAdministrativeExpenses": 531486000,
        "otherExpenses": 79539000,
        "operatingExpenses": 624751000,
        "costAndExpenses": 956135000,
        "interestIncome": 216000,
        "interestExpense": 6032000,
        "depreciationAndAmortization": 31862000,
        "ebitda": 20295000,
        "ebitdaratio": 0.0219626694,
        "operatingIncome": -32067000,
        "operatingIncomeRatio": -0.0347019916,
        "totalOtherIncomeExpensesNet": 103024000,
        "incomeBeforeTax": 70957000,
        "incomeBeforeTaxRatio": 0.076787639,
        "incomeTaxExpense": 9910000,
        "netIncome": 58650000,
        "netIncomeRatio": 0.0634693551,
        "eps": 0.68,
        "epsdiluted": 0.65,
        "weightedAverageShsOut": 93934863,
        "weightedAverageShsOutDil": 91076000,
        "link": "https://www.sec.gov/Archives/edgar/data/1800227/000180022721000024/0001800227-21-000024-index.htm",
        "finalLink": "https://www.sec.gov/Archives/edgar/data/1800227/000180022721000024/iaci-20210930.htm"
    },
    {
        "date": "2021-06-30",
        "symbol": "IAC",
        "reportedCurrency": "USD",
        "cik": "0001800227",
        "fillingDate": "2021-08-06",
        "acceptedDate": "2021-08-06 16:07:15",
        "calendarYear": "2021",
        "period": "Q2",
        "revenue": 829547000,
        "costOfRevenue": 250207000,
        "grossProfit": 579340000,
        "grossProfitRatio": 0.6983811647,
        "researchAndDevelopmentExpenses": 61266000,
        "generalAndAdministrativeExpenses": 174711000,
        "sellingAndMarketingExpenses": 341035000,
        "sellingGeneralAndAdministrativeExpenses": 515746000,
        "otherExpenses": 50286000,
        "operatingExpenses": 607760000,
        "costAndExpenses": 857967000,
        "interestIncome": 279000,
        "interestExpense": 5814000,
        "depreciationAndAmortization": 43158000,
        "ebitda": 340122000,
        "ebitdaratio": 0.4100093183,
        "operatingIncome": -28420000,
        "operatingIncomeRatio": -0.0342596622,
        "totalOtherIncomeExpensesNet": 319570000,
        "incomeBeforeTax": 291150000,
        "incomeBeforeTaxRatio": 0.3509746886,
        "incomeTaxExpense": 87825000,
        "netIncome": 188204000,
        "netIncomeRatio": 0.2268756321,
        "eps": 2.32,
        "epsdiluted": 2.15,
        "weightedAverageShsOut": 90625791,
        "weightedAverageShsOutDil": 93367000,
        "link": "https://www.sec.gov/Archives/edgar/data/1800227/000180022721000021/0001800227-21-000021-index.htm",
        "finalLink": "https://www.sec.gov/Archives/edgar/data/1800227/000180022721000021/iaci-20210630.htm"
    },
    {
        "date": "2021-03-31",
        "symbol": "IAC",
        "reportedCurrency": "USD",
        "cik": "0001800227",
        "fillingDate": "2021-05-10",
        "acceptedDate": "2021-05-07 19:23:14",
        "calendarYear": "2021",
        "period": "Q1",
        "revenue": 875988000,
        "costOfRevenue": 245681000,
        "grossProfit": 630307000,
        "grossProfitRatio": 0.7195383955,
        "researchAndDevelopmentExpenses": 82410000,
        "generalAndAdministrativeExpenses": 177431000,
        "sellingAndMarketingExpenses": 344266000,
        "sellingGeneralAndAdministrativeExpenses": 521697000,
        "otherExpenses": 13650000,
        "operatingExpenses": 642134000,
        "costAndExpenses": 887815000,
        "interestIncome": 456000,
        "interestExpense": 6680000,
        "depreciationAndAmortization": 38027000,
        "ebitda": 422390000,
        "ebitdaratio": 0.4821869706,
        "operatingIncome": -11827000,
        "operatingIncomeRatio": -0.0135013265,
        "totalOtherIncomeExpensesNet": 389510000,
        "incomeBeforeTax": 377683000,
        "incomeBeforeTaxRatio": 0.4311508833,
        "incomeTaxExpense": 48782000,
        "netIncome": 318021000,
        "netIncomeRatio": 0.3630426444,
        "eps": 3.59,
        "epsdiluted": 3.35,
        "weightedAverageShsOut": 98190184,
        "weightedAverageShsOutDil": 92138000,
        "link": "https://www.sec.gov/Archives/edgar/data/1800227/000180022721000010/0001800227-21-000010-index.htm",
        "finalLink": "https://www.sec.gov/Archives/edgar/data/1800227/000180022721000010/iaci-20210331.htm"
    },
    {
        "date": "2020-12-31",
        "symbol": "IAC",
        "reportedCurrency": "USD",
        "cik": "0001800227",
        "fillingDate": "2021-02-17",
        "acceptedDate": "2021-02-17 06:29:06",
        "calendarYear": "2020",
        "period": "Q4",
        "revenue": 848819000,
        "costOfRevenue": 249122000,
        "grossProfit": 599697000,
        "grossProfitRatio": 0.7065075122,
        "researchAndDevelopmentExpenses": 75243000,
        "generalAndAdministrativeExpenses": 208899000,
        "sellingAndMarketingExpenses": 312116000,
        "sellingGeneralAndAdministrativeExpenses": 521015000,
        "otherExpenses": 10142000,
        "operatingExpenses": 624063000,
        "costAndExpenses": 873185000,
        "interestIncome": 632000,
        "interestExpense": 6587000,
        "depreciationAndAmortization": 27805000,
        "ebitda": 589752000,
        "ebitdaratio": 0.6947912335,
        "operatingIncome": -24366000,
        "operatingIncomeRatio": -0.0287057665,
        "totalOtherIncomeExpensesNet": 579726000,
        "incomeBeforeTax": 555360000,
        "incomeBeforeTaxRatio": 0.6542737615,
        "incomeTaxExpense": 48000000,
        "netIncome": 509125000,
        "netIncomeRatio": 0.5998039629,
        "eps": 5.95,
        "epsdiluted": 5.58,
        "weightedAverageShsOut": 91169933,
        "weightedAverageShsOutDil": 91077817,
        "link": "https://www.sec.gov/Archives/edgar/data/1800227/000180022721000004/0001800227-21-000004-index.htm",
        "finalLink": "https://www.sec.gov/Archives/edgar/data/1800227/000180022721000004/iaci-20201231.htm"
    },
    {
        "date": "2020-09-30",
        "symbol": "IAC",
        "reportedCurrency": "USD",
        "cik": "0001800227",
        "fillingDate": "2020-11-06",
        "acceptedDate": "2020-11-06 16:17:17",
        "calendarYear": "2020",
        "period": "Q3",
        "revenue": 788377000,
        "costOfRevenue": 207643000,
        "grossProfit": 580734000,
        "grossProfitRatio": 0.7366196629,
        "researchAndDevelopmentExpenses": 67870000,
        "generalAndAdministrativeExpenses": 168889000,
        "sellingAndMarketingExpenses": 340524000,
        "sellingGeneralAndAdministrativeExpenses": 509413000,
        "otherExpenses": 290786000,
        "operatingExpenses": 656187000,
        "costAndExpenses": 863830000,
        "interestIncome": 971000,
        "interestExpense": 5807000,
        "depreciationAndAmortization": 72185000,
        "ebitda": 240655000,
        "ebitdaratio": 0.3052537048,
        "operatingIncome": -128626000,
        "operatingIncomeRatio": -0.1631529078,
        "totalOtherIncomeExpensesNet": 278582000,
        "incomeBeforeTax": 156353000,
        "incomeBeforeTaxRatio": 0.1983226299,
        "incomeTaxExpense": -29508000,
        "netIncome": 184917000,
        "netIncomeRatio": 0.2345540268,
        "eps": 2.19,
        "epsdiluted": 2.06,
        "weightedAverageShsOut": 89612974,
        "weightedAverageShsOutDil": 90477000,
        "link": "https://www.sec.gov/Archives/edgar/data/1800227/000180022720000022/0001800227-20-000022-index.htm",
        "finalLink": "https://www.sec.gov/Archives/edgar/data/1800227/000180022720000022/iaci-20200930.htm"
    },
    {
        "date": "2020-06-30",
        "symbol": "IAC",
        "reportedCurrency": "USD",
        "cik": "0001800227",
        "fillingDate": "2020-08-10",
        "acceptedDate": "2020-08-10 16:23:03",
        "calendarYear": "2020",
        "period": "Q2",
        "revenue": 726361000,
        "costOfRevenue": 178639000,
        "grossProfit": 547722000,
        "grossProfitRatio": 0.7540630623,
        "researchAndDevelopmentExpenses": 62283000,
        "generalAndAdministrativeExpenses": 240725000,
        "sellingAndMarketingExpenses": 308826000,
        "sellingGeneralAndAdministrativeExpenses": 549551000,
        "otherExpenses": 42907000,
        "operatingExpenses": 654741000,
        "costAndExpenses": 833380000,
        "interestIncome": 1116000,
        "interestExpense": 1555000,
        "depreciationAndAmortization": 36709000,
        "ebitda": -85681000,
        "ebitdaratio": -0.1179592517,
        "operatingIncome": -107019000,
        "operatingIncomeRatio": -0.1473358289,
        "totalOtherIncomeExpensesNet": -23124000,
        "incomeBeforeTax": -130143000,
        "incomeBeforeTaxRatio": -0.1791712385,
        "incomeTaxExpense": -36079000,
        "netIncome": -96117000,
        "netIncomeRatio": -0.1323267631,
        "eps": -0.95,
        "epsdiluted": -1.03,
        "weightedAverageShsOut": 92420192,
        "weightedAverageShsOutDil": 85132000,
        "link": "https://www.sec.gov/Archives/edgar/data/1800227/000180022720000012/0001800227-20-000012-index.htm",
        "finalLink": "https://www.sec.gov/Archives/edgar/data/1800227/000180022720000012/iac-2020630x10q.htm"
    },
    {
        "date": "2020-03-31",
        "symbol": "IAC",
        "reportedCurrency": "USD",
        "cik": "0001800227",
        "fillingDate": "2020-06-03",
        "acceptedDate": "2020-06-03 16:46:00",
        "calendarYear": "2020",
        "period": "Q1",
        "revenue": 684124000,
        "costOfRevenue": 179327000,
        "grossProfit": 504797000,
        "grossProfitRatio": 0.7378735434,
        "researchAndDevelopmentExpenses": 61963000,
        "generalAndAdministrativeExpenses": 173741000,
        "sellingAndMarketingExpenses": 308207000,
        "sellingGeneralAndAdministrativeExpenses": 481948000,
        "otherExpenses": -2848000,
        "operatingExpenses": 605162000,
        "costAndExpenses": 784489000,
        "interestIncome": 4400000,
        "interestExpense": 2217000,
        "depreciationAndAmortization": 61251000,
        "ebitda": -312338000,
        "ebitdaratio": -0.4565517362,
        "operatingIncome": -312338000,
        "operatingIncomeRatio": -0.4565517362,
        "totalOtherIncomeExpensesNet": -59665000,
        "incomeBeforeTax": -372003000,
        "incomeBeforeTaxRatio": -0.5437654577,
        "incomeTaxExpense": -41432000,
        "netIncome": -328199000,
        "netIncomeRatio": -0.4797361297,
        "eps": -3.58,
        "epsdiluted": -3.71,
        "weightedAverageShsOut": 88376823,
        "weightedAverageShsOutDil": 85132000,
        "link": "https://www.sec.gov/Archives/edgar/data/1800227/000180022720000004/0001800227-20-000004-index.htm",
        "finalLink": "https://www.sec.gov/Archives/edgar/data/1800227/000180022720000004/newiac-2020331x10q.htm"
    },
    {
        "date": "2019-12-31",
        "symbol": "IAC",
        "reportedCurrency": "USD",
        "cik": "0001800227",
        "fillingDate": "2020-02-28",
        "acceptedDate": "2020-02-27 18:10:39",
        "calendarYear": "2019",
        "period": "Q4",
        "revenue": 2721768000,
        "costOfRevenue": 679686000,
        "grossProfit": 2042082000,
        "grossProfitRatio": 0.7502777606,
        "researchAndDevelopmentExpenses": 205066000,
        "generalAndAdministrativeExpenses": 440573000,
        "sellingAndMarketingExpenses": 699911000,
        "sellingGeneralAndAdministrativeExpenses": 1140484000,
        "otherExpenses": 68221000,
        "operatingExpenses": 1423390000,
        "costAndExpenses": 2103076000,
        "interestIncome": 732000,
        "interestExpense": 0,
        "depreciationAndAmortization": 77840000,
        "ebitda": 743105000,
        "ebitdaratio": 0.2730229028,
        "operatingIncome": 615374000,
        "operatingIncomeRatio": 0.2260934804,
        "totalOtherIncomeExpensesNet": -94270000,
        "incomeBeforeTax": 521104000,
        "incomeBeforeTaxRatio": 0.1914579053,
        "incomeTaxExpense": 4010000,
        "netIncome": 415123000,
        "netIncomeRatio": 0.1525196123,
        "eps": 0.0809,
        "epsdiluted": 0.08,
        "weightedAverageShsOut": 86087500,
        "weightedAverageShsOutDil": 85132000,
        "link": "https://www.sec.gov/Archives/edgar/data/891103/000089110320000004/0000891103-20-000004-index.htm",
        "finalLink": "https://www.sec.gov/Archives/edgar/data/891103/000089110320000004/iac-20191231x10k.htm"
    },
    {
        "date": "2019-09-30",
        "symbol": "IAC",
        "reportedCurrency": "USD",
        "cik": "0001800227",
        "fillingDate": "2019-11-07",
        "acceptedDate": "2019-11-07 16:32:18",
        "calendarYear": "2019",
        "period": "Q3",
        "revenue": 705382000,
        "costOfRevenue": 158161000,
        "grossProfit": 547221000,
        "grossProfitRatio": 0.7757796485,
        "researchAndDevelopmentExpenses": 49991000,
        "generalAndAdministrativeExpenses": 135463000,
        "sellingAndMarketingExpenses": 310301000,
        "sellingGeneralAndAdministrativeExpenses": 445764000,
        "otherExpenses": -1202000,
        "operatingExpenses": 533309000,
        "costAndExpenses": 691470000,
        "interestIncome": 3697000,
        "interestExpense": 2898000,
        "depreciationAndAmortization": 37554000,
        "ebitda": 35327000,
        "ebitdaratio": 0.0500820832,
        "operatingIncome": 13912000,
        "operatingIncomeRatio": 0.0197226467,
        "totalOtherIncomeExpensesNet": -14613000,
        "incomeBeforeTax": -701000,
        "incomeBeforeTaxRatio": -0.0009937878,
        "incomeTaxExpense": -19079000,
        "netIncome": 16466000,
        "netIncomeRatio": 0.0233433799,
        "eps": 0.19,
        "epsdiluted": 0.19,
        "weightedAverageShsOut": 86663157,
        "weightedAverageShsOutDil": 85132000,
        "link": "https://www.sec.gov/Archives/edgar/data/891103/000089110319000020/0000891103-19-000020-index.htm",
        "finalLink": "https://www.sec.gov/Archives/edgar/data/891103/000089110319000020/iac-2019930x10q.htm"
    },
    {
        "date": "2019-06-30",
        "symbol": "IAC",
        "reportedCurrency": "USD",
        "cik": "0001800227",
        "fillingDate": "2019-08-09",
        "acceptedDate": "2019-08-08 19:10:10",
        "calendarYear": "2019",
        "period": "Q2",
        "revenue": 688685000,
        "costOfRevenue": 149725000,
        "grossProfit": 538960000,
        "grossProfitRatio": 0.7825929126,
        "researchAndDevelopmentExpenses": 45935000,
        "generalAndAdministrativeExpenses": 158463000,
        "sellingAndMarketingExpenses": 316213000,
        "sellingGeneralAndAdministrativeExpenses": 474676000,
        "otherExpenses": 32119000,
        "operatingExpenses": 552730000,
        "costAndExpenses": 702455000,
        "interestIncome": 4000000,
        "interestExpense": 3237000,
        "depreciationAndAmortization": 32119000,
        "ebitda": 19966000,
        "ebitdaratio": 0.0289914838,
        "operatingIncome": -13770000,
        "operatingIncomeRatio": -0.0199946274,
        "totalOtherIncomeExpensesNet": 30745000,
        "incomeBeforeTax": 16975000,
        "incomeBeforeTaxRatio": 0.0246484242,
        "incomeTaxExpense": -5046000,
        "netIncome": 13789000,
        "netIncomeRatio": 0.0200222163,
        "eps": 0.16,
        "epsdiluted": 0.16,
        "weightedAverageShsOut": 86181250,
        "weightedAverageShsOutDil": 85132000,
        "link": "https://www.sec.gov/Archives/edgar/data/891103/000089110319000015/0000891103-19-000015-index.htm",
        "finalLink": "https://www.sec.gov/Archives/edgar/data/891103/000089110319000015/iac-2019630x10q.htm"
    },
    {
        "date": "2019-03-31",
        "symbol": "IAC",
        "reportedCurrency": "USD",
        "cik": "0001800227",
        "fillingDate": "2019-05-09",
        "acceptedDate": "2019-05-09 16:23:33",
        "calendarYear": "2019",
        "period": "Q1",
        "revenue": 641220000,
        "costOfRevenue": 139848000,
        "grossProfit": 501372000,
        "grossProfitRatio": 0.7819032469,
        "researchAndDevelopmentExpenses": 44425000,
        "generalAndAdministrativeExpenses": 154451000,
        "sellingAndMarketingExpenses": 303198000,
        "sellingGeneralAndAdministrativeExpenses": 457649000,
        "otherExpenses": -9217000,
        "operatingExpenses": 535555000,
        "costAndExpenses": 675403000,
        "interestIncome": 1033000,
        "interestExpense": 0,
        "depreciationAndAmortization": 33481000,
        "ebitda": -6119000,
        "ebitdaratio": -0.0095427466,
        "operatingIncome": -34183000,
        "operatingIncomeRatio": -0.0533093166,
        "totalOtherIncomeExpensesNet": -8684000,
        "incomeBeforeTax": -42867000,
        "incomeBeforeTaxRatio": -0.0668522504,
        "incomeTaxExpense": -29194000,
        "netIncome": -14247000,
        "netIncomeRatio": -0.0222185833,
        "eps": -0.17,
        "epsdiluted": -0.17,
        "weightedAverageShsOut": 85656632,
        "weightedAverageShsOutDil": 85132000,
        "link": "https://www.sec.gov/Archives/edgar/data/891103/000089110319000009/0000891103-19-000009-index.htm",
        "finalLink": "https://www.sec.gov/Archives/edgar/data/891103/000089110319000006/iac-20181231x10k.htm"
    },
    {
        "date": "2018-12-31",
        "symbol": "IAC",
        "reportedCurrency": "USD",
        "cik": "0001800227",
        "fillingDate": "2019-03-01",
        "acceptedDate": "2019-03-01 17:10:16",
        "calendarYear": "2018",
        "period": "Q4",
        "revenue": 646762000,
        "costOfRevenue": 142514000,
        "grossProfit": 504248000,
        "grossProfitRatio": 0.7796500104,
        "researchAndDevelopmentExpenses": 45707000,
        "generalAndAdministrativeExpenses": 153703000,
        "sellingAndMarketingExpenses": 256999000,
        "sellingGeneralAndAdministrativeExpenses": 410702000,
        "otherExpenses": 66479000,
        "operatingExpenses": 395379000,
        "costAndExpenses": 537893000,
        "interestIncome": 0,
        "interestExpense": 27856000,
        "depreciationAndAmortization": 30468000,
        "ebitda": 47839000,
        "ebitdaratio": 0.0739669306,
        "operatingIncome": 17371000,
        "operatingIncomeRatio": 0.0268584116,
        "totalOtherIncomeExpensesNet": 120285000,
        "incomeBeforeTax": 108820000,
        "incomeBeforeTaxRatio": 0.1682535461,
        "incomeTaxExpense": 14092000,
        "netIncome": 89294000,
        "netIncomeRatio": 0.1380631515,
        "eps": 1.05,
        "epsdiluted": 1.05,
        "weightedAverageShsOut": 85132063,
        "weightedAverageShsOutDil": 85132000,
        "link": "https://www.sec.gov/Archives/edgar/data/891103/000089110319000006/0000891103-19-000006-index.htm",
        "finalLink": "https://www.sec.gov/Archives/edgar/data/891103/000089110319000006/iac-20181231x10k.htm"
    },
    {
        "date": "2018-09-30",
        "symbol": "IAC",
        "reportedCurrency": "USD",
        "cik": "0001800227",
        "fillingDate": "2018-11-09",
        "acceptedDate": "2018-11-09 08:25:56",
        "calendarYear": "2018",
        "period": "Q3",
        "revenue": 1104600000,
        "costOfRevenue": 237200000,
        "grossProfit": 867400000,
        "grossProfitRatio": 0.7852616332,
        "researchAndDevelopmentExpenses": 77700000,
        "generalAndAdministrativeExpenses": 190898000,
        "sellingAndMarketingExpenses": 386802000,
        "sellingGeneralAndAdministrativeExpenses": 577700000,
        "otherExpenses": 39200000,
        "operatingExpenses": 694600000,
        "costAndExpenses": 931800000,
        "interestIncome": 0,
        "interestExpense": 27610000,
        "depreciationAndAmortization": 39100000,
        "ebitda": 203510000,
        "ebitdaratio": 0.1842386384,
        "operatingIncome": 172800000,
        "operatingIncomeRatio": 0.1564367192,
        "totalOtherIncomeExpensesNet": -19500000,
        "incomeBeforeTax": 153300000,
        "incomeBeforeTaxRatio": 0.13878327,
        "incomeTaxExpense": -9000000,
        "netIncome": 145800000,
        "netIncomeRatio": 0.1319934818,
        "eps": 1.58,
        "epsdiluted": 1.58,
        "weightedAverageShsOut": 92000000,
        "weightedAverageShsOutDil": 92000000,
        "link": "https://www.sec.gov/Archives/edgar/data/891103/000089110318000016/0000891103-18-000016-index.htm",
        "finalLink": "https://www.sec.gov/Archives/edgar/data/891103/000089110318000016/iac-2018930x10q.htm"
    },
    {
        "date": "2018-06-30",
        "symbol": "IAC",
        "reportedCurrency": "USD",
        "cik": "0001800227",
        "fillingDate": "2018-08-09",
        "acceptedDate": "2018-08-09 16:27:42",
        "calendarYear": "2018",
        "period": "Q2",
        "revenue": 1059100000,
        "costOfRevenue": 218200000,
        "grossProfit": 840900000,
        "grossProfitRatio": 0.7939760174,
        "researchAndDevelopmentExpenses": 75400000,
        "generalAndAdministrativeExpenses": 188340000,
        "sellingAndMarketingExpenses": 369660000,
        "sellingGeneralAndAdministrativeExpenses": 558000000,
        "otherExpenses": 39100000,
        "operatingExpenses": 672500000,
        "costAndExpenses": 890700000,
        "interestIncome": 0,
        "interestExpense": 27356000,
        "depreciationAndAmortization": 38900000,
        "ebitda": 316056000,
        "ebitdaratio": 0.2984194127,
        "operatingIncome": 168400000,
        "operatingIncomeRatio": 0.159002927,
        "totalOtherIncomeExpensesNet": 143800000,
        "incomeBeforeTax": 312200000,
        "incomeBeforeTaxRatio": 0.2947785856,
        "incomeTaxExpense": 31400000,
        "netIncome": 218400000,
        "netIncomeRatio": 0.2062128222,
        "eps": 2.4,
        "epsdiluted": 2.4,
        "weightedAverageShsOut": 90900000,
        "weightedAverageShsOutDil": 90900000,
        "link": "https://www.sec.gov/Archives/edgar/data/891103/000089110318000013/0000891103-18-000013-index.htm",
        "finalLink": "https://www.sec.gov/Archives/edgar/data/891103/000089110318000013/iac-2018630x10q.htm"
    },
    {
        "date": "2018-03-31",
        "symbol": "IAC",
        "reportedCurrency": "USD",
        "cik": "0001800227",
        "fillingDate": "2018-05-10",
        "acceptedDate": "2018-05-10 16:31:08",
        "calendarYear": "2018",
        "period": "Q1",
        "revenue": 995100000,
        "costOfRevenue": 202000000,
        "grossProfit": 793100000,
        "grossProfitRatio": 0.7970053261,
        "researchAndDevelopmentExpenses": 76900000,
        "generalAndAdministrativeExpenses": 184168000,
        "sellingAndMarketingExpenses": 402832000,
        "sellingGeneralAndAdministrativeExpenses": 587000000,
        "otherExpenses": 39200000,
        "operatingExpenses": 703100000,
        "costAndExpenses": 905100000,
        "interestIncome": 0,
        "interestExpense": 26505000,
        "depreciationAndAmortization": 39300000,
        "ebitda": 107905000,
        "ebitdaratio": 0.1084363381,
        "operatingIncome": 90000000,
        "operatingIncomeRatio": 0.0904431715,
        "totalOtherIncomeExpensesNet": -31200000,
        "incomeBeforeTax": 58800000,
        "incomeBeforeTaxRatio": 0.0590895387,
        "incomeTaxExpense": -29000000,
        "netIncome": 71100000,
        "netIncomeRatio": 0.0714501055,
        "eps": 0.8,
        "epsdiluted": 0.8,
        "weightedAverageShsOut": 89100000,
        "weightedAverageShsOutDil": 89100000,
        "link": "https://www.sec.gov/Archives/edgar/data/891103/000089110318000006/0000891103-18-000006-index.htm",
        "finalLink": "https://www.sec.gov/Archives/edgar/data/891103/000089110318000003/iac-20171231x10k.htm"
    },
    {
        "date": "2017-12-31",
        "symbol": "IAC",
        "reportedCurrency": "USD",
        "cik": "0001800227",
        "fillingDate": "2018-03-01",
        "acceptedDate": "2018-03-01 16:31:10",
        "calendarYear": "2017",
        "period": "Q4",
        "revenue": 950600000,
        "costOfRevenue": 199700000,
        "grossProfit": 750900000,
        "grossProfitRatio": 0.7899221544,
        "researchAndDevelopmentExpenses": 70000000,
        "generalAndAdministrativeExpenses": 189873000,
        "sellingAndMarketingExpenses": 357827000,
        "sellingGeneralAndAdministrativeExpenses": 547700000,
        "otherExpenses": 38800000,
        "operatingExpenses": 656500000,
        "costAndExpenses": 856200000,
        "interestIncome": 0,
        "interestExpense": 30739000,
        "depreciationAndAmortization": 38700000,
        "ebitda": 71339000,
        "ebitdaratio": 0.0750462866,
        "operatingIncome": 94400000,
        "operatingIncomeRatio": 0.0993057017,
        "totalOtherIncomeExpensesNet": -39300000,
        "incomeBeforeTax": 55100000,
        "incomeBeforeTaxRatio": 0.0579633915,
        "incomeTaxExpense": -30900000,
        "netIncome": 32800000,
        "netIncomeRatio": 0.0345045235,
        "eps": 0.37,
        "epsdiluted": 0.37,
        "weightedAverageShsOut": 87700000,
        "weightedAverageShsOutDil": 87700000,
        "link": "https://www.sec.gov/Archives/edgar/data/891103/000089110318000003/0000891103-18-000003-index.htm",
        "finalLink": "https://www.sec.gov/Archives/edgar/data/891103/000089110318000003/iac-20171231x10k.htm"
    },
    {
        "date": "2017-09-30",
        "symbol": "IAC",
        "reportedCurrency": "USD",
        "cik": "0001800227",
        "fillingDate": "2017-11-09",
        "acceptedDate": "2017-11-09 16:19:29",
        "calendarYear": "2017",
        "period": "Q3",
        "revenue": 828400000,
        "costOfRevenue": 166300000,
        "grossProfit": 662100000,
        "grossProfitRatio": 0.7992515693,
        "researchAndDevelopmentExpenses": 70600000,
        "generalAndAdministrativeExpenses": 235621000,
        "sellingAndMarketingExpenses": 352879000,
        "sellingGeneralAndAdministrativeExpenses": 588500000,
        "otherExpenses": 21600000,
        "operatingExpenses": 680700000,
        "costAndExpenses": 847000000,
        "interestIncome": 0,
        "interestExpense": 25036000,
        "depreciationAndAmortization": 21700000,
        "ebitda": -53164000,
        "ebitdaratio": -0.0641767262,
        "operatingIncome": -18600000,
        "operatingIncomeRatio": -0.0224529213,
        "totalOtherIncomeExpensesNet": -35200000,
        "incomeBeforeTax": -53800000,
        "incomeBeforeTaxRatio": -0.0649444713,
        "incomeTaxExpense": -279500000,
        "netIncome": 179600000,
        "netIncomeRatio": 0.2168034766,
        "eps": 2.06,
        "epsdiluted": 2.06,
        "weightedAverageShsOut": 87200000,
        "weightedAverageShsOutDil": 87200000,
        "link": "https://www.sec.gov/Archives/edgar/data/891103/000089110317000022/0000891103-17-000022-index.htm",
        "finalLink": "https://www.sec.gov/Archives/edgar/data/891103/000089110317000022/iac-2017930x10q.htm"
    },
    {
        "date": "2017-06-30",
        "symbol": "IAC",
        "reportedCurrency": "USD",
        "cik": "0001800227",
        "fillingDate": "2017-08-04",
        "acceptedDate": "2017-08-04 16:24:55",
        "calendarYear": "2017",
        "period": "Q2",
        "revenue": 767400000,
        "costOfRevenue": 139000000,
        "grossProfit": 628400000,
        "grossProfitRatio": 0.818868908,
        "researchAndDevelopmentExpenses": 55400000,
        "generalAndAdministrativeExpenses": 150196000,
        "sellingAndMarketingExpenses": 320104000,
        "sellingGeneralAndAdministrativeExpenses": 470300000,
        "otherExpenses": 27100000,
        "operatingExpenses": 552800000,
        "costAndExpenses": 691800000,
        "interestIncome": 0,
        "interestExpense": 24728000,
        "depreciationAndAmortization": 26900000,
        "ebitda": 98528000,
        "ebitdaratio": 0.1283919729,
        "operatingIncome": 75600000,
        "operatingIncomeRatio": 0.0985144644,
        "totalOtherIncomeExpensesNet": -14500000,
        "incomeBeforeTax": 61100000,
        "incomeBeforeTaxRatio": 0.0796194944,
        "incomeTaxExpense": -19400000,
        "netIncome": 66300000,
        "netIncomeRatio": 0.0863956216,
        "eps": 0.79,
        "epsdiluted": 0.79,
        "weightedAverageShsOut": 83800000,
        "weightedAverageShsOutDil": 83800000,
        "link": "https://www.sec.gov/Archives/edgar/data/891103/000089110317000018/0000891103-17-000018-index.htm",
        "finalLink": "https://www.sec.gov/Archives/edgar/data/891103/000089110317000018/iac-2017630x10q.htm"
    },
    {
        "date": "2017-03-31",
        "symbol": "IAC",
        "reportedCurrency": "USD",
        "cik": "0001800227",
        "fillingDate": "2017-05-08",
        "acceptedDate": "2017-05-08 16:43:01",
        "calendarYear": "2017",
        "period": "Q1",
        "revenue": 760800000,
        "costOfRevenue": 146000000,
        "grossProfit": 614800000,
        "grossProfitRatio": 0.8080967403,
        "researchAndDevelopmentExpenses": 54800000,
        "generalAndAdministrativeExpenses": 143589000,
        "sellingAndMarketingExpenses": 350411000,
        "sellingGeneralAndAdministrativeExpenses": 494000000,
        "otherExpenses": 29000000,
        "operatingExpenses": 577800000,
        "costAndExpenses": 723800000,
        "interestIncome": 0,
        "interestExpense": 24792000,
        "depreciationAndAmortization": 29100000,
        "ebitda": 56192000,
        "ebitdaratio": 0.0738590957,
        "operatingIncome": 37100000,
        "operatingIncomeRatio": 0.0487644585,
        "totalOtherIncomeExpensesNet": -32500000,
        "incomeBeforeTax": 4600000,
        "incomeBeforeTaxRatio": 0.0060462671,
        "incomeTaxExpense": -23900000,
        "netIncome": 26200000,
        "netIncomeRatio": 0.0344374343,
        "eps": 0.32,
        "epsdiluted": 0.32,
        "weightedAverageShsOut": 82500000,
        "weightedAverageShsOutDil": 82500000,
        "link": "https://www.sec.gov/Archives/edgar/data/891103/000089110317000007/0000891103-17-000007-index.htm",
        "finalLink": "https://www.sec.gov/Archives/edgar/data/891103/000089110317000003/iac-20161231x10k.htm"
    },
    {
        "date": "2016-12-31",
        "symbol": "IAC",
        "reportedCurrency": "USD",
        "cik": "0001800227",
        "fillingDate": "2017-02-28",
        "acceptedDate": "2017-02-28 17:04:54",
        "calendarYear": "2016",
        "period": "Q4",
        "revenue": 811200000,
        "costOfRevenue": 212500000,
        "grossProfit": 598700000,
        "grossProfitRatio": 0.7380424063,
        "researchAndDevelopmentExpenses": 61100000,
        "generalAndAdministrativeExpenses": 115096000,
        "sellingAndMarketingExpenses": 275004000,
        "sellingGeneralAndAdministrativeExpenses": 390100000,
        "otherExpenses": 34600000,
        "operatingExpenses": 485800000,
        "costAndExpenses": 698300000,
        "interestIncome": 0,
        "interestExpense": 26488000,
        "depreciationAndAmortization": 34700000,
        "ebitda": 175788000,
        "ebitdaratio": 0.2167011834,
        "operatingIncome": 112800000,
        "operatingIncomeRatio": 0.1390532544,
        "totalOtherIncomeExpensesNet": 13800000,
        "incomeBeforeTax": 126600000,
        "incomeBeforeTaxRatio": 0.1560650888,
        "incomeTaxExpense": 12500000,
        "netIncome": 102100000,
        "netIncomeRatio": 0.1258629191,
        "eps": 1.29,
        "epsdiluted": 1.29,
        "weightedAverageShsOut": 79100000,
        "weightedAverageShsOutDil": 79100000,
        "link": "https://www.sec.gov/Archives/edgar/data/891103/000089110317000003/0000891103-17-000003-index.htm",
        "finalLink": "https://www.sec.gov/Archives/edgar/data/891103/000089110317000003/iac-20161231x10k.htm"
    },
    {
        "date": "2016-09-30",
        "symbol": "IAC",
        "reportedCurrency": "USD",
        "cik": "0001800227",
        "fillingDate": "2016-11-09",
        "acceptedDate": "2016-11-09 16:12:54",
        "calendarYear": "2016",
        "period": "Q3",
        "revenue": 764100000,
        "costOfRevenue": 179100000,
        "grossProfit": 585000000,
        "grossProfitRatio": 0.765606596,
        "researchAndDevelopmentExpenses": 45900000,
        "generalAndAdministrativeExpenses": 128807000,
        "sellingAndMarketingExpenses": 292393000,
        "sellingGeneralAndAdministrativeExpenses": 421200000,
        "otherExpenses": 32300000,
        "operatingExpenses": 499400000,
        "costAndExpenses": 678500000,
        "interestIncome": 0,
        "interestExpense": 27118000,
        "depreciationAndAmortization": 32200000,
        "ebitda": 120318000,
        "ebitdaratio": 0.1574636828,
        "operatingIncome": 85600000,
        "operatingIncomeRatio": 0.1120272216,
        "totalOtherIncomeExpensesNet": -15400000,
        "incomeBeforeTax": 70200000,
        "incomeBeforeTaxRatio": 0.0918727915,
        "incomeTaxExpense": 17800000,
        "netIncome": 43200000,
        "netIncomeRatio": 0.0565371025,
        "eps": 0.53,
        "epsdiluted": 0.53,
        "weightedAverageShsOut": 81600000,
        "weightedAverageShsOutDil": 81600000,
        "link": "https://www.sec.gov/Archives/edgar/data/891103/000089110316000034/0000891103-16-000034-index.htm",
        "finalLink": "https://www.sec.gov/Archives/edgar/data/891103/000089110316000034/iac-2016930x10q.htm"
    },
    {
        "date": "2016-06-30",
        "symbol": "IAC",
        "reportedCurrency": "USD",
        "cik": "0001800227",
        "fillingDate": "2016-08-09",
        "acceptedDate": "2016-08-09 16:12:18",
        "calendarYear": "2016",
        "period": "Q2",
        "revenue": 745400000,
        "costOfRevenue": 170400000,
        "grossProfit": 575000000,
        "grossProfitRatio": 0.7713979072,
        "researchAndDevelopmentExpenses": 49900000,
        "generalAndAdministrativeExpenses": 152175000,
        "sellingAndMarketingExpenses": 295525000,
        "sellingGeneralAndAdministrativeExpenses": 447700000,
        "otherExpenses": 329900000,
        "operatingExpenses": 827500000,
        "costAndExpenses": 997900000,
        "interestIncome": 0,
        "interestExpense": 27644000,
        "depreciationAndAmortization": 54600000,
        "ebitda": -209256000,
        "ebitdaratio": -0.2807298095,
        "operatingIncome": -252400000,
        "operatingIncomeRatio": -0.3386101422,
        "totalOtherIncomeExpensesNet": -34900000,
        "incomeBeforeTax": -287300000,
        "incomeBeforeTaxRatio": -0.3854306413,
        "incomeTaxExpense": -96700000,
        "netIncome": -194800000,
        "netIncomeRatio": -0.2613361953,
        "eps": -2.45,
        "epsdiluted": -2.45,
        "weightedAverageShsOut": 79500000,
        "weightedAverageShsOutDil": 79500000,
        "link": "https://www.sec.gov/Archives/edgar/data/891103/000089110316000031/0000891103-16-000031-index.htm",
        "finalLink": "https://www.sec.gov/Archives/edgar/data/891103/000089110316000031/iac-2016630x10q.htm"
    },
    {
        "date": "2016-03-31",
        "symbol": "IAC",
        "reportedCurrency": "USD",
        "cik": "0001800227",
        "fillingDate": "2016-05-10",
        "acceptedDate": "2016-05-10 16:46:14",
        "calendarYear": "2016",
        "period": "Q1",
        "revenue": 819200000,
        "costOfRevenue": 193700000,
        "grossProfit": 625500000,
        "grossProfitRatio": 0.7635498047,
        "researchAndDevelopmentExpenses": 55800000,
        "generalAndAdministrativeExpenses": 136259000,
        "sellingAndMarketingExpenses": 382341000,
        "sellingGeneralAndAdministrativeExpenses": 518600000,
        "otherExpenses": 29700000,
        "operatingExpenses": 604100000,
        "costAndExpenses": 797800000,
        "interestIncome": 0,
        "interestExpense": 27860000,
        "depreciationAndAmortization": 29600000,
        "ebitda": 67260000,
        "ebitdaratio": 0.0821044922,
        "operatingIncome": 21400000,
        "operatingIncomeRatio": 0.0261230469,
        "totalOtherIncomeExpensesNet": -11900000,
        "incomeBeforeTax": 9500000,
        "incomeBeforeTaxRatio": 0.0115966797,
        "incomeTaxExpense": 1500000,
        "netIncome": 8300000,
        "netIncomeRatio": 0.0101318359,
        "eps": 0.1,
        "epsdiluted": 0.1,
        "weightedAverageShsOut": 82000000,
        "weightedAverageShsOutDil": 82000000,
        "link": "https://www.sec.gov/Archives/edgar/data/891103/000089110316000026/0000891103-16-000026-index.htm",
        "finalLink": "https://www.sec.gov/Archives/edgar/data/891103/000089110316000023/iac-20151231x10k.htm"
    },
    {
        "date": "2015-12-31",
        "symbol": "IAC",
        "reportedCurrency": "USD",
        "cik": "0001800227",
        "fillingDate": "2016-02-29",
        "acceptedDate": "2016-02-29 16:42:21",
        "calendarYear": "2015",
        "period": "Q4",
        "revenue": 848700000,
        "costOfRevenue": 198100000,
        "grossProfit": 650600000,
        "grossProfitRatio": 0.7665841876,
        "researchAndDevelopmentExpenses": 58100000,
        "generalAndAdministrativeExpenses": 136513000,
        "sellingAndMarketingExpenses": 331287000,
        "sellingGeneralAndAdministrativeExpenses": 467800000,
        "otherExpenses": 130200000,
        "operatingExpenses": 656100000,
        "costAndExpenses": 854200000,
        "interestIncome": 0,
        "interestExpense": 28366000,
        "depreciationAndAmortization": 116200000,
        "ebitda": 107566000,
        "ebitdaratio": 0.1267420761,
        "operatingIncome": -5400000,
        "operatingIncomeRatio": -0.0063626723,
        "totalOtherIncomeExpensesNet": -31200000,
        "incomeBeforeTax": -36600000,
        "incomeBeforeTaxRatio": -0.0431247791,
        "incomeTaxExpense": -5200000,
        "netIncome": -31800000,
        "netIncomeRatio": -0.0374690703,
        "eps": -0.38,
        "epsdiluted": -0.38,
        "weightedAverageShsOut": 83000000,
        "weightedAverageShsOutDil": 83000000,
        "link": "https://www.sec.gov/Archives/edgar/data/891103/000089110316000023/0000891103-16-000023-index.htm",
        "finalLink": "https://www.sec.gov/Archives/edgar/data/891103/000089110316000023/iac-20151231x10k.htm"
    },
    {
        "date": "2015-09-30",
        "symbol": "IAC",
        "reportedCurrency": "USD",
        "cik": "0001800227",
        "fillingDate": "2015-11-09",
        "acceptedDate": "2015-11-09 16:16:05",
        "calendarYear": "2015",
        "period": "Q3",
        "revenue": 838600000,
        "costOfRevenue": 205300000,
        "grossProfit": 633300000,
        "grossProfitRatio": 0.7551872168,
        "researchAndDevelopmentExpenses": 46900000,
        "generalAndAdministrativeExpenses": 134074000,
        "sellingAndMarketingExpenses": 337226000,
        "sellingGeneralAndAdministrativeExpenses": 471300000,
        "otherExpenses": 27900000,
        "operatingExpenses": 546100000,
        "costAndExpenses": 751400000,
        "interestIncome": 0,
        "interestExpense": 15992000,
        "depreciationAndAmortization": 27900000,
        "ebitda": 149992000,
        "ebitdaratio": 0.1788600048,
        "operatingIncome": 87100000,
        "operatingIncomeRatio": 0.1038635822,
        "totalOtherIncomeExpensesNet": 18400000,
        "incomeBeforeTax": 105500000,
        "incomeBeforeTaxRatio": 0.125804913,
        "incomeTaxExpense": 40500000,
        "netIncome": 65600000,
        "netIncomeRatio": 0.0782256141,
        "eps": 0.74,
        "epsdiluted": 0.74,
        "weightedAverageShsOut": 88900000,
        "weightedAverageShsOutDil": 88900000,
        "link": "https://www.sec.gov/Archives/edgar/data/891103/000089110315000016/0000891103-15-000016-index.htm",
        "finalLink": "https://www.sec.gov/Archives/edgar/data/891103/000089110315000016/iaci-2015930x10q.htm"
    },
    {
        "date": "2015-06-30",
        "symbol": "IAC",
        "reportedCurrency": "USD",
        "cik": "0001800227",
        "fillingDate": "2015-07-31",
        "acceptedDate": "2015-07-31 16:19:18",
        "calendarYear": "2015",
        "period": "Q2",
        "revenue": 771100000,
        "costOfRevenue": 183300000,
        "grossProfit": 587800000,
        "grossProfitRatio": 0.762287641,
        "researchAndDevelopmentExpenses": 46400000,
        "generalAndAdministrativeExpenses": 129303000,
        "sellingAndMarketingExpenses": 319397000,
        "sellingGeneralAndAdministrativeExpenses": 448700000,
        "otherExpenses": 30000000,
        "operatingExpenses": 525100000,
        "costAndExpenses": 708400000,
        "interestIncome": 0,
        "interestExpense": 15214000,
        "depreciationAndAmortization": 29900000,
        "ebitda": 92414000,
        "ebitdaratio": 0.1198469719,
        "operatingIncome": 62800000,
        "operatingIncomeRatio": 0.0814420957,
        "totalOtherIncomeExpensesNet": -16900000,
        "incomeBeforeTax": 45900000,
        "incomeBeforeTaxRatio": 0.0595253534,
        "incomeTaxExpense": -12000000,
        "netIncome": 59300000,
        "netIncomeRatio": 0.0769031254,
        "eps": 0.68,
        "epsdiluted": 0.68,
        "weightedAverageShsOut": 87100000,
        "weightedAverageShsOutDil": 87100000,
        "link": "https://www.sec.gov/Archives/edgar/data/891103/000089110315000013/0000891103-15-000013-index.htm",
        "finalLink": "https://www.sec.gov/Archives/edgar/data/891103/000089110315000013/iaci-2015630x10q.htm"
    },
    {
        "date": "2015-03-31",
        "symbol": "IAC",
        "reportedCurrency": "USD",
        "cik": "0001800227",
        "fillingDate": "2015-05-01",
        "acceptedDate": "2015-05-01 16:42:47",
        "calendarYear": "2015",
        "period": "Q1",
        "revenue": 772500000,
        "costOfRevenue": 191600000,
        "grossProfit": 580900000,
        "grossProfitRatio": 0.75197411,
        "researchAndDevelopmentExpenses": 45300000,
        "generalAndAdministrativeExpenses": 114834000,
        "sellingAndMarketingExpenses": 357666000,
        "sellingGeneralAndAdministrativeExpenses": 472500000,
        "otherExpenses": 28000000,
        "operatingExpenses": 545800000,
        "costAndExpenses": 737400000,
        "interestIncome": 0,
        "interestExpense": 14064000,
        "depreciationAndAmortization": 28200000,
        "ebitda": 74864000,
        "ebitdaratio": 0.0969113269,
        "operatingIncome": 35100000,
        "operatingIncomeRatio": 0.0454368932,
        "totalOtherIncomeExpensesNet": -7100000,
        "incomeBeforeTax": 28000000,
        "incomeBeforeTaxRatio": 0.0362459547,
        "incomeTaxExpense": 6200000,
        "netIncome": 26400000,
        "netIncomeRatio": 0.0341747573,
        "eps": 0.3,
        "epsdiluted": 0.3,
        "weightedAverageShsOut": 88800000,
        "weightedAverageShsOutDil": 88800000,
        "link": "https://www.sec.gov/Archives/edgar/data/891103/000089110315000007/0000891103-15-000007-index.htm",
        "finalLink": "https://www.sec.gov/Archives/edgar/data/891103/000089110315000004/iaci-20141231x10k.htm"
    },
    {
        "date": "2014-12-31",
        "symbol": "IAC",
        "reportedCurrency": "USD",
        "cik": "0001800227",
        "fillingDate": "2015-02-27",
        "acceptedDate": "2015-02-27 16:34:28",
        "calendarYear": "2014",
        "period": "Q4",
        "revenue": 830800000,
        "costOfRevenue": 213700000,
        "grossProfit": 617100000,
        "grossProfitRatio": 0.7427780453,
        "researchAndDevelopmentExpenses": 43500000,
        "generalAndAdministrativeExpenses": 153884000,
        "sellingAndMarketingExpenses": 276316000,
        "sellingGeneralAndAdministrativeExpenses": 430200000,
        "otherExpenses": 33000000,
        "operatingExpenses": 506700000,
        "costAndExpenses": 720400000,
        "interestIncome": 0,
        "interestExpense": 14195000,
        "depreciationAndAmortization": 33100000,
        "ebitda": 161395000,
        "ebitdaratio": 0.1942645643,
        "operatingIncome": 110400000,
        "operatingIncomeRatio": 0.1328839673,
        "totalOtherIncomeExpensesNet": 1500000,
        "incomeBeforeTax": 111900000,
        "incomeBeforeTaxRatio": 0.1346894559,
        "incomeTaxExpense": 43900000,
        "netIncome": 70200000,
        "netIncomeRatio": 0.0844968705,
        "eps": 0.78,
        "epsdiluted": 0.78,
        "weightedAverageShsOut": 89500000,
        "weightedAverageShsOutDil": 89500000,
        "link": "https://www.sec.gov/Archives/edgar/data/891103/000089110315000004/0000891103-15-000004-index.htm",
        "finalLink": "https://www.sec.gov/Archives/edgar/data/891103/000089110315000004/iaci-20141231x10k.htm"
    },
    {
        "date": "2014-09-30",
        "symbol": "IAC",
        "reportedCurrency": "USD",
        "cik": "0001800227",
        "fillingDate": "2014-11-03",
        "acceptedDate": "2014-11-03 16:41:35",
        "calendarYear": "2014",
        "period": "Q3",
        "revenue": 782200000,
        "costOfRevenue": 226200000,
        "grossProfit": 556000000,
        "grossProfitRatio": 0.7108156482,
        "researchAndDevelopmentExpenses": 39700000,
        "generalAndAdministrativeExpenses": 108177000,
        "sellingAndMarketingExpenses": 276623000,
        "sellingGeneralAndAdministrativeExpenses": 384800000,
        "otherExpenses": 30600000,
        "operatingExpenses": 455100000,
        "costAndExpenses": 681300000,
        "interestIncome": 0,
        "interestExpense": 14009000,
        "depreciationAndAmortization": 30500000,
        "ebitda": 311509000,
        "ebitdaratio": 0.3982472513,
        "operatingIncome": 101000000,
        "operatingIncomeRatio": 0.1291229864,
        "totalOtherIncomeExpensesNet": -10600000,
        "incomeBeforeTax": 90400000,
        "incomeBeforeTaxRatio": 0.1155714651,
        "incomeTaxExpense": -59800000,
        "netIncome": 326800000,
        "netIncomeRatio": 0.4177959601,
        "eps": 3.68,
        "epsdiluted": 3.68,
        "weightedAverageShsOut": 88800000,
        "weightedAverageShsOutDil": 88800000,
        "link": "https://www.sec.gov/Archives/edgar/data/891103/000089110314000020/0000891103-14-000020-index.htm",
        "finalLink": "https://www.sec.gov/Archives/edgar/data/891103/000089110314000020/iaci-2014930x10q.htm"
    },
    {
        "date": "2014-06-30",
        "symbol": "IAC",
        "reportedCurrency": "USD",
        "cik": "0001800227",
        "fillingDate": "2014-07-31",
        "acceptedDate": "2014-07-31 16:42:05",
        "calendarYear": "2014",
        "period": "Q2",
        "revenue": 756300000,
        "costOfRevenue": 210700000,
        "grossProfit": 545600000,
        "grossProfitRatio": 0.7214068491,
        "researchAndDevelopmentExpenses": 38800000,
        "generalAndAdministrativeExpenses": 109614000,
        "sellingAndMarketingExpenses": 272786000,
        "sellingGeneralAndAdministrativeExpenses": 382400000,
        "otherExpenses": 28700000,
        "operatingExpenses": 449900000,
        "costAndExpenses": 660600000,
        "interestIncome": 0,
        "interestExpense": 14046000,
        "depreciationAndAmortization": 28700000,
        "ebitda": 54646000,
        "ebitdaratio": 0.0722543964,
        "operatingIncome": 95700000,
        "operatingIncomeRatio": 0.1265370885,
        "totalOtherIncomeExpensesNet": -83800000,
        "incomeBeforeTax": 11900000,
        "incomeBeforeTaxRatio": 0.0157344969,
        "incomeTaxExpense": 29900000,
        "netIncome": -18000000,
        "netIncomeRatio": -0.0238000793,
        "eps": -0.22,
        "epsdiluted": -0.22,
        "weightedAverageShsOut": 83200000,
        "weightedAverageShsOutDil": 83200000,
        "link": "https://www.sec.gov/Archives/edgar/data/891103/000089110314000017/0000891103-14-000017-index.htm",
        "finalLink": "https://www.sec.gov/Archives/edgar/data/891103/000089110314000017/iaci-2014630x10q.htm"
    },
    {
        "date": "2014-03-31",
        "symbol": "IAC",
        "reportedCurrency": "USD",
        "cik": "0001800227",
        "fillingDate": "2014-05-02",
        "acceptedDate": "2014-05-02 16:19:09",
        "calendarYear": "2014",
        "period": "Q1",
        "revenue": 740200000,
        "costOfRevenue": 209200000,
        "grossProfit": 531000000,
        "grossProfitRatio": 0.7173736828,
        "researchAndDevelopmentExpenses": 38800000,
        "generalAndAdministrativeExpenses": 94988000,
        "sellingAndMarketingExpenses": 298712000,
        "sellingGeneralAndAdministrativeExpenses": 393700000,
        "otherExpenses": 26800000,
        "operatingExpenses": 459300000,
        "costAndExpenses": 668500000,
        "interestIncome": 0,
        "interestExpense": 14064000,
        "depreciationAndAmortization": 26800000,
        "ebitda": 98164000,
        "ebitdaratio": 0.1326182113,
        "operatingIncome": 71700000,
        "operatingIncomeRatio": 0.096865712,
        "totalOtherIncomeExpensesNet": -16000000,
        "incomeBeforeTax": 55700000,
        "incomeBeforeTaxRatio": 0.0752499325,
        "incomeTaxExpense": 21400000,
        "netIncome": 35900000,
        "netIncomeRatio": 0.0485004053,
        "eps": 0.44,
        "epsdiluted": 0.44,
        "weightedAverageShsOut": 82500000,
        "weightedAverageShsOutDil": 82500000,
        "link": "https://www.sec.gov/Archives/edgar/data/891103/000089110314000008/0000891103-14-000008-index.htm",
        "finalLink": "https://www.sec.gov/Archives/edgar/data/891103/000089110314000003/iaci-20131231x10k.htm"
    },
    {
        "date": "2013-12-31",
        "symbol": "IAC",
        "reportedCurrency": "USD",
        "cik": "0001800227",
        "fillingDate": "2014-02-26",
        "acceptedDate": "2014-02-26 17:20:11",
        "calendarYear": "2013",
        "period": "Q4",
        "revenue": 724500000,
        "costOfRevenue": 199800000,
        "grossProfit": 524700000,
        "grossProfitRatio": 0.7242236025,
        "researchAndDevelopmentExpenses": 35400000,
        "generalAndAdministrativeExpenses": 121618000,
        "sellingAndMarketingExpenses": 225782000,
        "sellingGeneralAndAdministrativeExpenses": 347400000,
        "otherExpenses": 28900000,
        "operatingExpenses": 411700000,
        "costAndExpenses": 611500000,
        "interestIncome": 0,
        "interestExpense": 10652000,
        "depreciationAndAmortization": 29000000,
        "ebitda": 149752000,
        "ebitdaratio": 0.2066970324,
        "operatingIncome": 113000000,
        "operatingIncomeRatio": 0.1559696342,
        "totalOtherIncomeExpensesNet": -1000000,
        "incomeBeforeTax": 112000000,
        "incomeBeforeTaxRatio": 0.154589372,
        "incomeTaxExpense": 33200000,
        "netIncome": 76900000,
        "netIncomeRatio": 0.106142167,
        "eps": 0.88,
        "epsdiluted": 0.88,
        "weightedAverageShsOut": 87000000,
        "weightedAverageShsOutDil": 87000000,
        "link": "https://www.sec.gov/Archives/edgar/data/891103/000089110314000003/0000891103-14-000003-index.htm",
        "finalLink": "https://www.sec.gov/Archives/edgar/data/891103/000089110314000003/iaci-20131231x10k.htm"
    },
    {
        "date": "2013-09-30",
        "symbol": "IAC",
        "reportedCurrency": "USD",
        "cik": "0001800227",
        "fillingDate": "2013-11-08",
        "acceptedDate": "2013-11-08 08:28:36",
        "calendarYear": "2013",
        "period": "Q3",
        "revenue": 756900000,
        "costOfRevenue": 248900000,
        "grossProfit": 508000000,
        "grossProfitRatio": 0.6711586735,
        "researchAndDevelopmentExpenses": 35200000,
        "generalAndAdministrativeExpenses": 76018000,
        "sellingAndMarketingExpenses": 248282000,
        "sellingGeneralAndAdministrativeExpenses": 324300000,
        "otherExpenses": 26500000,
        "operatingExpenses": 386000000,
        "costAndExpenses": 634900000,
        "interestIncome": 0,
        "interestExpense": 7623000,
        "depreciationAndAmortization": 26400000,
        "ebitda": 167023000,
        "ebitdaratio": 0.2206671951,
        "operatingIncome": 122000000,
        "operatingIncomeRatio": 0.1611837759,
        "totalOtherIncomeExpensesNet": 5800000,
        "incomeBeforeTax": 127800000,
        "incomeBeforeTaxRatio": 0.1688466112,
        "incomeTaxExpense": 36100000,
        "netIncome": 96900000,
        "netIncomeRatio": 0.1280221958,
        "eps": 1.13,
        "epsdiluted": 1.13,
        "weightedAverageShsOut": 86100000,
        "weightedAverageShsOutDil": 86100000,
        "link": "https://www.sec.gov/Archives/edgar/data/891103/000089110313000020/0000891103-13-000020-index.htm",
        "finalLink": "https://www.sec.gov/Archives/edgar/data/891103/000089110313000020/iaci-2013930x10q.htm"
    },
    {
        "date": "2013-06-30",
        "symbol": "IAC",
        "reportedCurrency": "USD",
        "cik": "0001800227",
        "fillingDate": "2013-08-08",
        "acceptedDate": "2013-08-08 16:42:50",
        "calendarYear": "2013",
        "period": "Q2",
        "revenue": 799400000,
        "costOfRevenue": 272800000,
        "grossProfit": 526600000,
        "grossProfitRatio": 0.658744058,
        "researchAndDevelopmentExpenses": 34100000,
        "generalAndAdministrativeExpenses": 103547000,
        "sellingAndMarketingExpenses": 247153000,
        "sellingGeneralAndAdministrativeExpenses": 350700000,
        "otherExpenses": 35100000,
        "operatingExpenses": 419900000,
        "costAndExpenses": 692700000,
        "interestIncome": 0,
        "interestExpense": 7658000,
        "depreciationAndAmortization": 35200000,
        "ebitda": 140558000,
        "ebitdaratio": 0.175829372,
        "operatingIncome": 106700000,
        "operatingIncomeRatio": 0.1334751063,
        "totalOtherIncomeExpensesNet": -8700000,
        "incomeBeforeTax": 98000000,
        "incomeBeforeTaxRatio": 0.122591944,
        "incomeTaxExpense": 39400000,
        "netIncome": 58300000,
        "netIncomeRatio": 0.0729296973,
        "eps": 0.67,
        "epsdiluted": 0.67,
        "weightedAverageShsOut": 86600000,
        "weightedAverageShsOutDil": 86600000,
        "link": "https://www.sec.gov/Archives/edgar/data/891103/000089110313000017/0000891103-13-000017-index.htm",
        "finalLink": "https://www.sec.gov/Archives/edgar/data/891103/000089110313000017/iaci-2013630x10q.htm"
    },
    {
        "date": "2013-03-31",
        "symbol": "IAC",
        "reportedCurrency": "USD",
        "cik": "0001800227",
        "fillingDate": "2013-05-08",
        "acceptedDate": "2013-05-08 17:05:53",
        "calendarYear": "2013",
        "period": "Q1",
        "revenue": 742200000,
        "costOfRevenue": 255800000,
        "grossProfit": 486400000,
        "grossProfitRatio": 0.6553489625,
        "researchAndDevelopmentExpenses": 35100000,
        "generalAndAdministrativeExpenses": 95686000,
        "sellingAndMarketingExpenses": 242914000,
        "sellingGeneralAndAdministrativeExpenses": 338600000,
        "otherExpenses": 28200000,
        "operatingExpenses": 401900000,
        "costAndExpenses": 657700000,
        "interestIncome": 0,
        "interestExpense": 7663000,
        "depreciationAndAmortization": 28100000,
        "ebitda": 115063000,
        "ebitdaratio": 0.1550296416,
        "operatingIncome": 84600000,
        "operatingIncomeRatio": 0.1139854487,
        "totalOtherIncomeExpensesNet": -6100000,
        "incomeBeforeTax": 78500000,
        "incomeBeforeTaxRatio": 0.1057666397,
        "incomeTaxExpense": 25700000,
        "netIncome": 53600000,
        "netIncomeRatio": 0.0722177311,
        "eps": 0.62,
        "epsdiluted": 0.62,
        "weightedAverageShsOut": 86800000,
        "weightedAverageShsOutDil": 86800000,
        "link": "https://www.sec.gov/Archives/edgar/data/891103/000089110313000010/0000891103-13-000010-index.htm",
        "finalLink": "https://www.sec.gov/Archives/edgar/data/891103/000144530513000404/iaci-20121231x10k.htm"
    },
    {
        "date": "2012-12-31",
        "symbol": "IAC",
        "reportedCurrency": "USD",
        "cik": "0001800227",
        "fillingDate": "2013-03-01",
        "acceptedDate": "2013-03-01 08:16:02",
        "calendarYear": "2012",
        "period": "Q4",
        "revenue": 765300000,
        "costOfRevenue": 267900000,
        "grossProfit": 497400000,
        "grossProfitRatio": 0.6499411995,
        "researchAndDevelopmentExpenses": 35100000,
        "generalAndAdministrativeExpenses": 115210000,
        "sellingAndMarketingExpenses": 229090000,
        "sellingGeneralAndAdministrativeExpenses": 344300000,
        "otherExpenses": 32700000,
        "operatingExpenses": 412100000,
        "costAndExpenses": 680000000,
        "interestIncome": 0,
        "interestExpense": 2047000,
        "depreciationAndAmortization": 32700000,
        "ebitda": 111347000,
        "ebitdaratio": 0.1454945773,
        "operatingIncome": 85300000,
        "operatingIncomeRatio": 0.1114595583,
        "totalOtherIncomeExpensesNet": -5000000,
        "incomeBeforeTax": 80300000,
        "incomeBeforeTaxRatio": 0.1049261727,
        "incomeTaxExpense": 35900000,
        "netIncome": 40700000,
        "netIncomeRatio": 0.0531817588,
        "eps": 0.43,
        "epsdiluted": 0.43,
        "weightedAverageShsOut": 94000000,
        "weightedAverageShsOutDil": 94000000,
        "link": "https://www.sec.gov/Archives/edgar/data/891103/000144530513000404/0001445305-13-000404-index.htm",
        "finalLink": "https://www.sec.gov/Archives/edgar/data/891103/000144530513000404/iaci-20121231x10k.htm"
    },
    {
        "date": "2012-09-30",
        "symbol": "IAC",
        "reportedCurrency": "USD",
        "cik": "0001800227",
        "fillingDate": "2012-11-08",
        "acceptedDate": "2012-11-08 17:18:09",
        "calendarYear": "2012",
        "period": "Q3",
        "revenue": 714500000,
        "costOfRevenue": 262300000,
        "grossProfit": 452200000,
        "grossProfitRatio": 0.632890133,
        "researchAndDevelopmentExpenses": 27600000,
        "generalAndAdministrativeExpenses": 91437000,
        "sellingAndMarketingExpenses": 236763000,
        "sellingGeneralAndAdministrativeExpenses": 328200000,
        "otherExpenses": 18300000,
        "operatingExpenses": 374100000,
        "costAndExpenses": 636400000,
        "interestIncome": 0,
        "interestExpense": 1391000,
        "depreciationAndAmortization": 18500000,
        "ebitda": 88191000,
        "ebitdaratio": 0.1234303709,
        "operatingIncome": 78000000,
        "operatingIncomeRatio": 0.1091672498,
        "totalOtherIncomeExpensesNet": -4200000,
        "incomeBeforeTax": 73800000,
        "incomeBeforeTaxRatio": 0.1032890133,
        "incomeTaxExpense": 27600000,
        "netIncome": 40700000,
        "netIncomeRatio": 0.0569629111,
        "eps": 0.43,
        "epsdiluted": 0.43,
        "weightedAverageShsOut": 94700000,
        "weightedAverageShsOutDil": 94700000,
        "link": "https://www.sec.gov/Archives/edgar/data/891103/000144530512003592/0001445305-12-003592-index.htm",
        "finalLink": "https://www.sec.gov/Archives/edgar/data/891103/000144530512003592/iaci-2012930x10q.htm"
    },
    {
        "date": "2012-06-30",
        "symbol": "IAC",
        "reportedCurrency": "USD",
        "cik": "0001800227",
        "fillingDate": "2012-08-02",
        "acceptedDate": "2012-08-02 08:27:59",
        "calendarYear": "2012",
        "period": "Q2",
        "revenue": 680600000,
        "costOfRevenue": 237300000,
        "grossProfit": 443300000,
        "grossProfitRatio": 0.6513370555,
        "researchAndDevelopmentExpenses": 26900000,
        "generalAndAdministrativeExpenses": 87830000,
        "sellingAndMarketingExpenses": 213070000,
        "sellingGeneralAndAdministrativeExpenses": 300900000,
        "otherExpenses": 18000000,
        "operatingExpenses": 345800000,
        "costAndExpenses": 583100000,
        "interestIncome": 0,
        "interestExpense": 1364000,
        "depreciationAndAmortization": 18000000,
        "ebitda": 91264000,
        "ebitdaratio": 0.134093447,
        "operatingIncome": 97500000,
        "operatingIncomeRatio": 0.1432559506,
        "totalOtherIncomeExpensesNet": -20800000,
        "incomeBeforeTax": 76700000,
        "incomeBeforeTaxRatio": 0.1126946812,
        "incomeTaxExpense": 28600000,
        "netIncome": 43300000,
        "netIncomeRatio": 0.063620335,
        "eps": 0.47,
        "epsdiluted": 0.47,
        "weightedAverageShsOut": 91900000,
        "weightedAverageShsOutDil": 91900000,
        "link": "https://www.sec.gov/Archives/edgar/data/891103/000104746912007663/0001047469-12-007663-index.htm",
        "finalLink": "https://www.sec.gov/Archives/edgar/data/891103/000104746912007663/a2210425z10-q.htm"
    },
    {
        "date": "2012-03-31",
        "symbol": "IAC",
        "reportedCurrency": "USD",
        "cik": "0001800227",
        "fillingDate": "2012-05-09",
        "acceptedDate": "2012-05-09 08:34:50",
        "calendarYear": "2012",
        "period": "Q1",
        "revenue": 640600000,
        "costOfRevenue": 223600000,
        "grossProfit": 417000000,
        "grossProfitRatio": 0.6509522323,
        "researchAndDevelopmentExpenses": 23500000,
        "generalAndAdministrativeExpenses": 91762000,
        "sellingAndMarketingExpenses": 219838000,
        "sellingGeneralAndAdministrativeExpenses": 311600000,
        "otherExpenses": 19100000,
        "operatingExpenses": 354200000,
        "costAndExpenses": 577800000,
        "interestIncome": 0,
        "interestExpense": 1347000,
        "depreciationAndAmortization": 19100000,
        "ebitda": 82047000,
        "ebitdaratio": 0.128078364,
        "operatingIncome": 62800000,
        "operatingIncomeRatio": 0.098033094,
        "totalOtherIncomeExpensesNet": -4500000,
        "incomeBeforeTax": 58300000,
        "incomeBeforeTaxRatio": 0.0910084296,
        "incomeTaxExpense": 27100000,
        "netIncome": 34500000,
        "netIncomeRatio": 0.0538557602,
        "eps": 0.38,
        "epsdiluted": 0.38,
        "weightedAverageShsOut": 91700000,
        "weightedAverageShsOutDil": 91700000,
        "link": "https://www.sec.gov/Archives/edgar/data/891103/000104746912005592/0001047469-12-005592-index.htm",
        "finalLink": "https://www.sec.gov/Archives/edgar/data/891103/000104746912001904/a2207251z10-k.htm"
    },
    {
        "date": "2011-12-31",
        "symbol": "IAC",
        "reportedCurrency": "USD",
        "cik": "0001800227",
        "fillingDate": "2012-02-29",
        "acceptedDate": "2012-02-29 16:11:26",
        "calendarYear": "2011",
        "period": "Q4",
        "revenue": 596900000,
        "costOfRevenue": 218400000,
        "grossProfit": 378500000,
        "grossProfitRatio": 0.6341095661,
        "researchAndDevelopmentExpenses": 22200000,
        "generalAndAdministrativeExpenses": 87290000,
        "sellingAndMarketingExpenses": 187410000,
        "sellingGeneralAndAdministrativeExpenses": 274700000,
        "otherExpenses": 26200000,
        "operatingExpenses": 323100000,
        "costAndExpenses": 541500000,
        "interestIncome": 0,
        "interestExpense": 1295000,
        "depreciationAndAmortization": 26200000,
        "ebitda": 78695000,
        "ebitdaratio": 0.1318395041,
        "operatingIncome": 55500000,
        "operatingIncomeRatio": 0.0929803987,
        "totalOtherIncomeExpensesNet": -11300000,
        "incomeBeforeTax": 44200000,
        "incomeBeforeTaxRatio": 0.0740492545,
        "incomeTaxExpense": 2400000,
        "netIncome": 48800000,
        "netIncomeRatio": 0.081755738,
        "eps": 0.53,
        "epsdiluted": 0.53,
        "weightedAverageShsOut": 92700000,
        "weightedAverageShsOutDil": 92700000,
        "link": "https://www.sec.gov/Archives/edgar/data/891103/000104746912001904/0001047469-12-001904-index.htm",
        "finalLink": "https://www.sec.gov/Archives/edgar/data/891103/000104746912001904/a2207251z10-k.htm"
    },
    {
        "date": "2011-09-30",
        "symbol": "IAC",
        "reportedCurrency": "USD",
        "cik": "0001800227",
        "fillingDate": "2011-11-09",
        "acceptedDate": "2011-11-09 16:07:34",
        "calendarYear": "2011",
        "period": "Q3",
        "revenue": 516900000,
        "costOfRevenue": 188600000,
        "grossProfit": 328300000,
        "grossProfitRatio": 0.6351325208,
        "researchAndDevelopmentExpenses": 21600000,
        "generalAndAdministrativeExpenses": 84604000,
        "sellingAndMarketingExpenses": 153296000,
        "sellingGeneralAndAdministrativeExpenses": 237900000,
        "otherExpenses": 22000000,
        "operatingExpenses": 281500000,
        "costAndExpenses": 470100000,
        "interestIncome": 0,
        "interestExpense": 1425000,
        "depreciationAndAmortization": 22000000,
        "ebitda": 56425000,
        "ebitdaratio": 0.1091603792,
        "operatingIncome": 46700000,
        "operatingIncomeRatio": 0.0903462952,
        "totalOtherIncomeExpensesNet": -10700000,
        "incomeBeforeTax": 36000000,
        "incomeBeforeTaxRatio": 0.0696459663,
        "incomeTaxExpense": -32000000,
        "netIncome": 65000000,
        "netIncomeRatio": 0.1257496614,
        "eps": 0.69,
        "epsdiluted": 0.69,
        "weightedAverageShsOut": 93700000,
        "weightedAverageShsOutDil": 93700000,
        "link": "https://www.sec.gov/Archives/edgar/data/891103/000104746911009304/0001047469-11-009304-index.htm",
        "finalLink": "https://www.sec.gov/Archives/edgar/data/891103/000104746911009304/a2206079z10-q.htm"
    },
    {
        "date": "2011-06-30",
        "symbol": "IAC",
        "reportedCurrency": "USD",
        "cik": "0001800227",
        "fillingDate": "2011-08-05",
        "acceptedDate": "2011-08-05 08:47:02",
        "calendarYear": "2011",
        "period": "Q2",
        "revenue": 485400000,
        "costOfRevenue": 181500000,
        "grossProfit": 303900000,
        "grossProfitRatio": 0.6260815822,
        "researchAndDevelopmentExpenses": 17300000,
        "generalAndAdministrativeExpenses": 80582000,
        "sellingAndMarketingExpenses": 133218000,
        "sellingGeneralAndAdministrativeExpenses": 213800000,
        "otherExpenses": 14600000,
        "operatingExpenses": 245700000,
        "costAndExpenses": 427200000,
        "interestIncome": 0,
        "interestExpense": 2710000,
        "depreciationAndAmortization": 14700000,
        "ebitda": 69310000,
        "ebitdaratio": 0.142789452,
        "operatingIncome": 58200000,
        "operatingIncomeRatio": 0.1199011125,
        "totalOtherIncomeExpensesNet": -3100000,
        "incomeBeforeTax": 55100000,
        "incomeBeforeTaxRatio": 0.1135146271,
        "incomeTaxExpense": 9500000,
        "netIncome": 42400000,
        "netIncomeRatio": 0.0873506386,
        "eps": 0.44,
        "epsdiluted": 0.44,
        "weightedAverageShsOut": 97300000,
        "weightedAverageShsOutDil": 97300000,
        "link": "https://www.sec.gov/Archives/edgar/data/891103/000104746911006979/0001047469-11-006979-index.htm",
        "finalLink": "https://www.sec.gov/Archives/edgar/data/891103/000104746911006979/a2204953z10-q.htm"
    },
    {
        "date": "2011-03-31",
        "symbol": "IAC",
        "reportedCurrency": "USD",
        "cik": "0001800227",
        "fillingDate": "2011-05-06",
        "acceptedDate": "2011-05-06 08:35:58",
        "calendarYear": "2011",
        "period": "Q1",
        "revenue": 460200000,
        "costOfRevenue": 172700000,
        "grossProfit": 287500000,
        "grossProfitRatio": 0.624728379,
        "researchAndDevelopmentExpenses": 17700000,
        "generalAndAdministrativeExpenses": 76250000,
        "sellingAndMarketingExpenses": 140250000,
        "sellingGeneralAndAdministrativeExpenses": 216500000,
        "otherExpenses": 16000000,
        "operatingExpenses": 250200000,
        "costAndExpenses": 422900000,
        "interestIncome": 0,
        "interestExpense": -1100000,
        "depreciationAndAmortization": 15900000,
        "ebitda": 48900000,
        "ebitdaratio": 0.1062581486,
        "operatingIncome": 37300000,
        "operatingIncomeRatio": 0.0810517166,
        "totalOtherIncomeExpensesNet": -1100000,
        "incomeBeforeTax": 36200000,
        "incomeBeforeTaxRatio": 0.0786614515,
        "incomeTaxExpense": 16000000,
        "netIncome": 18100000,
        "netIncomeRatio": 0.0393307258,
        "eps": 0.19,
        "epsdiluted": 0.19,
        "weightedAverageShsOut": 93700000,
        "weightedAverageShsOutDil": 93700000,
        "link": "https://www.sec.gov/Archives/edgar/data/891103/000104746911004675/0001047469-11-004675-index.htm",
        "finalLink": "https://www.sec.gov/Archives/edgar/data/891103/000104746911001622/a2201970z10-k.htm"
    },
    {
        "date": "2010-12-31",
        "symbol": "IAC",
        "reportedCurrency": "USD",
        "cik": "0001800227",
        "fillingDate": "2011-03-01",
        "acceptedDate": "2011-03-01 16:10:49",
        "calendarYear": "2010",
        "period": "Q4",
        "revenue": 451400000,
        "costOfRevenue": 174100000,
        "grossProfit": 277300000,
        "grossProfitRatio": 0.6143110323,
        "researchAndDevelopmentExpenses": 19000000,
        "generalAndAdministrativeExpenses": 104547000,
        "sellingAndMarketingExpenses": 113053000,
        "sellingGeneralAndAdministrativeExpenses": 217600000,
        "otherExpenses": 70000000,
        "operatingExpenses": 306600000,
        "costAndExpenses": 480700000,
        "interestIncome": 0,
        "interestExpense": 1437000,
        "depreciationAndAmortization": 34200000,
        "ebitda": 127737000,
        "ebitdaratio": 0.282979619,
        "operatingIncome": -29300000,
        "operatingIncomeRatio": -0.0649091715,
        "totalOtherIncomeExpensesNet": 1700000,
        "incomeBeforeTax": -27600000,
        "incomeBeforeTaxRatio": -0.0611431103,
        "incomeTaxExpense": 5100000,
        "netIncome": 87000000,
        "netIncomeRatio": 0.1927337173,
        "eps": 0.9,
        "epsdiluted": 0.9,
        "weightedAverageShsOut": 96500000,
        "weightedAverageShsOutDil": 96500000,
        "link": "https://www.sec.gov/Archives/edgar/data/891103/000104746911001622/0001047469-11-001622-index.htm",
        "finalLink": "https://www.sec.gov/Archives/edgar/data/891103/000104746911001622/a2201970z10-k.htm"
    },
    {
        "date": "2010-09-30",
        "symbol": "IAC",
        "reportedCurrency": "USD",
        "cik": "0001800227",
        "fillingDate": "2010-10-29",
        "acceptedDate": "2010-10-29 08:45:25",
        "calendarYear": "2010",
        "period": "Q3",
        "revenue": 413000000,
        "costOfRevenue": 147900000,
        "grossProfit": 265100000,
        "grossProfitRatio": 0.6418886199,
        "researchAndDevelopmentExpenses": 16900000,
        "generalAndAdministrativeExpenses": 65608000,
        "sellingAndMarketingExpenses": 127992000,
        "sellingGeneralAndAdministrativeExpenses": 193600000,
        "otherExpenses": 16900000,
        "operatingExpenses": 227400000,
        "costAndExpenses": 375300000,
        "interestIncome": 0,
        "interestExpense": 1321000,
        "depreciationAndAmortization": 16900000,
        "ebitda": 51221000,
        "ebitdaratio": 0.1240217918,
        "operatingIncome": 37700000,
        "operatingIncomeRatio": 0.091283293,
        "totalOtherIncomeExpensesNet": 300000,
        "incomeBeforeTax": 38000000,
        "incomeBeforeTaxRatio": 0.0920096852,
        "incomeTaxExpense": 15500000,
        "netIncome": 17500000,
        "netIncomeRatio": 0.0423728814,
        "eps": 0.16,
        "epsdiluted": 0.16,
        "weightedAverageShsOut": 106200000,
        "weightedAverageShsOutDil": 106200000,
        "link": "https://www.sec.gov/Archives/edgar/data/891103/000104746910008981/0001047469-10-008981-index.htm",
        "finalLink": "https://www.sec.gov/Archives/edgar/data/891103/000104746910008981/a2200601z10-q.htm"
    },
    {
        "date": "2010-06-30",
        "symbol": "IAC",
        "reportedCurrency": "USD",
        "cik": "0001800227",
        "fillingDate": "2010-07-29",
        "acceptedDate": "2010-07-29 16:21:16",
        "calendarYear": "2010",
        "period": "Q2",
        "revenue": 394200000,
        "costOfRevenue": 140600000,
        "grossProfit": 253600000,
        "grossProfitRatio": 0.6433282598,
        "researchAndDevelopmentExpenses": 14400000,
        "generalAndAdministrativeExpenses": 73191000,
        "sellingAndMarketingExpenses": 120009000,
        "sellingGeneralAndAdministrativeExpenses": 193200000,
        "otherExpenses": 21400000,
        "operatingExpenses": 229000000,
        "costAndExpenses": 369600000,
        "interestIncome": 0,
        "interestExpense": -150917000,
        "depreciationAndAmortization": 21300000,
        "ebitda": -110717000,
        "ebitdaratio": -0.2808650431,
        "operatingIncome": 24600000,
        "operatingIncomeRatio": 0.0624048706,
        "totalOtherIncomeExpensesNet": -3900000,
        "incomeBeforeTax": 20700000,
        "incomeBeforeTaxRatio": 0.0525114155,
        "incomeTaxExpense": 5300000,
        "netIncome": 13600000,
        "netIncomeRatio": 0.0345002537,
        "eps": 0.12,
        "epsdiluted": 0.12,
        "weightedAverageShsOut": 112600000,
        "weightedAverageShsOutDil": 112600000,
        "link": "https://www.sec.gov/Archives/edgar/data/891103/000104746910006743/0001047469-10-006743-index.htm",
        "finalLink": "https://www.sec.gov/Archives/edgar/data/891103/000104746910006743/a2199490z10-q.htm"
    },
    {
        "date": "2010-03-31",
        "symbol": "IAC",
        "reportedCurrency": "USD",
        "cik": "0001800227",
        "fillingDate": "2010-04-30",
        "acceptedDate": "2010-04-30 16:09:40",
        "calendarYear": "2010",
        "period": "Q1",
        "revenue": 378200000,
        "costOfRevenue": 131100000,
        "grossProfit": 247100000,
        "grossProfitRatio": 0.6533580116,
        "researchAndDevelopmentExpenses": 14800000,
        "generalAndAdministrativeExpenses": 73148000,
        "sellingAndMarketingExpenses": 131152000,
        "sellingGeneralAndAdministrativeExpenses": 204300000,
        "otherExpenses": 19100000,
        "operatingExpenses": 238200000,
        "costAndExpenses": 369300000,
        "interestIncome": 0,
        "interestExpense": 1323000,
        "depreciationAndAmortization": 19000000,
        "ebitda": 7723000,
        "ebitdaratio": 0.0204204125,
        "operatingIncome": 8900000,
        "operatingIncomeRatio": 0.0235325225,
        "totalOtherIncomeExpensesNet": -17400000,
        "incomeBeforeTax": -8500000,
        "incomeBeforeTaxRatio": -0.022474881,
        "incomeTaxExpense": 6100000,
        "netIncome": -18700000,
        "netIncomeRatio": -0.0494447382,
        "eps": -0.16,
        "epsdiluted": -0.16,
        "weightedAverageShsOut": 116400000,
        "weightedAverageShsOutDil": 116400000,
        "link": "https://www.sec.gov/Archives/edgar/data/891103/000104746910004566/0001047469-10-004566-index.htm",
        "finalLink": "https://www.sec.gov/Archives/edgar/data/891103/000104746910001538/a2196498z10-k.htm"
    },
    {
        "date": "2009-12-31",
        "symbol": "IAC",
        "reportedCurrency": "USD",
        "cik": "0001800227",
        "fillingDate": "2010-02-26",
        "acceptedDate": "2010-02-26 16:27:43",
        "calendarYear": "2009",
        "period": "Q4",
        "revenue": 338100000,
        "costOfRevenue": 106400000,
        "grossProfit": 231700000,
        "grossProfitRatio": 0.685300207,
        "researchAndDevelopmentExpenses": 12800000,
        "generalAndAdministrativeExpenses": 59198000,
        "sellingAndMarketingExpenses": 116102000,
        "sellingGeneralAndAdministrativeExpenses": 175300000,
        "otherExpenses": 1059600000,
        "operatingExpenses": 1247700000,
        "costAndExpenses": 1354100000,
        "interestIncome": 0,
        "interestExpense": 1753000,
        "depreciationAndAmortization": 143700000,
        "ebitda": -911747000,
        "ebitdaratio": -2.6966784975,
        "operatingIncome": -1016000000,
        "operatingIncomeRatio": -3.0050280982,
        "totalOtherIncomeExpensesNet": -21300000,
        "incomeBeforeTax": -1037300000,
        "incomeBeforeTaxRatio": -3.0680272109,
        "incomeTaxExpense": -44300000,
        "netIncome": -1012900000,
        "netIncomeRatio": -2.9958592133,
        "eps": -6.82,
        "epsdiluted": -6.82,
        "weightedAverageShsOut": 148600000,
        "weightedAverageShsOutDil": 148600000,
        "link": "https://www.sec.gov/Archives/edgar/data/891103/000104746910001538/0001047469-10-001538-index.htm",
        "finalLink": "https://www.sec.gov/Archives/edgar/data/891103/000104746910001538/a2196498z10-k.htm"
    },
    {
        "date": "2009-09-30",
        "symbol": "IAC",
        "reportedCurrency": "USD",
        "cik": "0001800227",
        "fillingDate": "2009-10-29",
        "acceptedDate": "2009-10-29 12:47:50",
        "calendarYear": "2009",
        "period": "Q3",
        "revenue": 336600000,
        "costOfRevenue": 106000000,
        "grossProfit": 230600000,
        "grossProfitRatio": 0.6850861557,
        "researchAndDevelopmentExpenses": 13000000,
        "generalAndAdministrativeExpenses": 78165000,
        "sellingAndMarketingExpenses": 106735000,
        "sellingGeneralAndAdministrativeExpenses": 184900000,
        "otherExpenses": 26100000,
        "operatingExpenses": 224000000,
        "costAndExpenses": 330000000,
        "interestIncome": 0,
        "interestExpense": 1345000,
        "depreciationAndAmortization": 25500000,
        "ebitda": 82845000,
        "ebitdaratio": 0.2461229947,
        "operatingIncome": 6600000,
        "operatingIncomeRatio": 0.0196078431,
        "totalOtherIncomeExpensesNet": 51500000,
        "incomeBeforeTax": 58100000,
        "incomeBeforeTaxRatio": 0.1726084373,
        "incomeTaxExpense": 34300000,
        "netIncome": 21700000,
        "netIncomeRatio": 0.0644682115,
        "eps": 0.16,
        "epsdiluted": 0.16,
        "weightedAverageShsOut": 134900000,
        "weightedAverageShsOutDil": 134900000,
        "link": "https://www.sec.gov/Archives/edgar/data/891103/000104746909009281/0001047469-09-009281-index.htm",
        "finalLink": "https://www.sec.gov/Archives/edgar/data/891103/000104746909009281/a2195093z10-q.htm"
    },
    {
        "date": "2009-06-30",
        "symbol": "IAC",
        "reportedCurrency": "USD",
        "cik": "0001800227",
        "fillingDate": "2009-08-07",
        "acceptedDate": "2009-08-07 12:18:57",
        "calendarYear": "2009",
        "period": "Q2",
        "revenue": 340000000,
        "costOfRevenue": 104500000,
        "grossProfit": 235500000,
        "grossProfitRatio": 0.6926470588,
        "researchAndDevelopmentExpenses": 14000000,
        "generalAndAdministrativeExpenses": 63111000,
        "sellingAndMarketingExpenses": 129589000,
        "sellingGeneralAndAdministrativeExpenses": 192700000,
        "otherExpenses": 28800000,
        "operatingExpenses": 235500000,
        "costAndExpenses": 340000000,
        "interestIncome": 0,
        "interestExpense": 1261000,
        "depreciationAndAmortization": 25000000,
        "ebitda": 89161000,
        "ebitdaratio": 0.2622382353,
        "operatingIncome": 665000,
        "operatingIncomeRatio": 0.0019558824,
        "totalOtherIncomeExpensesNet": 64035000,
        "incomeBeforeTax": 64700000,
        "incomeBeforeTaxRatio": 0.1902941176,
        "incomeTaxExpense": 22100000,
        "netIncome": 40800000,
        "netIncomeRatio": 0.12,
        "eps": 0.25,
        "epsdiluted": 0.25,
        "weightedAverageShsOut": 161200000,
        "weightedAverageShsOutDil": 161200000,
        "link": "https://www.sec.gov/Archives/edgar/data/891103/000104746909007368/0001047469-09-007368-index.htm",
        "finalLink": "https://www.sec.gov/Archives/edgar/data/891103/000104746909007368/a2193923z10-q.htm"
    },
    {
        "date": "2009-03-31",
        "symbol": "IAC",
        "reportedCurrency": "USD",
        "cik": "0001800227",
        "fillingDate": "2009-05-07",
        "acceptedDate": "2009-05-06 17:52:15",
        "calendarYear": "2009",
        "period": "Q1",
        "revenue": 332000000,
        "costOfRevenue": 112900000,
        "grossProfit": 219100000,
        "grossProfitRatio": 0.659939759,
        "researchAndDevelopmentExpenses": 18100000,
        "generalAndAdministrativeExpenses": 86587000,
        "sellingAndMarketingExpenses": 122213000,
        "sellingGeneralAndAdministrativeExpenses": 208800000,
        "otherExpenses": 25300000,
        "operatingExpenses": 252200000,
        "costAndExpenses": 365100000,
        "interestIncome": 0,
        "interestExpense": 1464000,
        "depreciationAndAmortization": 24200000,
        "ebitda": -5436000,
        "ebitdaratio": -0.016373494,
        "operatingIncome": -33100000,
        "operatingIncomeRatio": -0.0996987952,
        "totalOtherIncomeExpensesNet": 500000,
        "incomeBeforeTax": -32600000,
        "incomeBeforeTaxRatio": -0.0981927711,
        "incomeTaxExpense": -2700000,
        "netIncome": -28400000,
        "netIncomeRatio": -0.0855421687,
        "eps": -0.19,
        "epsdiluted": -0.19,
        "weightedAverageShsOut": 147800000,
        "weightedAverageShsOutDil": 147800000,
        "link": "https://www.sec.gov/Archives/edgar/data/891103/000104746909005132/0001047469-09-005132-index.htm",
        "finalLink": "https://www.sec.gov/Archives/edgar/data/891103/000104746909002040/a2190666z10-k.htm"
    },
    {
        "date": "2008-12-31",
        "symbol": "IAC",
        "reportedCurrency": "USD",
        "cik": "0001800227",
        "fillingDate": "2009-03-02",
        "acceptedDate": "2009-02-27 21:45:15",
        "calendarYear": "2008",
        "period": "Q4",
        "revenue": 351000000,
        "costOfRevenue": 120200000,
        "grossProfit": 230800000,
        "grossProfitRatio": 0.6575498575,
        "researchAndDevelopmentExpenses": 14700000,
        "generalAndAdministrativeExpenses": 81826000,
        "sellingAndMarketingExpenses": 105574000,
        "sellingGeneralAndAdministrativeExpenses": 187400000,
        "otherExpenses": 84600000,
        "operatingExpenses": 286700000,
        "costAndExpenses": 406900000,
        "interestIncome": 0,
        "interestExpense": 1498000,
        "depreciationAndAmortization": 34700000,
        "ebitda": 329498000,
        "ebitdaratio": 0.9387407407,
        "operatingIncome": -55900000,
        "operatingIncomeRatio": -0.1592592593,
        "totalOtherIncomeExpensesNet": 342300000,
        "incomeBeforeTax": 286400000,
        "incomeBeforeTaxRatio": 0.815954416,
        "incomeTaxExpense": 65900000,
        "netIncome": 227400000,
        "netIncomeRatio": 0.6478632479,
        "eps": 1.57,
        "epsdiluted": 1.57,
        "weightedAverageShsOut": 144800000,
        "weightedAverageShsOutDil": 144800000,
        "link": "https://www.sec.gov/Archives/edgar/data/891103/000104746909002040/0001047469-09-002040-index.htm",
        "finalLink": "https://www.sec.gov/Archives/edgar/data/891103/000104746909002040/a2190666z10-k.htm"
    },
    {
        "date": "2008-09-30",
        "symbol": "IAC",
        "reportedCurrency": "USD",
        "cik": "0001800227",
        "fillingDate": "2008-11-10",
        "acceptedDate": "2008-11-10 16:15:29",
        "calendarYear": "2008",
        "period": "Q3",
        "revenue": 369300000,
        "costOfRevenue": 119800000,
        "grossProfit": 249500000,
        "grossProfitRatio": 0.6756024912,
        "researchAndDevelopmentExpenses": 18400000,
        "generalAndAdministrativeExpenses": -99558000,
        "sellingAndMarketingExpenses": 327758000,
        "sellingGeneralAndAdministrativeExpenses": 228200000,
        "otherExpenses": 88700000,
        "operatingExpenses": 335300000,
        "costAndExpenses": 455100000,
        "interestIncome": 0,
        "interestExpense": 30866000,
        "depreciationAndAmortization": 25700000,
        "ebitda": -43534000,
        "ebitdaratio": -0.1178824804,
        "operatingIncome": -85900000,
        "operatingIncomeRatio": -0.2326022204,
        "totalOtherIncomeExpensesNet": -700000,
        "incomeBeforeTax": -86600000,
        "incomeBeforeTaxRatio": -0.2344976983,
        "incomeTaxExpense": -85300000,
        "netIncome": -14800000,
        "netIncomeRatio": -0.0400758191,
        "eps": -0.11,
        "epsdiluted": -0.11,
        "weightedAverageShsOut": 140100000,
        "weightedAverageShsOutDil": 140100000,
        "link": "https://www.sec.gov/Archives/edgar/data/891103/000104746908011911/0001047469-08-011911-index.htm",
        "finalLink": "https://www.sec.gov/Archives/edgar/data/891103/000104746908011911/a2188892z10-q.htm"
    },
    {
        "date": "2008-06-30",
        "symbol": "IAC",
        "reportedCurrency": "USD",
        "cik": "0001800227",
        "fillingDate": "2008-08-06",
        "acceptedDate": "2008-08-06 16:38:53",
        "calendarYear": "2008",
        "period": "Q2",
        "revenue": 354200000,
        "costOfRevenue": 107200000,
        "grossProfit": 247000000,
        "grossProfitRatio": 0.6973461321,
        "researchAndDevelopmentExpenses": 17100000,
        "generalAndAdministrativeExpenses": -91287000,
        "sellingAndMarketingExpenses": 302587000,
        "sellingGeneralAndAdministrativeExpenses": 211300000,
        "otherExpenses": 159500000,
        "operatingExpenses": 387900000,
        "costAndExpenses": 495100000,
        "interestIncome": 0,
        "interestExpense": 14526000,
        "depreciationAndAmortization": 25000000,
        "ebitda": -404374000,
        "ebitdaratio": -1.1416544325,
        "operatingIncome": -140900000,
        "operatingIncomeRatio": -0.3977978543,
        "totalOtherIncomeExpensesNet": 34000000,
        "incomeBeforeTax": -106900000,
        "incomeBeforeTaxRatio": -0.3018068888,
        "incomeTaxExpense": -22300000,
        "netIncome": -421600000,
        "netIncomeRatio": -1.1902879729,
        "eps": -3.02,
        "epsdiluted": -3.02,
        "weightedAverageShsOut": 139400000,
        "weightedAverageShsOutDil": 139400000,
        "link": "https://www.sec.gov/Archives/edgar/data/891103/000104746908008816/0001047469-08-008816-index.htm",
        "finalLink": "https://www.sec.gov/Archives/edgar/data/891103/000104746908008816/a2187174z10-q.htm"
    },
    {
        "date": "2008-03-31",
        "symbol": "IAC",
        "reportedCurrency": "USD",
        "cik": "0001800227",
        "fillingDate": "2008-05-07",
        "acceptedDate": "2008-05-07 16:08:09",
        "calendarYear": "2008",
        "period": "Q1",
        "revenue": 370700000,
        "costOfRevenue": 130300000,
        "grossProfit": 240400000,
        "grossProfitRatio": 0.6485028325,
        "researchAndDevelopmentExpenses": 21500000,
        "generalAndAdministrativeExpenses": -132497000,
        "sellingAndMarketingExpenses": 337197000,
        "sellingGeneralAndAdministrativeExpenses": 204700000,
        "otherExpenses": 23000000,
        "operatingExpenses": 249200000,
        "costAndExpenses": 379500000,
        "interestIncome": 0,
        "interestExpense": 12851000,
        "depreciationAndAmortization": 25400000,
        "ebitda": 95051000,
        "ebitdaratio": 0.2564094955,
        "operatingIncome": -8800000,
        "operatingIncomeRatio": -0.0237388724,
        "totalOtherIncomeExpensesNet": 9400000,
        "incomeBeforeTax": 600000,
        "incomeBeforeTaxRatio": 0.0016185595,
        "incomeTaxExpense": 4000000,
        "netIncome": 52800000,
        "netIncomeRatio": 0.1424332344,
        "eps": 0.38,
        "epsdiluted": 0.38,
        "weightedAverageShsOut": 139400000,
        "weightedAverageShsOutDil": 139400000,
        "link": "https://www.sec.gov/Archives/edgar/data/891103/000104746908006147/0001047469-08-006147-index.htm",
        "finalLink": "https://www.sec.gov/Archives/edgar/data/891103/000104746908002034/a2182953z10-k.htm"
    },
    {
        "date": "2007-12-31",
        "symbol": "IAC",
        "reportedCurrency": "USD",
        "cik": "0001800227",
        "fillingDate": "2008-02-29",
        "acceptedDate": "2008-02-29 14:45:34",
        "calendarYear": "2007",
        "period": "Q4",
        "revenue": 378900000,
        "costOfRevenue": 165300000,
        "grossProfit": 213600000,
        "grossProfitRatio": 0.5637371338,
        "researchAndDevelopmentExpenses": 13300000,
        "generalAndAdministrativeExpenses": -831206000,
        "sellingAndMarketingExpenses": 1040406000,
        "sellingGeneralAndAdministrativeExpenses": 209200000,
        "otherExpenses": 25200000,
        "operatingExpenses": 247700000,
        "costAndExpenses": 413000000,
        "interestIncome": 0,
        "interestExpense": 45623000,
        "depreciationAndAmortization": 25300000,
        "ebitda": -299977000,
        "ebitdaratio": -0.7917049353,
        "operatingIncome": -34200000,
        "operatingIncomeRatio": -0.0902612827,
        "totalOtherIncomeExpensesNet": 35400000,
        "incomeBeforeTax": 1200000,
        "incomeBeforeTaxRatio": 0.0031670625,
        "incomeTaxExpense": -1000000,
        "netIncome": -369900000,
        "netIncomeRatio": -0.9762470309,
        "eps": -2.61,
        "epsdiluted": -2.61,
        "weightedAverageShsOut": 141600000,
        "weightedAverageShsOutDil": 141600000,
        "link": "https://www.sec.gov/Archives/edgar/data/891103/000104746908002034/0001047469-08-002034-index.htm",
        "finalLink": "https://www.sec.gov/Archives/edgar/data/891103/000104746908002034/a2182953z10-k.htm"
    },
    {
        "date": "2007-09-30",
        "symbol": "IAC",
        "reportedCurrency": "USD",
        "cik": "0001800227",
        "fillingDate": "2007-11-09",
        "acceptedDate": "2007-11-09 13:06:27",
        "calendarYear": "2007",
        "period": "Q3",
        "revenue": 335400000,
        "costOfRevenue": 140600000,
        "grossProfit": 194800000,
        "grossProfitRatio": 0.5807990459,
        "researchAndDevelopmentExpenses": 0,
        "generalAndAdministrativeExpenses": -147536000,
        "sellingAndMarketingExpenses": 303136000,
        "sellingGeneralAndAdministrativeExpenses": 155600000,
        "otherExpenses": 37500000,
        "operatingExpenses": 193100000,
        "costAndExpenses": 333700000,
        "interestIncome": 0,
        "interestExpense": 15446000,
        "depreciationAndAmortization": -62700000,
        "ebitda": 34346000,
        "ebitdaratio": 0.1024031008,
        "operatingIncome": 1700000,
        "operatingIncomeRatio": 0.0050685748,
        "totalOtherIncomeExpensesNet": 12900000,
        "incomeBeforeTax": 14600000,
        "incomeBeforeTaxRatio": 0.0435301133,
        "incomeTaxExpense": 11100000,
        "netIncome": 70500000,
        "netIncomeRatio": 0.21019678,
        "eps": 0.49,
        "epsdiluted": 0.49,
        "weightedAverageShsOut": 144800000,
        "weightedAverageShsOutDil": 144800000,
        "link": "https://www.sec.gov/Archives/edgar/data/891103/000104746907008848/0001047469-07-008848-index.htm",
        "finalLink": "https://www.sec.gov/Archives/edgar/data/891103/000104746907008848/a2180747z10-q.htm"
    },
    {
        "date": "2007-06-30",
        "symbol": "IAC",
        "reportedCurrency": "USD",
        "cik": "0001800227",
        "fillingDate": "2007-08-09",
        "acceptedDate": "2007-08-09 14:30:51",
        "calendarYear": "2007",
        "period": "Q2",
        "revenue": -851400000,
        "costOfRevenue": 518200000,
        "grossProfit": -1369600000,
        "grossProfitRatio": 1.6086445854,
        "researchAndDevelopmentExpenses": 0,
        "generalAndAdministrativeExpenses": -490489000,
        "sellingAndMarketingExpenses": 332989000,
        "sellingGeneralAndAdministrativeExpenses": -157500000,
        "otherExpenses": -30199999.99999994,
        "operatingExpenses": -187699999.99999994,
        "costAndExpenses": -705900000,
        "interestIncome": 0,
        "interestExpense": 15546000,
        "depreciationAndAmortization": 64900000,
        "ebitda": 124946000,
        "ebitdaratio": -0.1467535823,
        "operatingIncome": -145500000,
        "operatingIncomeRatio": 0.1708949965,
        "totalOtherIncomeExpensesNet": 13400000,
        "incomeBeforeTax": -132100000,
        "incomeBeforeTaxRatio": 0.1551562133,
        "incomeTaxExpense": -50100000,
        "netIncome": 94600000,
        "netIncomeRatio": -0.1111111111,
        "eps": 0.69,
        "epsdiluted": 0.69,
        "weightedAverageShsOut": 136600000,
        "weightedAverageShsOutDil": 136600000,
        "link": "https://www.sec.gov/Archives/edgar/data/891103/000110465907060769/0001104659-07-060769-index.htm",
        "finalLink": "https://www.sec.gov/Archives/edgar/data/891103/000110465907060769/a07-19310_110q.htm"
    },
    {
        "date": "2007-03-31",
        "symbol": "IAC",
        "reportedCurrency": "USD",
        "cik": "0001800227",
        "fillingDate": "2007-05-10",
        "acceptedDate": "2007-05-10 14:29:51",
        "calendarYear": "2007",
        "period": "Q1",
        "revenue": 1469700000,
        "costOfRevenue": 766600000,
        "grossProfit": 703100000,
        "grossProfitRatio": 0.4783969518,
        "researchAndDevelopmentExpenses": 0,
        "generalAndAdministrativeExpenses": 162820000,
        "sellingAndMarketingExpenses": 344680000,
        "sellingGeneralAndAdministrativeExpenses": 507500000,
        "otherExpenses": 96200000,
        "operatingExpenses": 603700000,
        "costAndExpenses": 1370300000,
        "interestIncome": 0,
        "interestExpense": 15069000,
        "depreciationAndAmortization": 68100000,
        "ebitda": 186269000,
        "ebitdaratio": 0.1267394706,
        "operatingIncome": 99500000,
        "operatingIncomeRatio": 0.0677008913,
        "totalOtherIncomeExpensesNet": 12700000,
        "incomeBeforeTax": 112200000,
        "incomeBeforeTaxRatio": 0.0763421106,
        "incomeTaxExpense": 42300000,
        "netIncome": 60800000,
        "netIncomeRatio": 0.0413689869,
        "eps": 0.4,
        "epsdiluted": 0.4,
        "weightedAverageShsOut": 152300000,
        "weightedAverageShsOutDil": 152300000,
        "link": "https://www.sec.gov/Archives/edgar/data/891103/000110465907038166/0001104659-07-038166-index.htm",
        "finalLink": "https://www.sec.gov/Archives/edgar/data/891103/000104746907001535/a2176367z10-k.htm"
    },
    {
        "date": "2006-12-31",
        "symbol": "IAC",
        "reportedCurrency": "USD",
        "cik": "0001800227",
        "fillingDate": "2007-03-01",
        "acceptedDate": "2007-03-01 16:58:45",
        "calendarYear": "2006",
        "period": "Q4",
        "revenue": 1720100000,
        "costOfRevenue": 879200000,
        "grossProfit": 840900000,
        "grossProfitRatio": 0.4888669263,
        "researchAndDevelopmentExpenses": 0,
        "generalAndAdministrativeExpenses": -466642000,
        "sellingAndMarketingExpenses": 1007242000,
        "sellingGeneralAndAdministrativeExpenses": 540600000,
        "otherExpenses": 311200000,
        "operatingExpenses": 851800000,
        "costAndExpenses": 1731000000,
        "interestIncome": 0,
        "interestExpense": 45557000,
        "depreciationAndAmortization": -145800000,
        "ebitda": -91243000,
        "ebitdaratio": -0.0530451718,
        "operatingIncome": -10900000,
        "operatingIncomeRatio": -0.0063368409,
        "totalOtherIncomeExpensesNet": 2800000,
        "incomeBeforeTax": -8100000,
        "incomeBeforeTaxRatio": -0.0047090285,
        "incomeTaxExpense": -6300000,
        "netIncome": 15300000,
        "netIncomeRatio": 0.0088948317,
        "eps": 0.1,
        "epsdiluted": 0.1,
        "weightedAverageShsOut": 146900000,
        "weightedAverageShsOutDil": 146900000,
        "link": "https://www.sec.gov/Archives/edgar/data/891103/000104746907001535/0001047469-07-001535-index.htm",
        "finalLink": "https://www.sec.gov/Archives/edgar/data/891103/000104746907001535/a2176367z10-k.htm"
    },
    {
        "date": "2006-09-30",
        "symbol": "IAC",
        "reportedCurrency": "USD",
        "cik": "0001800227",
        "fillingDate": "2006-11-07",
        "acceptedDate": "2006-11-07 17:15:04",
        "calendarYear": "2006",
        "period": "Q3",
        "revenue": 1403700000,
        "costOfRevenue": 705900000,
        "grossProfit": 697800000,
        "grossProfitRatio": 0.4971147681,
        "researchAndDevelopmentExpenses": 0,
        "generalAndAdministrativeExpenses": 194732000,
        "sellingAndMarketingExpenses": 304668000,
        "sellingGeneralAndAdministrativeExpenses": 499400000,
        "otherExpenses": 97200000,
        "operatingExpenses": 596600000,
        "costAndExpenses": 1302500000,
        "interestIncome": 0,
        "interestExpense": 14731000,
        "depreciationAndAmortization": 67600000,
        "ebitda": 203831000,
        "ebitdaratio": 0.1452098027,
        "operatingIncome": 101300000,
        "operatingIncomeRatio": 0.0721664173,
        "totalOtherIncomeExpensesNet": 13200000,
        "incomeBeforeTax": 114500000,
        "incomeBeforeTaxRatio": 0.0815701361,
        "incomeTaxExpense": 50800000,
        "netIncome": 70700000,
        "netIncomeRatio": 0.0503668875,
        "eps": 0.52,
        "epsdiluted": 0.52,
        "weightedAverageShsOut": 134700000,
        "weightedAverageShsOutDil": 134700000,
        "link": "https://www.sec.gov/Archives/edgar/data/891103/000104746906013654/0001047469-06-013654-index.htm",
        "finalLink": "https://www.sec.gov/Archives/edgar/data/891103/000104746906013654/a2174267z10-q.htm"
    },
    {
        "date": "2006-06-30",
        "symbol": "IAC",
        "reportedCurrency": "USD",
        "cik": "0001800227",
        "fillingDate": "2006-08-09",
        "acceptedDate": "2006-08-09 16:27:02",
        "calendarYear": "2006",
        "period": "Q2",
        "revenue": 1431600000,
        "costOfRevenue": 718600000,
        "grossProfit": 713000000,
        "grossProfitRatio": 0.4980441464,
        "researchAndDevelopmentExpenses": 0,
        "generalAndAdministrativeExpenses": 509047000,
        "sellingAndMarketingExpenses": 12353000,
        "sellingGeneralAndAdministrativeExpenses": 521400000,
        "otherExpenses": 110100000,
        "operatingExpenses": 631500000,
        "costAndExpenses": 1350100000,
        "interestIncome": 0,
        "interestExpense": 695000,
        "depreciationAndAmortization": 81300000,
        "ebitda": 178195000,
        "ebitdaratio": 0.124472618,
        "operatingIncome": 81500000,
        "operatingIncomeRatio": 0.0569293099,
        "totalOtherIncomeExpensesNet": 18100000,
        "incomeBeforeTax": 99600000,
        "incomeBeforeTaxRatio": 0.0695725063,
        "incomeTaxExpense": 42400000,
        "netIncome": 53800000,
        "netIncomeRatio": 0.0375803297,
        "eps": 0.33,
        "epsdiluted": 0.33,
        "weightedAverageShsOut": 162100000,
        "weightedAverageShsOutDil": 162100000,
        "link": "https://www.sec.gov/Archives/edgar/data/891103/000104746906010653/0001047469-06-010653-index.htm",
        "finalLink": "https://www.sec.gov/Archives/edgar/data/891103/000104746906010653/a2172421z10-q.htm"
    },
    {
        "date": "2006-03-31",
        "symbol": "IAC",
        "reportedCurrency": "USD",
        "cik": "0001800227",
        "fillingDate": "2006-05-10",
        "acceptedDate": "2006-05-10 16:35:12",
        "calendarYear": "2006",
        "period": "Q1",
        "revenue": 1353400000,
        "costOfRevenue": 676700000,
        "grossProfit": 676700000,
        "grossProfitRatio": 0.5,
        "researchAndDevelopmentExpenses": 0,
        "generalAndAdministrativeExpenses": 167447000,
        "sellingAndMarketingExpenses": 322253000,
        "sellingGeneralAndAdministrativeExpenses": 489700000,
        "otherExpenses": 118100000,
        "operatingExpenses": 607800000,
        "costAndExpenses": 1284500000,
        "interestIncome": 0,
        "interestExpense": 15156000,
        "depreciationAndAmortization": 92000000,
        "ebitda": 186656000,
        "ebitdaratio": 0.1379163588,
        "operatingIncome": 68900000,
        "operatingIncomeRatio": 0.0509088222,
        "totalOtherIncomeExpensesNet": 8200000,
        "incomeBeforeTax": 77100000,
        "incomeBeforeTaxRatio": 0.0569676371,
        "incomeTaxExpense": 32300000,
        "netIncome": 47200000,
        "netIncomeRatio": 0.0348751293,
        "eps": 0.28,
        "epsdiluted": 0.28,
        "weightedAverageShsOut": 168600000,
        "weightedAverageShsOutDil": 168600000,
        "link": "https://www.sec.gov/Archives/edgar/data/891103/000104746906006818/0001047469-06-006818-index.htm",
        "finalLink": "https://www.sec.gov/Archives/edgar/data/891103/000104746906003277/a2168042z10-k.htm"
    },
    {
        "date": "2005-12-31",
        "symbol": "IAC",
        "reportedCurrency": "USD",
        "cik": "0001800227",
        "fillingDate": "2006-03-13",
        "acceptedDate": "2006-03-13 14:42:58",
        "calendarYear": "2005",
        "period": "Q4",
        "revenue": 1691300000,
        "costOfRevenue": 871100000,
        "grossProfit": 820200000,
        "grossProfitRatio": 0.4849524035,
        "researchAndDevelopmentExpenses": 0,
        "generalAndAdministrativeExpenses": -176484000,
        "sellingAndMarketingExpenses": 684384000,
        "sellingGeneralAndAdministrativeExpenses": 507900000,
        "otherExpenses": 121800000,
        "operatingExpenses": 629700000,
        "costAndExpenses": 1500800000,
        "interestIncome": 0,
        "interestExpense": 66566000,
        "depreciationAndAmortization": 70200000,
        "ebitda": 325466000,
        "ebitdaratio": 0.1924354047,
        "operatingIncome": 190500000,
        "operatingIncomeRatio": 0.112635251,
        "totalOtherIncomeExpensesNet": 4900000,
        "incomeBeforeTax": 195400000,
        "incomeBeforeTaxRatio": 0.1155324307,
        "incomeTaxExpense": 75600000,
        "netIncome": 113100000,
        "netIncomeRatio": 0.0668716372,
        "eps": 0.66,
        "epsdiluted": 0.66,
        "weightedAverageShsOut": 172000000,
        "weightedAverageShsOutDil": 172000000,
        "link": "https://www.sec.gov/Archives/edgar/data/891103/000104746906003277/0001047469-06-003277-index.htm",
        "finalLink": "https://www.sec.gov/Archives/edgar/data/891103/000104746906003277/a2168042z10-k.htm"
    },
    {
        "date": "2005-09-30",
        "symbol": "IAC",
        "reportedCurrency": "USD",
        "cik": "0001800227",
        "fillingDate": "2005-11-09",
        "acceptedDate": "2005-11-09 17:15:15",
        "calendarYear": "2005",
        "period": "Q3",
        "revenue": 1221000000,
        "costOfRevenue": 588300000,
        "grossProfit": 632700000,
        "grossProfitRatio": 0.5181818182,
        "researchAndDevelopmentExpenses": 0,
        "generalAndAdministrativeExpenses": 231222000,
        "sellingAndMarketingExpenses": 264378000,
        "sellingGeneralAndAdministrativeExpenses": 495600000,
        "otherExpenses": 107200000,
        "operatingExpenses": 602800000,
        "costAndExpenses": 1191100000,
        "interestIncome": 0,
        "interestExpense": 11108000,
        "depreciationAndAmortization": 87900000,
        "ebitda": 179608000,
        "ebitdaratio": 0.1470990991,
        "operatingIncome": 29900000,
        "operatingIncomeRatio": 0.0244881245,
        "totalOtherIncomeExpensesNet": 23100000,
        "incomeBeforeTax": 53000000,
        "incomeBeforeTaxRatio": 0.0434070434,
        "incomeTaxExpense": 11100000,
        "netIncome": 69500000,
        "netIncomeRatio": 0.0569205569,
        "eps": 0.35,
        "epsdiluted": 0.35,
        "weightedAverageShsOut": 198500000,
        "weightedAverageShsOutDil": 198500000,
        "link": "https://www.sec.gov/Archives/edgar/data/891103/000091205705000256/0000912057-05-000256-index.htm",
        "finalLink": "https://www.sec.gov/Archives/edgar/data/891103/000091205705000256/a2164849z10-q.htm"
    },
    {
        "date": "2005-06-30",
        "symbol": "IAC",
        "reportedCurrency": "USD",
        "cik": "0001800227",
        "fillingDate": "2005-08-08",
        "acceptedDate": "2005-08-08 16:51:32",
        "calendarYear": "2005",
        "period": "Q2",
        "revenue": 1371800000,
        "costOfRevenue": 770400000,
        "grossProfit": 601400000,
        "grossProfitRatio": 0.4384020994,
        "researchAndDevelopmentExpenses": 0,
        "generalAndAdministrativeExpenses": 351292000,
        "sellingAndMarketingExpenses": 83808000,
        "sellingGeneralAndAdministrativeExpenses": 435100000,
        "otherExpenses": 100700000,
        "operatingExpenses": 535800000,
        "costAndExpenses": 1306200000,
        "interestIncome": 0,
        "interestExpense": -2717000,
        "depreciationAndAmortization": 75700000,
        "ebitda": 956883000,
        "ebitdaratio": 0.6975382709,
        "operatingIncome": 65600000,
        "operatingIncomeRatio": 0.047820382,
        "totalOtherIncomeExpensesNet": 606400000,
        "incomeBeforeTax": 672000000,
        "incomeBeforeTaxRatio": 0.4898673276,
        "incomeTaxExpense": 262500000,
        "netIncome": 621400000,
        "netIncomeRatio": 0.4529814842,
        "eps": 3.55,
        "epsdiluted": 3.55,
        "weightedAverageShsOut": 175100000,
        "weightedAverageShsOutDil": 175100000,
        "link": "https://www.sec.gov/Archives/edgar/data/891103/000104746905021015/0001047469-05-021015-index.htm",
        "finalLink": "https://www.sec.gov/Archives/edgar/data/891103/000104746905021015/a2161833z10-q.htm"
    },
    {
        "date": "2005-03-31",
        "symbol": "IAC",
        "reportedCurrency": "USD",
        "cik": "0001800227",
        "fillingDate": "2005-05-10",
        "acceptedDate": "2005-05-10 13:19:27",
        "calendarYear": "2005",
        "period": "Q1",
        "revenue": 1132400000,
        "costOfRevenue": 632800000,
        "grossProfit": 499600000,
        "grossProfitRatio": 0.4411868598,
        "researchAndDevelopmentExpenses": 0,
        "generalAndAdministrativeExpenses": 2016000,
        "sellingAndMarketingExpenses": 339284000,
        "sellingGeneralAndAdministrativeExpenses": 341300000,
        "otherExpenses": 103300000,
        "operatingExpenses": 444600000,
        "costAndExpenses": 1077400000,
        "interestIncome": 0,
        "interestExpense": 21663000,
        "depreciationAndAmortization": 78400000,
        "ebitda": 212863000,
        "ebitdaratio": 0.1879750971,
        "operatingIncome": 55000000,
        "operatingIncomeRatio": 0.0485694101,
        "totalOtherIncomeExpensesNet": 12900000,
        "incomeBeforeTax": 67900000,
        "incomeBeforeTaxRatio": 0.0599611445,
        "incomeTaxExpense": 40600000,
        "netIncome": 72200000,
        "netIncomeRatio": 0.0637583893,
        "eps": 0.4,
        "epsdiluted": 0.4,
        "weightedAverageShsOut": 182300000,
        "weightedAverageShsOutDil": 182300000,
        "link": "https://www.sec.gov/Archives/edgar/data/891103/000104746905014128/0001047469-05-014128-index.htm",
        "finalLink": "https://www.sec.gov/Archives/edgar/data/891103/000104746905006738/a2153253z10-k.htm"
    },
    {
        "date": "2004-12-31",
        "symbol": "IAC",
        "reportedCurrency": "USD",
        "cik": "0001800227",
        "fillingDate": "2005-03-16",
        "acceptedDate": "2005-03-16 15:46:56",
        "calendarYear": "2004",
        "period": "Q4",
        "revenue": 1235200000,
        "costOfRevenue": 690700000,
        "grossProfit": 544500000,
        "grossProfitRatio": 0.4408193005,
        "researchAndDevelopmentExpenses": 0,
        "generalAndAdministrativeExpenses": 35042000,
        "sellingAndMarketingExpenses": 286158000,
        "sellingGeneralAndAdministrativeExpenses": 321200000,
        "otherExpenses": 307600000,
        "operatingExpenses": 628800000,
        "costAndExpenses": 1319500000,
        "interestIncome": 0,
        "interestExpense": 23795000,
        "depreciationAndAmortization": 64900000,
        "ebitda": 66795000,
        "ebitdaratio": 0.054076263,
        "operatingIncome": -84300000,
        "operatingIncomeRatio": -0.068248057,
        "totalOtherIncomeExpensesNet": 52400000,
        "incomeBeforeTax": -31900000,
        "incomeBeforeTaxRatio": -0.0258257772,
        "incomeTaxExpense": 20700000,
        "netIncome": -42600000,
        "netIncomeRatio": -0.034488342,
        "eps": -0.23,
        "epsdiluted": -0.23,
        "weightedAverageShsOut": 184100000,
        "weightedAverageShsOutDil": 184100000,
        "link": "https://www.sec.gov/Archives/edgar/data/891103/000104746905006738/0001047469-05-006738-index.htm",
        "finalLink": "https://www.sec.gov/Archives/edgar/data/891103/000104746905006738/a2153253z10-k.htm"
    },
    {
        "date": "2004-09-30",
        "symbol": "IAC",
        "reportedCurrency": "USD",
        "cik": "0001800227",
        "fillingDate": "2004-11-09",
        "acceptedDate": "2004-11-09 15:59:19",
        "calendarYear": "2004",
        "period": "Q3",
        "revenue": 957300000,
        "costOfRevenue": 545200000,
        "grossProfit": 412100000,
        "grossProfitRatio": 0.4304815627,
        "researchAndDevelopmentExpenses": 0,
        "generalAndAdministrativeExpenses": -616159700000,
        "sellingAndMarketingExpenses": 616432000000,
        "sellingGeneralAndAdministrativeExpenses": 272300000,
        "otherExpenses": 123000000,
        "operatingExpenses": 395300000,
        "costAndExpenses": 940500000,
        "interestIncome": 0,
        "interestExpense": 42809000000,
        "depreciationAndAmortization": 6600000,
        "ebitda": 42914500000,
        "ebitdaratio": 44.8286848428,
        "operatingIncome": 16800000,
        "operatingIncomeRatio": 0.0175493576,
        "totalOtherIncomeExpensesNet": 24600000,
        "incomeBeforeTax": 41400000,
        "incomeBeforeTaxRatio": 0.0432466312,
        "incomeTaxExpense": 6200000,
        "netIncome": 92700000,
        "netIncomeRatio": 0.096834848,
        "eps": 0.51,
        "epsdiluted": 0.51,
        "weightedAverageShsOut": 162244269,
        "weightedAverageShsOutDil": 162244269,
        "link": "https://www.sec.gov/Archives/edgar/data/891103/000110465904034720/0001104659-04-034720-index.htm",
        "finalLink": "https://www.sec.gov/Archives/edgar/data/891103/000110465904034720/a04-12872_110q.htm"
    },
    {
        "date": "2004-06-30",
        "symbol": "IAC",
        "reportedCurrency": "USD",
        "cik": "0001800227",
        "fillingDate": "2004-08-09",
        "acceptedDate": "2004-08-09 16:27:03",
        "calendarYear": "2004",
        "period": "Q2",
        "revenue": 563300000,
        "costOfRevenue": 470000000,
        "grossProfit": 93300000,
        "grossProfitRatio": 0.1656311024,
        "researchAndDevelopmentExpenses": 0,
        "generalAndAdministrativeExpenses": 11940000,
        "sellingAndMarketingExpenses": -8640000,
        "sellingGeneralAndAdministrativeExpenses": 3300000,
        "otherExpenses": 83400000,
        "operatingExpenses": 86700000,
        "costAndExpenses": 556700000,
        "interestIncome": 0,
        "interestExpense": 29000,
        "depreciationAndAmortization": 118800000,
        "ebitda": 210629000,
        "ebitdaratio": 0.3739197586,
        "operatingIncome": 6600000,
        "operatingIncomeRatio": 0.0117166696,
        "totalOtherIncomeExpensesNet": 42900000,
        "incomeBeforeTax": 49500000,
        "incomeBeforeTaxRatio": 0.0878750222,
        "incomeTaxExpense": 18600000,
        "netIncome": 73200000,
        "netIncomeRatio": 0.1299485177,
        "eps": 0.38,
        "epsdiluted": 0.38,
        "weightedAverageShsOut": 162244269,
        "weightedAverageShsOutDil": 162244269,
        "link": "https://www.sec.gov/Archives/edgar/data/891103/000104746904025839/0001047469-04-025839-index.htm",
        "finalLink": "https://www.sec.gov/Archives/edgar/data/891103/000104746904025839/a2141440z10-q.htm"
    },
    {
        "date": "2004-03-31",
        "symbol": "IAC",
        "reportedCurrency": "USD",
        "cik": "0001800227",
        "fillingDate": "2004-05-10",
        "acceptedDate": "2004-05-10 16:41:59",
        "calendarYear": "2004",
        "period": "Q1",
        "revenue": 1432500000,
        "costOfRevenue": 690300000,
        "grossProfit": 742200000,
        "grossProfitRatio": 0.5181151832,
        "researchAndDevelopmentExpenses": 0,
        "generalAndAdministrativeExpenses": 234880000,
        "sellingAndMarketingExpenses": 309420000,
        "sellingGeneralAndAdministrativeExpenses": 544300000,
        "otherExpenses": 157200000,
        "operatingExpenses": 701500000,
        "costAndExpenses": 1391800000,
        "interestIncome": 0,
        "interestExpense": 20755000,
        "depreciationAndAmortization": 121900000,
        "ebitda": 212955000,
        "ebitdaratio": 0.1486596859,
        "operatingIncome": 40700000,
        "operatingIncomeRatio": 0.0284118674,
        "totalOtherIncomeExpensesNet": 32600000,
        "incomeBeforeTax": 73300000,
        "incomeBeforeTaxRatio": 0.0511692845,
        "incomeTaxExpense": 28800000,
        "netIncome": 41500000,
        "netIncomeRatio": 0.0289703316,
        "eps": 0.22,
        "epsdiluted": 0.22,
        "weightedAverageShsOut": 162244269,
        "weightedAverageShsOutDil": 162244269,
        "link": "https://www.sec.gov/Archives/edgar/data/891103/000104746904016666/0001047469-04-016666-index.htm",
        "finalLink": "https://www.sec.gov/Archives/edgar/data/891103/000104746904008077/a2131189z10-k.htm"
    },
    {
        "date": "2003-12-31",
        "symbol": "IAC",
        "reportedCurrency": "USD",
        "cik": "0001800227",
        "fillingDate": "2004-03-15",
        "acceptedDate": "2004-03-15 19:59:52",
        "calendarYear": "2003",
        "period": "Q4",
        "revenue": -700000000,
        "costOfRevenue": 261700000,
        "grossProfit": -961700000,
        "grossProfitRatio": 1.3738571429,
        "researchAndDevelopmentExpenses": 0,
        "generalAndAdministrativeExpenses": -1028285000,
        "sellingAndMarketingExpenses": 682485000,
        "sellingGeneralAndAdministrativeExpenses": -345800000,
        "otherExpenses": -9200000.00000006,
        "operatingExpenses": -355000000.00000006,
        "costAndExpenses": -616600000,
        "interestIncome": 0,
        "interestExpense": 72272000,
        "depreciationAndAmortization": 17800000,
        "ebitda": 211272000,
        "ebitdaratio": -0.3018171429,
        "operatingIncome": -83400000,
        "operatingIncomeRatio": 0.1191428571,
        "totalOtherIncomeExpensesNet": 24700000,
        "incomeBeforeTax": -58700000,
        "incomeBeforeTaxRatio": 0.0838571429,
        "incomeTaxExpense": -34800000,
        "netIncome": 156000000,
        "netIncomeRatio": -0.2228571429,
        "eps": 0.99,
        "epsdiluted": 0.99,
        "weightedAverageShsOut": 158300000,
        "weightedAverageShsOutDil": 158300000,
        "link": "https://www.sec.gov/Archives/edgar/data/891103/000104746904008077/0001047469-04-008077-index.htm",
        "finalLink": "https://www.sec.gov/Archives/edgar/data/891103/000104746904008077/a2131189z10-k.htm"
    },
    {
        "date": "2003-09-30",
        "symbol": "IAC",
        "reportedCurrency": "USD",
        "cik": "0001800227",
        "fillingDate": "2003-11-14",
        "acceptedDate": "2003-11-14 17:11:42",
        "calendarYear": "2003",
        "period": "Q3",
        "revenue": 1610300000,
        "costOfRevenue": 883600000,
        "grossProfit": 726700000,
        "grossProfitRatio": 0.4512823697,
        "researchAndDevelopmentExpenses": 0,
        "generalAndAdministrativeExpenses": 511792000,
        "sellingAndMarketingExpenses": 28708000,
        "sellingGeneralAndAdministrativeExpenses": 540500000,
        "otherExpenses": 175300000,
        "operatingExpenses": 715800000,
        "costAndExpenses": 1599400000,
        "interestIncome": 0,
        "interestExpense": -1699000,
        "depreciationAndAmortization": 127400000,
        "ebitda": 160801000,
        "ebitdaratio": 0.0998577905,
        "operatingIncome": 10900000,
        "operatingIncomeRatio": 0.006768925,
        "totalOtherIncomeExpensesNet": 32800000,
        "incomeBeforeTax": 43700000,
        "incomeBeforeTaxRatio": 0.0271378004,
        "incomeTaxExpense": 13100000,
        "netIncome": 22000000,
        "netIncomeRatio": 0.0136620505,
        "eps": 0.12,
        "epsdiluted": 0.12,
        "weightedAverageShsOut": 181400000,
        "weightedAverageShsOutDil": 181400000,
        "link": "https://www.sec.gov/Archives/edgar/data/891103/000104746903037550/0001047469-03-037550-index.htm",
        "finalLink": "https://www.sec.gov/Archives/edgar/data/891103/000104746903037550/a2122483z10-q.htm"
    },
    {
        "date": "2003-06-30",
        "symbol": "IAC",
        "reportedCurrency": "USD",
        "cik": "0001800227",
        "fillingDate": "2003-08-12",
        "acceptedDate": "2003-08-12 17:22:32",
        "calendarYear": "2003",
        "period": "Q2",
        "revenue": 1526500000,
        "costOfRevenue": 839700000,
        "grossProfit": 686800000,
        "grossProfitRatio": 0.4499181133,
        "researchAndDevelopmentExpenses": 0,
        "generalAndAdministrativeExpenses": 396716000,
        "sellingAndMarketingExpenses": 21584000,
        "sellingGeneralAndAdministrativeExpenses": 418300000,
        "otherExpenses": 156800000,
        "operatingExpenses": 575100000,
        "costAndExpenses": 1414800000,
        "interestIncome": 0,
        "interestExpense": -2058000,
        "depreciationAndAmortization": 97300000,
        "ebitda": 243142000,
        "ebitdaratio": 0.1592807075,
        "operatingIncome": 111800000,
        "operatingIncomeRatio": 0.0732394366,
        "totalOtherIncomeExpensesNet": 26200000,
        "incomeBeforeTax": 138000000,
        "incomeBeforeTaxRatio": 0.0904028824,
        "incomeTaxExpense": 51700000,
        "netIncome": 96200000,
        "netIncomeRatio": 0.0630199803,
        "eps": 0.68,
        "epsdiluted": 0.68,
        "weightedAverageShsOut": 141900000,
        "weightedAverageShsOutDil": 141900000,
        "link": "https://www.sec.gov/Archives/edgar/data/891103/000104746903027252/0001047469-03-027252-index.htm",
        "finalLink": "https://www.sec.gov/Archives/edgar/data/891103/000104746903027252/a2116082z10-q.htm"
    },
    {
        "date": "2003-03-31",
        "symbol": "IAC",
        "reportedCurrency": "USD",
        "cik": "0001800227",
        "fillingDate": "2003-05-15",
        "acceptedDate": "2003-05-15 17:20:14",
        "calendarYear": "2003",
        "period": "Q1",
        "revenue": 1386700000,
        "costOfRevenue": 786900000,
        "grossProfit": 599800000,
        "grossProfitRatio": 0.4325376794,
        "researchAndDevelopmentExpenses": 0,
        "generalAndAdministrativeExpenses": 160257000,
        "sellingAndMarketingExpenses": 203043000,
        "sellingGeneralAndAdministrativeExpenses": 363300000,
        "otherExpenses": 137500000,
        "operatingExpenses": 500800000,
        "costAndExpenses": 1287700000,
        "interestIncome": 0,
        "interestExpense": 24398000,
        "depreciationAndAmortization": 94300000,
        "ebitda": -42302000,
        "ebitdaratio": -0.0305055167,
        "operatingIncome": 99000000,
        "operatingIncomeRatio": 0.0713925146,
        "totalOtherIncomeExpensesNet": -229600000,
        "incomeBeforeTax": -130600000,
        "incomeBeforeTaxRatio": -0.0941804284,
        "incomeTaxExpense": -54200000,
        "netIncome": -106800000,
        "netIncomeRatio": -0.0770173794,
        "eps": -0.88,
        "epsdiluted": -0.88,
        "weightedAverageShsOut": 121800000,
        "weightedAverageShsOutDil": 121800000,
        "link": "https://www.sec.gov/Archives/edgar/data/891103/000104746903018927/0001047469-03-018927-index.htm",
        "finalLink": "https://www.sec.gov/Archives/edgar/data/891103/000104746903011015/a2104835z10-k.htm"
    },
    {
        "date": "2002-12-31",
        "symbol": "IAC",
        "reportedCurrency": "USD",
        "cik": "0001800227",
        "fillingDate": "2003-03-31",
        "acceptedDate": "2003-03-28 20:14:49",
        "calendarYear": "2002",
        "period": "Q4",
        "revenue": 1330000000,
        "costOfRevenue": 791000000,
        "grossProfit": 539000000,
        "grossProfitRatio": 0.4052631579,
        "researchAndDevelopmentExpenses": 0,
        "generalAndAdministrativeExpenses": -86374000,
        "sellingAndMarketingExpenses": 427074000,
        "sellingGeneralAndAdministrativeExpenses": 340700000,
        "otherExpenses": 124600000,
        "operatingExpenses": 465300000,
        "costAndExpenses": 1256300000,
        "interestIncome": 0,
        "interestExpense": 34482000,
        "depreciationAndAmortization": 15300000,
        "ebitda": 187482000,
        "ebitdaratio": 0.1409639098,
        "operatingIncome": 73700000,
        "operatingIncomeRatio": 0.0554135338,
        "totalOtherIncomeExpensesNet": 52600000,
        "incomeBeforeTax": 126300000,
        "incomeBeforeTaxRatio": 0.094962406,
        "incomeTaxExpense": -10400000,
        "netIncome": 148100000,
        "netIncomeRatio": 0.1113533835,
        "eps": 1.22,
        "epsdiluted": 1.22,
        "weightedAverageShsOut": 121300000,
        "weightedAverageShsOutDil": 121300000,
        "link": "https://www.sec.gov/Archives/edgar/data/891103/000104746903011015/0001047469-03-011015-index.htm",
        "finalLink": "https://www.sec.gov/Archives/edgar/data/891103/000104746903011015/a2104835z10-k.htm"
    },
    {
        "date": "2002-09-30",
        "symbol": "IAC",
        "reportedCurrency": "USD",
        "cik": "0001800227",
        "fillingDate": "2002-11-14",
        "acceptedDate": "2002-11-14 19:11:26",
        "calendarYear": "2002",
        "period": "Q3",
        "revenue": 1185200000,
        "costOfRevenue": 706100000,
        "grossProfit": 479100000,
        "grossProfitRatio": 0.4042355721,
        "researchAndDevelopmentExpenses": 0,
        "generalAndAdministrativeExpenses": 131501000,
        "sellingAndMarketingExpenses": 153099000,
        "sellingGeneralAndAdministrativeExpenses": 284600000,
        "otherExpenses": 177800000,
        "operatingExpenses": 462400000,
        "costAndExpenses": 1168500000,
        "interestIncome": 0,
        "interestExpense": 10273000,
        "depreciationAndAmortization": 109600000,
        "ebitda": 122573000,
        "ebitdaratio": 0.103419676,
        "operatingIncome": 16600000,
        "operatingIncomeRatio": 0.0140060749,
        "totalOtherIncomeExpensesNet": 10000000,
        "incomeBeforeTax": 26600000,
        "incomeBeforeTaxRatio": 0.0224434695,
        "incomeTaxExpense": 36100000,
        "netIncome": -33400000,
        "netIncomeRatio": -0.0281808977,
        "eps": -0.3,
        "epsdiluted": -0.3,
        "weightedAverageShsOut": 112100000,
        "weightedAverageShsOutDil": 112100000,
        "link": "https://www.sec.gov/Archives/edgar/data/891103/000091205702042572/0000912057-02-042572-index.htm",
        "finalLink": "https://www.sec.gov/Archives/edgar/data/891103/000091205702042572/a2093485z10-q.htm"
    },
    {
        "date": "2002-06-30",
        "symbol": "IAC",
        "reportedCurrency": "USD",
        "cik": "0001800227",
        "fillingDate": "2002-06-30",
        "acceptedDate": "2002-06-29 20:00:00",
        "calendarYear": "2002",
        "period": "Q2",
        "revenue": 1107100000,
        "costOfRevenue": 673900000,
        "grossProfit": 433200000,
        "grossProfitRatio": 0.3912925662,
        "researchAndDevelopmentExpenses": 0,
        "generalAndAdministrativeExpenses": 263000000,
        "sellingAndMarketingExpenses": 146200000,
        "sellingGeneralAndAdministrativeExpenses": 409200000,
        "otherExpenses": 0,
        "operatingExpenses": 409200000,
        "costAndExpenses": 1083100000,
        "interestIncome": 0,
        "interestExpense": 18500000,
        "depreciationAndAmortization": 69500000,
        "ebitda": 2384800000,
        "ebitdaratio": 2.1540962876,
        "operatingIncome": 24000000,
        "operatingIncomeRatio": 0.0216782585,
        "totalOtherIncomeExpensesNet": -85200000,
        "incomeBeforeTax": -61200000,
        "incomeBeforeTaxRatio": -0.0552795592,
        "incomeTaxExpense": 23000000,
        "netIncome": 2273800000,
        "netIncomeRatio": 2.053834342,
        "eps": 22.05,
        "epsdiluted": 22.05,
        "weightedAverageShsOut": 103100000,
        "weightedAverageShsOutDil": 103100000,
        "link": "",
        "finalLink": ""
    },
    {
        "date": "2002-03-31",
        "symbol": "IAC",
        "reportedCurrency": "USD",
        "cik": "0001800227",
        "fillingDate": "2002-03-31",
        "acceptedDate": "2002-03-30 19:00:00",
        "calendarYear": "2002",
        "period": "Q1",
        "revenue": 958700000,
        "costOfRevenue": 605100000,
        "grossProfit": 353600000,
        "grossProfitRatio": 0.3688327944,
        "researchAndDevelopmentExpenses": 0,
        "generalAndAdministrativeExpenses": 225100000,
        "sellingAndMarketingExpenses": 90200000,
        "sellingGeneralAndAdministrativeExpenses": 315300000,
        "otherExpenses": 0,
        "operatingExpenses": 315300000,
        "costAndExpenses": 920400000,
        "interestIncome": 0,
        "interestExpense": -4600000,
        "depreciationAndAmortization": 59300000,
        "ebitda": -364400000,
        "ebitdaratio": -0.3800980494,
        "operatingIncome": 38200000,
        "operatingIncomeRatio": 0.0398456243,
        "totalOtherIncomeExpensesNet": -16700000,
        "incomeBeforeTax": 21500000,
        "incomeBeforeTaxRatio": 0.0224262021,
        "incomeTaxExpense": 16400000,
        "netIncome": -435500000,
        "netIncomeRatio": -0.4542609784,
        "eps": -4.61,
        "epsdiluted": -4.61,
        "weightedAverageShsOut": 94500000,
        "weightedAverageShsOutDil": 94500000,
        "link": "",
        "finalLink": ""
    },
    {
        "date": "2001-12-31",
        "symbol": "IAC",
        "reportedCurrency": "USD",
        "cik": "0001800227",
        "fillingDate": "2001-12-31",
        "acceptedDate": "2001-12-30 19:00:00",
        "calendarYear": "2001",
        "period": "Q4",
        "revenue": 948500000,
        "costOfRevenue": 632600000,
        "grossProfit": 315900000,
        "grossProfitRatio": 0.3330521877,
        "researchAndDevelopmentExpenses": 0,
        "generalAndAdministrativeExpenses": 211000000,
        "sellingAndMarketingExpenses": 140200000,
        "sellingGeneralAndAdministrativeExpenses": 351200000,
        "otherExpenses": 0,
        "operatingExpenses": 351200000,
        "costAndExpenses": 983800000,
        "interestIncome": 0,
        "interestExpense": -6200000,
        "depreciationAndAmortization": 96700000,
        "ebitda": 32500000,
        "ebitdaratio": 0.0342646284,
        "operatingIncome": -35300000,
        "operatingIncomeRatio": -0.0372166579,
        "totalOtherIncomeExpensesNet": -32600000,
        "incomeBeforeTax": -67900000,
        "incomeBeforeTaxRatio": -0.0715867159,
        "incomeTaxExpense": -1100000,
        "netIncome": -56900000,
        "netIncomeRatio": -0.059989457,
        "eps": -0.61,
        "epsdiluted": -0.61,
        "weightedAverageShsOut": 93000000,
        "weightedAverageShsOutDil": 93000000,
        "link": "",
        "finalLink": ""
    },
    {
        "date": "2001-09-30",
        "symbol": "IAC",
        "reportedCurrency": "USD",
        "cik": "0001800227",
        "fillingDate": "2001-11-14",
        "acceptedDate": "2001-11-14 00:00:00",
        "calendarYear": "2001",
        "period": "Q3",
        "revenue": 837800000,
        "costOfRevenue": 570500000,
        "grossProfit": 267300000,
        "grossProfitRatio": 0.3190498926,
        "researchAndDevelopmentExpenses": 0,
        "generalAndAdministrativeExpenses": 202400000,
        "sellingAndMarketingExpenses": 144900000,
        "sellingGeneralAndAdministrativeExpenses": 347300000,
        "otherExpenses": 0,
        "operatingExpenses": 347300000,
        "costAndExpenses": 917800000,
        "interestIncome": 0,
        "interestExpense": -3200000,
        "depreciationAndAmortization": 109300000,
        "ebitda": 532800000,
        "ebitdaratio": 0.635951301,
        "operatingIncome": -79900000,
        "operatingIncomeRatio": -0.0953688231,
        "totalOtherIncomeExpensesNet": -16200000,
        "incomeBeforeTax": -96100000,
        "incomeBeforeTaxRatio": -0.1147051802,
        "incomeTaxExpense": -900000,
        "netIncome": 427600000,
        "netIncomeRatio": 0.5103843399,
        "eps": 4.55,
        "epsdiluted": 4.55,
        "weightedAverageShsOut": 93900000,
        "weightedAverageShsOutDil": 93900000,
        "link": "https://www.sec.gov/Archives/edgar/data/891103/000091205701539858/0000912057-01-539858-index.html",
        "finalLink": "https://www.sec.gov/Archives/edgar/data/891103/000091205701539858/a2063302z10-q.txt"
    },
    {
        "date": "2001-06-30",
        "symbol": "IAC",
        "reportedCurrency": "USD",
        "cik": "0001800227",
        "fillingDate": "2001-08-14",
        "acceptedDate": "2001-08-14 00:00:00",
        "calendarYear": "2001",
        "period": "Q2",
        "revenue": 861900000,
        "costOfRevenue": 574700000,
        "grossProfit": 287200000,
        "grossProfitRatio": 0.3332173106,
        "researchAndDevelopmentExpenses": 0,
        "generalAndAdministrativeExpenses": 185900000,
        "sellingAndMarketingExpenses": 148900000,
        "sellingGeneralAndAdministrativeExpenses": 334800000,
        "otherExpenses": 0,
        "operatingExpenses": 334800000,
        "costAndExpenses": 909500000,
        "interestIncome": 0,
        "interestExpense": -5600000,
        "depreciationAndAmortization": 73100000,
        "ebitda": 106900000,
        "ebitdaratio": 0.1240283095,
        "operatingIncome": -47700000,
        "operatingIncomeRatio": -0.0553428472,
        "totalOtherIncomeExpensesNet": -11500000,
        "incomeBeforeTax": -59200000,
        "incomeBeforeTaxRatio": -0.0686854624,
        "incomeTaxExpense": -100000,
        "netIncome": 39500000,
        "netIncomeRatio": 0.0458289825,
        "eps": 0.42,
        "epsdiluted": 0.42,
        "weightedAverageShsOut": 93900000,
        "weightedAverageShsOutDil": 93900000,
        "link": "https://www.sec.gov/Archives/edgar/data/891103/000091205701528762/0000912057-01-528762-index.html",
        "finalLink": "https://www.sec.gov/Archives/edgar/data/891103/000091205701528762/a2056793z10-q.txt"
    },
    {
        "date": "2001-03-31",
        "symbol": "IAC",
        "reportedCurrency": "USD",
        "cik": "0001800227",
        "fillingDate": "2001-03-31",
        "acceptedDate": "2001-03-30 19:00:00",
        "calendarYear": "2001",
        "period": "Q1",
        "revenue": 820700000,
        "costOfRevenue": 553400000,
        "grossProfit": 267300000,
        "grossProfitRatio": 0.3256975752,
        "researchAndDevelopmentExpenses": 0,
        "generalAndAdministrativeExpenses": 189200000,
        "sellingAndMarketingExpenses": 131600000,
        "sellingGeneralAndAdministrativeExpenses": 320800000,
        "otherExpenses": 0,
        "operatingExpenses": 320800000,
        "costAndExpenses": 874200000,
        "interestIncome": 0,
        "interestExpense": -4200000,
        "depreciationAndAmortization": 330200000,
        "ebitda": 304000000,
        "ebitdaratio": 0.370415499,
        "operatingIncome": -53500000,
        "operatingIncomeRatio": -0.0651882539,
        "totalOtherIncomeExpensesNet": -10700000,
        "incomeBeforeTax": -64200000,
        "incomeBeforeTaxRatio": -0.0782259047,
        "incomeTaxExpense": 4600000,
        "netIncome": -26600000,
        "netIncomeRatio": -0.0324113562,
        "eps": -0.28,
        "epsdiluted": -0.28,
        "weightedAverageShsOut": 94900000,
        "weightedAverageShsOutDil": 94900000,
        "link": "",
        "finalLink": ""
    },
    {
        "date": "2000-12-31",
        "symbol": "IAC",
        "reportedCurrency": "USD",
        "cik": "0001800227",
        "fillingDate": "2000-12-31",
        "acceptedDate": "2000-12-30 19:00:00",
        "calendarYear": "2000",
        "period": "Q4",
        "revenue": 1310500000,
        "costOfRevenue": 801300000,
        "grossProfit": 509200000,
        "grossProfitRatio": 0.388553987,
        "researchAndDevelopmentExpenses": 0,
        "generalAndAdministrativeExpenses": 243000000,
        "sellingAndMarketingExpenses": 372000000,
        "sellingGeneralAndAdministrativeExpenses": 615000000,
        "otherExpenses": 0,
        "operatingExpenses": 615000000,
        "costAndExpenses": 1416300000,
        "interestIncome": 0,
        "interestExpense": -10300000,
        "depreciationAndAmortization": 50100000,
        "ebitda": -14199999.999999978,
        "ebitdaratio": -0.0108355589,
        "operatingIncome": -105800000,
        "operatingIncomeRatio": -0.0807325448,
        "totalOtherIncomeExpensesNet": -28300000,
        "incomeBeforeTax": -134100000,
        "incomeBeforeTaxRatio": -0.102327356,
        "incomeTaxExpense": 26300000,
        "netIncome": -80300000,
        "netIncomeRatio": -0.0612743228,
        "eps": -0.85,
        "epsdiluted": -0.85,
        "weightedAverageShsOut": 94900000,
        "weightedAverageShsOutDil": 94900000,
        "link": "",
        "finalLink": ""
    },
    {
        "date": "2000-09-30",
        "symbol": "IAC",
        "reportedCurrency": "USD",
        "cik": "0001800227",
        "fillingDate": "2000-11-14",
        "acceptedDate": "2000-11-14 00:00:00",
        "calendarYear": "2000",
        "period": "Q3",
        "revenue": 1109800000,
        "costOfRevenue": 669100000,
        "grossProfit": 440700000,
        "grossProfitRatio": 0.3970985763,
        "researchAndDevelopmentExpenses": 0,
        "generalAndAdministrativeExpenses": 244800000,
        "sellingAndMarketingExpenses": 173000000,
        "sellingGeneralAndAdministrativeExpenses": 417800000,
        "otherExpenses": 0,
        "operatingExpenses": 417800000,
        "costAndExpenses": 1086900000,
        "interestIncome": 0,
        "interestExpense": -8200000,
        "depreciationAndAmortization": 285600000,
        "ebitda": 284700000,
        "ebitdaratio": 0.2565327086,
        "operatingIncome": 22800000,
        "operatingIncomeRatio": 0.0205442422,
        "totalOtherIncomeExpensesNet": 61800000,
        "incomeBeforeTax": 84600000,
        "incomeBeforeTaxRatio": 0.0762299513,
        "incomeTaxExpense": 27500000,
        "netIncome": -20200000,
        "netIncomeRatio": -0.0182014777,
        "eps": -0.24,
        "epsdiluted": -0.24,
        "weightedAverageShsOut": 84300000,
        "weightedAverageShsOutDil": 84300000,
        "link": "https://www.sec.gov/Archives/edgar/data/891103/000091205700050203/0000912057-00-050203-index.html",
        "finalLink": "https://www.sec.gov/Archives/edgar/data/891103/000091205700050203/a2030746z10-q.txt"
    },
    {
        "date": "2000-06-30",
        "symbol": "IAC",
        "reportedCurrency": "USD",
        "cik": "0001800227",
        "fillingDate": "2000-08-14",
        "acceptedDate": "2000-08-14 00:00:00",
        "calendarYear": "2000",
        "period": "Q2",
        "revenue": 1134400000,
        "costOfRevenue": 676100000,
        "grossProfit": 458300000,
        "grossProfitRatio": 0.4040021157,
        "researchAndDevelopmentExpenses": 0,
        "generalAndAdministrativeExpenses": 239500000,
        "sellingAndMarketingExpenses": 165200000,
        "sellingGeneralAndAdministrativeExpenses": 404700000,
        "otherExpenses": 0,
        "operatingExpenses": 404700000,
        "costAndExpenses": 1080800000,
        "interestIncome": 0,
        "interestExpense": -7700000,
        "depreciationAndAmortization": 293800000,
        "ebitda": 281500000,
        "ebitdaratio": 0.2481488011,
        "operatingIncome": 53500000,
        "operatingIncomeRatio": 0.0471614951,
        "totalOtherIncomeExpensesNet": -5900000,
        "incomeBeforeTax": 47600000,
        "incomeBeforeTaxRatio": 0.0419605078,
        "incomeTaxExpense": 24000000,
        "netIncome": -28600000,
        "netIncomeRatio": -0.0252115656,
        "eps": -0.28,
        "epsdiluted": -0.28,
        "weightedAverageShsOut": 100800000,
        "weightedAverageShsOutDil": 100800000,
        "link": "https://www.sec.gov/Archives/edgar/data/891103/000091205700037590/0000912057-00-037590-index.html",
        "finalLink": "https://www.sec.gov/Archives/edgar/data/891103/000091205700037590/a10-q.txt"
    },
    {
        "date": "2000-03-31",
        "symbol": "IAC",
        "reportedCurrency": "USD",
        "cik": "0001800227",
        "fillingDate": "2000-05-15",
        "acceptedDate": "2000-05-15 00:00:00",
        "calendarYear": "2000",
        "period": "Q1",
        "revenue": 1041500000,
        "costOfRevenue": 611400000,
        "grossProfit": 430100000,
        "grossProfitRatio": 0.4129620739,
        "researchAndDevelopmentExpenses": 0,
        "generalAndAdministrativeExpenses": 216500000,
        "sellingAndMarketingExpenses": 127900000,
        "sellingGeneralAndAdministrativeExpenses": 344400000,
        "otherExpenses": 0,
        "operatingExpenses": 344400000,
        "costAndExpenses": 955800000,
        "interestIncome": 0,
        "interestExpense": -8000000,
        "depreciationAndAmortization": 264700000,
        "ebitda": 272900000,
        "ebitdaratio": 0.2620259241,
        "operatingIncome": 85700000,
        "operatingIncomeRatio": 0.0822851656,
        "totalOtherIncomeExpensesNet": -12300000,
        "incomeBeforeTax": 73400000,
        "incomeBeforeTaxRatio": 0.070475276,
        "incomeTaxExpense": 35100000,
        "netIncome": -18900000,
        "netIncomeRatio": -0.0181469035,
        "eps": -0.24,
        "epsdiluted": -0.24,
        "weightedAverageShsOut": 78600000,
        "weightedAverageShsOutDil": 78600000,
        "link": "https://www.sec.gov/Archives/edgar/data/891103/000091205700024800/0000912057-00-024800-index.html",
        "finalLink": "https://www.sec.gov/Archives/edgar/data/891103/0000912057-00-024800.txt"
    },
    {
        "date": "1999-12-31",
        "symbol": "IAC",
        "reportedCurrency": "USD",
        "cik": "0001800227",
        "fillingDate": "1999-12-31",
        "acceptedDate": "1999-12-30 19:00:00",
        "calendarYear": "1999",
        "period": "Q4",
        "revenue": 832700000,
        "costOfRevenue": 632600000,
        "grossProfit": 200100000,
        "grossProfitRatio": 0.24030263,
        "researchAndDevelopmentExpenses": 0,
        "generalAndAdministrativeExpenses": 2400000,
        "sellingAndMarketingExpenses": 135900000,
        "sellingGeneralAndAdministrativeExpenses": 138300000,
        "otherExpenses": 0,
        "operatingExpenses": 138300000,
        "costAndExpenses": 770900000,
        "interestIncome": 0,
        "interestExpense": -11000000,
        "depreciationAndAmortization": 242800000,
        "ebitda": 239600000,
        "ebitdaratio": 0.2877386814,
        "operatingIncome": 61800000,
        "operatingIncomeRatio": 0.0742164045,
        "totalOtherIncomeExpensesNet": -7300000,
        "incomeBeforeTax": 54500000,
        "incomeBeforeTaxRatio": 0.0654497418,
        "incomeTaxExpense": 25600000,
        "netIncome": -17800000,
        "netIncomeRatio": -0.0213762459,
        "eps": -0.2,
        "epsdiluted": -0.2,
        "weightedAverageShsOut": 88900000,
        "weightedAverageShsOutDil": 88900000,
        "link": "",
        "finalLink": ""
    },
    {
        "date": "1999-09-30",
        "symbol": "IAC",
        "reportedCurrency": "USD",
        "cik": "0001800227",
        "fillingDate": "1999-09-30",
        "acceptedDate": "1999-09-29 20:00:00",
        "calendarYear": "1999",
        "period": "Q3",
        "revenue": 827700000,
        "costOfRevenue": 427400000,
        "grossProfit": 400300000,
        "grossProfitRatio": 0.4836293343,
        "researchAndDevelopmentExpenses": 0,
        "generalAndAdministrativeExpenses": 256700000,
        "sellingAndMarketingExpenses": 105200000,
        "sellingGeneralAndAdministrativeExpenses": 361900000,
        "otherExpenses": 0,
        "operatingExpenses": 361900000,
        "costAndExpenses": 789300000,
        "interestIncome": 0,
        "interestExpense": 27200000,
        "depreciationAndAmortization": 233300000,
        "ebitda": 277700000,
        "ebitdaratio": 0.3355080343,
        "operatingIncome": 38300000,
        "operatingIncomeRatio": 0.0462728042,
        "totalOtherIncomeExpensesNet": 26800000,
        "incomeBeforeTax": 65100000,
        "incomeBeforeTaxRatio": 0.0786516854,
        "incomeTaxExpense": 24900000,
        "netIncome": -7700000,
        "netIncomeRatio": -0.0093028875,
        "eps": -0.0802,
        "epsdiluted": -0.0802,
        "weightedAverageShsOut": 96000000,
        "weightedAverageShsOutDil": 96000000,
        "link": "",
        "finalLink": ""
    },
    {
        "date": "1999-06-30",
        "symbol": "IAC",
        "reportedCurrency": "USD",
        "cik": "0001800227",
        "fillingDate": "1999-06-30",
        "acceptedDate": "1999-06-29 20:00:00",
        "calendarYear": "1999",
        "period": "Q2",
        "revenue": 846400000,
        "costOfRevenue": 391800000,
        "grossProfit": 454600000,
        "grossProfitRatio": 0.5370982987,
        "researchAndDevelopmentExpenses": 0,
        "generalAndAdministrativeExpenses": 295400000,
        "sellingAndMarketingExpenses": 107500000,
        "sellingGeneralAndAdministrativeExpenses": 402900000,
        "otherExpenses": 0,
        "operatingExpenses": 402900000,
        "costAndExpenses": 794700000,
        "interestIncome": 0,
        "interestExpense": -11400000,
        "depreciationAndAmortization": 186000000,
        "ebitda": 178800000,
        "ebitdaratio": 0.2112476371,
        "operatingIncome": 51700000,
        "operatingIncomeRatio": 0.0610822306,
        "totalOtherIncomeExpensesNet": -18800000,
        "incomeBeforeTax": 32900000,
        "incomeBeforeTaxRatio": 0.0388705104,
        "incomeTaxExpense": 13900000,
        "netIncome": -9700000,
        "netIncomeRatio": -0.0114603025,
        "eps": -0.12,
        "epsdiluted": -0.12,
        "weightedAverageShsOut": 81000000,
        "weightedAverageShsOutDil": 81000000,
        "link": "",
        "finalLink": ""
    },
    {
        "date": "1999-03-31",
        "symbol": "IAC",
        "reportedCurrency": "USD",
        "cik": "0001800227",
        "fillingDate": "1999-03-31",
        "acceptedDate": "1999-03-30 19:00:00",
        "calendarYear": "1999",
        "period": "Q1",
        "revenue": 728900000,
        "costOfRevenue": 415700000,
        "grossProfit": 313200000,
        "grossProfitRatio": 0.4296885718,
        "researchAndDevelopmentExpenses": 0,
        "generalAndAdministrativeExpenses": 156500000,
        "sellingAndMarketingExpenses": 95500000,
        "sellingGeneralAndAdministrativeExpenses": 252000000,
        "otherExpenses": 0,
        "operatingExpenses": 252000000,
        "costAndExpenses": 667700000,
        "interestIncome": 0,
        "interestExpense": 36900000,
        "depreciationAndAmortization": 231500000,
        "ebitda": 302400000,
        "ebitdaratio": 0.4148717245,
        "operatingIncome": 61200000,
        "operatingIncomeRatio": 0.0839621347,
        "totalOtherIncomeExpensesNet": 46900000,
        "incomeBeforeTax": 108100000,
        "incomeBeforeTaxRatio": 0.1483056661,
        "incomeTaxExpense": 26500000,
        "netIncome": 7500000,
        "netIncomeRatio": 0.0102894773,
        "eps": 0.0795,
        "epsdiluted": 0.0795,
        "weightedAverageShsOut": 94300000,
        "weightedAverageShsOutDil": 94300000,
        "link": "",
        "finalLink": ""
    },
    {
        "date": "1998-12-31",
        "symbol": "IAC",
        "reportedCurrency": "USD",
        "cik": "0001800227",
        "fillingDate": "1998-12-31",
        "acceptedDate": "1998-12-30 19:00:00",
        "calendarYear": "1998",
        "period": "Q4",
        "revenue": 767100000,
        "costOfRevenue": 576600000,
        "grossProfit": 190500000,
        "grossProfitRatio": 0.248337896,
        "researchAndDevelopmentExpenses": 0,
        "generalAndAdministrativeExpenses": 30800000,
        "sellingAndMarketingExpenses": 101700000,
        "sellingGeneralAndAdministrativeExpenses": 132500000,
        "otherExpenses": 0,
        "operatingExpenses": 132500000,
        "costAndExpenses": 709100000,
        "interestIncome": 0,
        "interestExpense": -16900000,
        "depreciationAndAmortization": 201700000,
        "ebitda": 290500000,
        "ebitdaratio": 0.3786989962,
        "operatingIncome": 58000000,
        "operatingIncomeRatio": 0.0756094381,
        "totalOtherIncomeExpensesNet": 84000000,
        "incomeBeforeTax": 142000000,
        "incomeBeforeTaxRatio": 0.1851127624,
        "incomeTaxExpense": 54900000,
        "netIncome": 50800000,
        "netIncomeRatio": 0.0662234389,
        "eps": 0.22,
        "epsdiluted": 0.22,
        "weightedAverageShsOut": 226100000,
        "weightedAverageShsOutDil": 226100000,
        "link": "",
        "finalLink": ""
    },
    {
        "date": "1998-09-30",
        "symbol": "IAC",
        "reportedCurrency": "USD",
        "cik": "0001800227",
        "fillingDate": "1998-09-30",
        "acceptedDate": "1998-09-29 20:00:00",
        "calendarYear": "1998",
        "period": "Q3",
        "revenue": 640500000,
        "costOfRevenue": 346100000,
        "grossProfit": 294400000,
        "grossProfitRatio": 0.4596409055,
        "researchAndDevelopmentExpenses": 0,
        "generalAndAdministrativeExpenses": 162100000,
        "sellingAndMarketingExpenses": 82300000,
        "sellingGeneralAndAdministrativeExpenses": 244400000,
        "otherExpenses": 0,
        "operatingExpenses": 244400000,
        "costAndExpenses": 590500000,
        "interestIncome": 0,
        "interestExpense": -21800000,
        "depreciationAndAmortization": 190300000,
        "ebitda": 180300000,
        "ebitdaratio": 0.281498829,
        "operatingIncome": 50000000,
        "operatingIncomeRatio": 0.0780640125,
        "totalOtherIncomeExpensesNet": -16000000,
        "incomeBeforeTax": 34000000,
        "incomeBeforeTaxRatio": 0.0530835285,
        "incomeTaxExpense": 16600000,
        "netIncome": -4800000,
        "netIncomeRatio": -0.0074941452,
        "eps": -0.0619,
        "epsdiluted": -0.0619,
        "weightedAverageShsOut": 77500000,
        "weightedAverageShsOutDil": 77500000,
        "link": "",
        "finalLink": ""
    },
    {
        "date": "1998-06-30",
        "symbol": "IAC",
        "reportedCurrency": "USD",
        "cik": "0001800227",
        "fillingDate": "1998-06-30",
        "acceptedDate": "1998-06-29 20:00:00",
        "calendarYear": "1998",
        "period": "Q2",
        "revenue": 703400000,
        "costOfRevenue": 345100000,
        "grossProfit": 358300000,
        "grossProfitRatio": 0.5093829969,
        "researchAndDevelopmentExpenses": 0,
        "generalAndAdministrativeExpenses": 200900000,
        "sellingAndMarketingExpenses": 81900000,
        "sellingGeneralAndAdministrativeExpenses": 282800000,
        "otherExpenses": 0,
        "operatingExpenses": 282800000,
        "costAndExpenses": 627900000,
        "interestIncome": 0,
        "interestExpense": -37600000,
        "depreciationAndAmortization": 212200000,
        "ebitda": 189100000,
        "ebitdaratio": 0.2688370771,
        "operatingIncome": 75500000,
        "operatingIncomeRatio": 0.1073357976,
        "totalOtherIncomeExpensesNet": -44600000,
        "incomeBeforeTax": 30900000,
        "incomeBeforeTaxRatio": 0.0439294854,
        "incomeTaxExpense": 17500000,
        "netIncome": -3000000,
        "netIncomeRatio": -0.0042649986,
        "eps": -0.0439,
        "epsdiluted": -0.0439,
        "weightedAverageShsOut": 68300000,
        "weightedAverageShsOutDil": 68300000,
        "link": "",
        "finalLink": ""
    },
    {
        "date": "1998-03-31",
        "symbol": "IAC",
        "reportedCurrency": "USD",
        "cik": "0001800227",
        "fillingDate": "1998-03-31",
        "acceptedDate": "1998-03-30 19:00:00",
        "calendarYear": "1998",
        "period": "Q1",
        "revenue": 523200000,
        "costOfRevenue": 254500000,
        "grossProfit": 268700000,
        "grossProfitRatio": 0.5135703364,
        "researchAndDevelopmentExpenses": 0,
        "generalAndAdministrativeExpenses": 168400000,
        "sellingAndMarketingExpenses": 65400000,
        "sellingGeneralAndAdministrativeExpenses": 233800000,
        "otherExpenses": 0,
        "operatingExpenses": 233800000,
        "costAndExpenses": 488300000,
        "interestIncome": 0,
        "interestExpense": -23500000,
        "depreciationAndAmortization": 119900000,
        "ebitda": 169000000,
        "ebitdaratio": 0.3230122324,
        "operatingIncome": 34800000,
        "operatingIncomeRatio": 0.0665137615,
        "totalOtherIncomeExpensesNet": 42100000,
        "incomeBeforeTax": 76900000,
        "incomeBeforeTaxRatio": 0.1469801223,
        "incomeTaxExpense": 38700000,
        "netIncome": 33900000,
        "netIncomeRatio": 0.064793578,
        "eps": 0.32,
        "epsdiluted": 0.32,
        "weightedAverageShsOut": 106300000,
        "weightedAverageShsOutDil": 106300000,
        "link": "",
        "finalLink": ""
    },
    {
        "date": "1997-12-31",
        "symbol": "IAC",
        "reportedCurrency": "USD",
        "cik": "0001800227",
        "fillingDate": "1997-12-31",
        "acceptedDate": "1997-12-30 19:00:00",
        "calendarYear": "1997",
        "period": "Q4",
        "revenue": 390300000,
        "costOfRevenue": 181100000,
        "grossProfit": 209200000,
        "grossProfitRatio": 0.5359979503,
        "researchAndDevelopmentExpenses": 23500000,
        "generalAndAdministrativeExpenses": 128100000,
        "sellingAndMarketingExpenses": 29900000,
        "sellingGeneralAndAdministrativeExpenses": 158000000,
        "otherExpenses": 0,
        "operatingExpenses": 181500000,
        "costAndExpenses": 362600000,
        "interestIncome": 0,
        "interestExpense": -9500000,
        "depreciationAndAmortization": 30300000,
        "ebitda": 35400000,
        "ebitdaratio": 0.090699462,
        "operatingIncome": 27700000,
        "operatingIncomeRatio": 0.0709710479,
        "totalOtherIncomeExpensesNet": -10600000,
        "incomeBeforeTax": 17100000,
        "incomeBeforeTaxRatio": 0.043812452,
        "incomeTaxExpense": 11300000,
        "netIncome": 3300000,
        "netIncomeRatio": 0.0084550346,
        "eps": 0.0529,
        "epsdiluted": 0.0529,
        "weightedAverageShsOut": 62400000,
        "weightedAverageShsOutDil": 62400000,
        "link": "",
        "finalLink": ""
    },
    {
        "date": "1997-09-30",
        "symbol": "IAC",
        "reportedCurrency": "USD",
        "cik": "0001800227",
        "fillingDate": "1997-09-30",
        "acceptedDate": "1997-09-29 20:00:00",
        "calendarYear": "1997",
        "period": "Q3",
        "revenue": 326300000,
        "costOfRevenue": 156000000,
        "grossProfit": 170300000,
        "grossProfitRatio": 0.5219123506,
        "researchAndDevelopmentExpenses": 17900000,
        "generalAndAdministrativeExpenses": 104000000,
        "sellingAndMarketingExpenses": 25700000,
        "sellingGeneralAndAdministrativeExpenses": 129700000,
        "otherExpenses": 0,
        "operatingExpenses": 147600000,
        "costAndExpenses": 303600000,
        "interestIncome": 0,
        "interestExpense": -8600000,
        "depreciationAndAmortization": 26300000,
        "ebitda": 30300000,
        "ebitdaratio": 0.0928593319,
        "operatingIncome": 22700000,
        "operatingIncomeRatio": 0.0695678823,
        "totalOtherIncomeExpensesNet": -10200000,
        "incomeBeforeTax": 12500000,
        "incomeBeforeTaxRatio": 0.0383083052,
        "incomeTaxExpense": 9100000,
        "netIncome": 3500000,
        "netIncomeRatio": 0.0107263255,
        "eps": 0.0588,
        "epsdiluted": 0.0588,
        "weightedAverageShsOut": 59500000,
        "weightedAverageShsOutDil": 59500000,
        "link": "",
        "finalLink": ""
    },
    {
        "date": "1997-06-30",
        "symbol": "IAC",
        "reportedCurrency": "USD",
        "cik": "0001800227",
        "fillingDate": "1997-06-30",
        "acceptedDate": "1997-06-29 20:00:00",
        "calendarYear": "1997",
        "period": "Q2",
        "revenue": 265700000,
        "costOfRevenue": 149500000,
        "grossProfit": 116200000,
        "grossProfitRatio": 0.4373353406,
        "researchAndDevelopmentExpenses": 17800000,
        "generalAndAdministrativeExpenses": 57100000,
        "sellingAndMarketingExpenses": 20600000,
        "sellingGeneralAndAdministrativeExpenses": 77700000,
        "otherExpenses": 0,
        "operatingExpenses": 95500000,
        "costAndExpenses": 245000000,
        "interestIncome": 0,
        "interestExpense": -6500000,
        "depreciationAndAmortization": 21000000,
        "ebitda": 26500000,
        "ebitdaratio": 0.099736545,
        "operatingIncome": 20700000,
        "operatingIncomeRatio": 0.0779074144,
        "totalOtherIncomeExpensesNet": -8300000,
        "incomeBeforeTax": 12400000,
        "incomeBeforeTaxRatio": 0.0466691758,
        "incomeTaxExpense": 9500000,
        "netIncome": 2500000,
        "netIncomeRatio": 0.009409108,
        "eps": 0.0482,
        "epsdiluted": 0.0482,
        "weightedAverageShsOut": 51900000,
        "weightedAverageShsOutDil": 51900000,
        "link": "",
        "finalLink": ""
    },
    {
        "date": "1997-03-31",
        "symbol": "IAC",
        "reportedCurrency": "USD",
        "cik": "0001800227",
        "fillingDate": "1997-03-31",
        "acceptedDate": "1997-03-30 19:00:00",
        "calendarYear": "1997",
        "period": "Q1",
        "revenue": 279600000,
        "costOfRevenue": 158600000,
        "grossProfit": 121000000,
        "grossProfitRatio": 0.4327610873,
        "researchAndDevelopmentExpenses": 18700000,
        "generalAndAdministrativeExpenses": 57900000,
        "sellingAndMarketingExpenses": 20900000,
        "sellingGeneralAndAdministrativeExpenses": 78800000,
        "otherExpenses": 0,
        "operatingExpenses": 97500000,
        "costAndExpenses": 256100000,
        "interestIncome": 0,
        "interestExpense": -7000000,
        "depreciationAndAmortization": 21500000,
        "ebitda": 29400000,
        "ebitdaratio": 0.1051502146,
        "operatingIncome": 23400000,
        "operatingIncomeRatio": 0.0836909871,
        "totalOtherIncomeExpensesNet": -8900000,
        "incomeBeforeTax": 14500000,
        "incomeBeforeTaxRatio": 0.0518597997,
        "incomeTaxExpense": 11100000,
        "netIncome": 3800000,
        "netIncomeRatio": 0.0135908441,
        "eps": 0.0751,
        "epsdiluted": 0.0751,
        "weightedAverageShsOut": 50600000,
        "weightedAverageShsOutDil": 50600000,
        "link": "",
        "finalLink": ""
    },
    {
        "date": "1996-12-31",
        "symbol": "IAC",
        "reportedCurrency": "USD",
        "cik": "0001800227",
        "fillingDate": "1996-12-31",
        "acceptedDate": "1996-12-30 19:00:00",
        "calendarYear": "1996",
        "period": "Q4",
        "revenue": 42000000,
        "costOfRevenue": 20700000,
        "grossProfit": 21300000,
        "grossProfitRatio": 0.5071428571,
        "researchAndDevelopmentExpenses": 1700000,
        "generalAndAdministrativeExpenses": 15500000,
        "sellingAndMarketingExpenses": 5400000,
        "sellingGeneralAndAdministrativeExpenses": 20900000,
        "otherExpenses": 0,
        "operatingExpenses": 22600000,
        "costAndExpenses": 43300000,
        "interestIncome": 0,
        "interestExpense": -5000000,
        "depreciationAndAmortization": 8800000,
        "ebitda": -1300000,
        "ebitdaratio": -0.030952381,
        "operatingIncome": -1400000,
        "operatingIncomeRatio": -0.0333333333,
        "totalOtherIncomeExpensesNet": -4000000,
        "incomeBeforeTax": -5400000,
        "incomeBeforeTaxRatio": -0.1285714286,
        "incomeTaxExpense": -9000000,
        "netIncome": -5100000,
        "netIncomeRatio": -0.1214285714,
        "eps": -0.34,
        "epsdiluted": -0.34,
        "weightedAverageShsOut": 15100000,
        "weightedAverageShsOutDil": 15100000,
        "link": "",
        "finalLink": ""
    },
    {
        "date": "1996-09-30",
        "symbol": "IAC",
        "reportedCurrency": "USD",
        "cik": "0001800227",
        "fillingDate": "1996-09-30",
        "acceptedDate": "1996-09-29 20:00:00",
        "calendarYear": "1996",
        "period": "Q3",
        "revenue": 11200000,
        "costOfRevenue": 100000,
        "grossProfit": 11100000,
        "grossProfitRatio": 0.9910714286,
        "researchAndDevelopmentExpenses": 3200000,
        "generalAndAdministrativeExpenses": 2800000,
        "sellingAndMarketingExpenses": 3300000,
        "sellingGeneralAndAdministrativeExpenses": 6100000,
        "otherExpenses": 0,
        "operatingExpenses": 9300000,
        "costAndExpenses": 9400000,
        "interestIncome": 0,
        "interestExpense": -2200000,
        "depreciationAndAmortization": 3500000,
        "ebitda": 1600000,
        "ebitdaratio": 0.1428571429,
        "operatingIncome": 1800000,
        "operatingIncomeRatio": 0.1607142857,
        "totalOtherIncomeExpensesNet": -1500000,
        "incomeBeforeTax": 300000,
        "incomeBeforeTaxRatio": 0.0267857143,
        "incomeTaxExpense": 700000,
        "netIncome": -400000,
        "netIncomeRatio": -0.0357142857,
        "eps": -0.0421,
        "epsdiluted": -0.0421,
        "weightedAverageShsOut": 9500000,
        "weightedAverageShsOutDil": 9500000,
        "link": "",
        "finalLink": ""
    },
    {
        "date": "1996-06-30",
        "symbol": "IAC",
        "reportedCurrency": "USD",
        "cik": "0001800227",
        "fillingDate": "1996-06-30",
        "acceptedDate": "1996-06-29 20:00:00",
        "calendarYear": "1996",
        "period": "Q2",
        "revenue": 11000000,
        "costOfRevenue": 100000,
        "grossProfit": 10900000,
        "grossProfitRatio": 0.9909090909,
        "researchAndDevelopmentExpenses": 3000000,
        "generalAndAdministrativeExpenses": 2900000,
        "sellingAndMarketingExpenses": 3300000,
        "sellingGeneralAndAdministrativeExpenses": 6200000,
        "otherExpenses": 0,
        "operatingExpenses": 9200000,
        "costAndExpenses": 9300000,
        "interestIncome": 0,
        "interestExpense": -2200000,
        "depreciationAndAmortization": 3700000,
        "ebitda": 1600000,
        "ebitdaratio": 0.1454545455,
        "operatingIncome": 1600000,
        "operatingIncomeRatio": 0.1454545455,
        "totalOtherIncomeExpensesNet": -1500000,
        "incomeBeforeTax": 100000,
        "incomeBeforeTaxRatio": 0.0090909091,
        "incomeTaxExpense": 600000,
        "netIncome": -500000,
        "netIncomeRatio": -0.0454545455,
        "eps": -0.0526,
        "epsdiluted": -0.0526,
        "weightedAverageShsOut": 9500000,
        "weightedAverageShsOutDil": 9500000,
        "link": "",
        "finalLink": ""
    }
]