[
    {
        "date": "2025-06-30",
        "symbol": "IGT",
        "reportedCurrency": "USD",
        "cik": "0001619762",
        "fillingDate": "2025-07-29",
        "acceptedDate": "2025-07-29 06:45:42",
        "calendarYear": "2025",
        "period": "Q2",
        "revenue": 630000000,
        "costOfRevenue": 356000000,
        "grossProfit": 274000000,
        "grossProfitRatio": 0.4349206349,
        "researchAndDevelopmentExpenses": 12000000,
        "generalAndAdministrativeExpenses": 0,
        "sellingAndMarketingExpenses": 0,
        "sellingGeneralAndAdministrativeExpenses": 100000000,
        "otherExpenses": 23000000,
        "operatingExpenses": 135000000,
        "costAndExpenses": 491000000,
        "interestIncome": 4000000,
        "interestExpense": 52000000,
        "depreciationAndAmortization": 107000000,
        "ebitda": 149000000,
        "ebitdaratio": 0.2365079365,
        "operatingIncome": 139000000,
        "operatingIncomeRatio": 0.2206349206,
        "totalOtherIncomeExpensesNet": -149000000,
        "incomeBeforeTax": -10000000,
        "incomeBeforeTaxRatio": -0.0158730159,
        "incomeTaxExpense": 50000000,
        "netIncome": -58000000,
        "netIncomeRatio": -0.0920634921,
        "eps": -0.29,
        "epsdiluted": -0.29,
        "weightedAverageShsOut": 203000000,
        "weightedAverageShsOutDil": 203000000,
        "link": "https://www.sec.gov/Archives/edgar/data/1619762/000161976225000048/0001619762-25-000048-index.htm",
        "finalLink": "https://www.sec.gov/Archives/edgar/data/1619762/000161976225000048/igtq225earningspressrelease.htm"
    },
    {
        "date": "2025-03-31",
        "symbol": "IGT",
        "reportedCurrency": "USD",
        "cik": "0001619762",
        "fillingDate": "2025-05-13",
        "acceptedDate": "2025-05-13 06:45:48",
        "calendarYear": "2025",
        "period": "Q1",
        "revenue": 583000000,
        "costOfRevenue": 327000000,
        "grossProfit": 256000000,
        "grossProfitRatio": 0.4391080617,
        "researchAndDevelopmentExpenses": 11000000,
        "generalAndAdministrativeExpenses": 0,
        "sellingAndMarketingExpenses": 0,
        "sellingGeneralAndAdministrativeExpenses": 104000000,
        "otherExpenses": 3000000,
        "operatingExpenses": 118000000,
        "costAndExpenses": 445000000,
        "interestIncome": 0,
        "interestExpense": 46000000,
        "depreciationAndAmortization": 102000000,
        "ebitda": 204000000,
        "ebitdaratio": 0.3499142367,
        "operatingIncome": 138000000,
        "operatingIncomeRatio": 0.2367066895,
        "totalOtherIncomeExpensesNet": -82000000,
        "incomeBeforeTax": 56000000,
        "incomeBeforeTaxRatio": 0.0960548885,
        "incomeTaxExpense": 48000000,
        "netIncome": 27000000,
        "netIncomeRatio": 0.0463121784,
        "eps": 0.13,
        "epsdiluted": 0.13,
        "weightedAverageShsOut": 202000000,
        "weightedAverageShsOutDil": 202000000,
        "link": "https://www.sec.gov/Archives/edgar/data/1619762/000161976225000014/0001619762-25-000014-index.htm",
        "finalLink": "https://www.sec.gov/Archives/edgar/data/1619762/000161976225000014/igtq125earningspressrelease.htm"
    },
    {
        "date": "2024-12-31",
        "symbol": "IGT",
        "reportedCurrency": "USD",
        "cik": "0001619762",
        "fillingDate": "2025-02-25",
        "acceptedDate": "2025-02-25 16:10:59",
        "calendarYear": "2024",
        "period": "Q4",
        "revenue": 652000000,
        "costOfRevenue": 366000000,
        "grossProfit": 286000000,
        "grossProfitRatio": 0.4386503067,
        "researchAndDevelopmentExpenses": 11000000,
        "generalAndAdministrativeExpenses": 0,
        "sellingAndMarketingExpenses": 0,
        "sellingGeneralAndAdministrativeExpenses": 93000000,
        "otherExpenses": 3000000,
        "operatingExpenses": 107000000,
        "costAndExpenses": 473000000,
        "interestIncome": 2000000,
        "interestExpense": 48000000,
        "depreciationAndAmortization": 101000000,
        "ebitda": 354000000,
        "ebitdaratio": 0.5429447853,
        "operatingIncome": 179000000,
        "operatingIncomeRatio": 0.2745398773,
        "totalOtherIncomeExpensesNet": 27000000,
        "incomeBeforeTax": 206000000,
        "incomeBeforeTaxRatio": 0.3159509202,
        "incomeTaxExpense": 89000000,
        "netIncome": 218000000,
        "netIncomeRatio": 0.3343558282,
        "eps": 1.08,
        "epsdiluted": 1.08,
        "weightedAverageShsOut": 202000000,
        "weightedAverageShsOutDil": 204000000,
        "link": "https://www.sec.gov/Archives/edgar/data/1619762/000161976225000007/0001619762-25-000007-index.htm",
        "finalLink": "https://www.sec.gov/Archives/edgar/data/1619762/000161976225000007/igt-20241231.htm"
    },
    {
        "date": "2024-09-30",
        "symbol": "IGT",
        "reportedCurrency": "USD",
        "cik": "0001619762",
        "fillingDate": "2024-11-12",
        "acceptedDate": "2024-11-12 06:41:21",
        "calendarYear": "2024",
        "period": "Q3",
        "revenue": 586000000,
        "costOfRevenue": 324000000,
        "grossProfit": 262000000,
        "grossProfitRatio": 0.4470989761,
        "researchAndDevelopmentExpenses": 12000000,
        "generalAndAdministrativeExpenses": 0,
        "sellingAndMarketingExpenses": 0,
        "sellingGeneralAndAdministrativeExpenses": 101000000,
        "otherExpenses": 39000000,
        "operatingExpenses": 152000000,
        "costAndExpenses": 476000000,
        "interestIncome": 2000000,
        "interestExpense": 56000000,
        "depreciationAndAmortization": 100000000,
        "ebitda": 173000000,
        "ebitdaratio": 0.295221843,
        "operatingIncome": 110000000,
        "operatingIncomeRatio": 0.1877133106,
        "totalOtherIncomeExpensesNet": -95000000,
        "incomeBeforeTax": 15000000,
        "incomeBeforeTaxRatio": 0.0255972696,
        "incomeTaxExpense": 61000000,
        "netIncome": 7000000,
        "netIncomeRatio": 0.0119453925,
        "eps": 0.0347,
        "epsdiluted": 0.0347,
        "weightedAverageShsOut": 202000000,
        "weightedAverageShsOutDil": 202000000,
        "link": "https://www.sec.gov/Archives/edgar/data/1619762/000161976224000107/0001619762-24-000107-index.htm",
        "finalLink": "https://www.sec.gov/Archives/edgar/data/1619762/000161976224000107/igtq324earningspressrele.htm"
    },
    {
        "date": "2024-06-30",
        "symbol": "IGT",
        "reportedCurrency": "USD",
        "cik": "0001619762",
        "fillingDate": "2024-07-30",
        "acceptedDate": "2024-07-30 06:42:34",
        "calendarYear": "2024",
        "period": "Q2",
        "revenue": 1050000000,
        "costOfRevenue": 541000000,
        "grossProfit": 509000000,
        "grossProfitRatio": 0.4847619048,
        "researchAndDevelopmentExpenses": 53000000,
        "generalAndAdministrativeExpenses": 0,
        "sellingAndMarketingExpenses": 0,
        "sellingGeneralAndAdministrativeExpenses": 199000000,
        "otherExpenses": 27000000,
        "operatingExpenses": 279000000,
        "costAndExpenses": 820000000,
        "interestIncome": 5000000,
        "interestExpense": 78000000,
        "depreciationAndAmortization": 179000000,
        "ebitda": 413000000,
        "ebitdaratio": 0.3933333333,
        "operatingIncome": 230000000,
        "operatingIncomeRatio": 0.219047619,
        "totalOtherIncomeExpensesNet": -74000000,
        "incomeBeforeTax": 156000000,
        "incomeBeforeTaxRatio": 0.1485714286,
        "incomeTaxExpense": 71000000,
        "netIncome": 42000000,
        "netIncomeRatio": 0.04,
        "eps": 0.21,
        "epsdiluted": 0.21,
        "weightedAverageShsOut": 201000000,
        "weightedAverageShsOutDil": 203000000,
        "link": "https://www.sec.gov/Archives/edgar/data/1619762/000161976224000091/0001619762-24-000091-index.htm",
        "finalLink": "https://www.sec.gov/Archives/edgar/data/1619762/000161976224000091/igtq224earningspressrele.htm"
    },
    {
        "date": "2024-03-31",
        "symbol": "IGT",
        "reportedCurrency": "USD",
        "cik": "0001619762",
        "fillingDate": "2024-03-31",
        "acceptedDate": "2024-03-31 00:00:00",
        "calendarYear": "2024",
        "period": "Q1",
        "revenue": 1067000000,
        "costOfRevenue": 530000000,
        "grossProfit": 537000000,
        "grossProfitRatio": 0.5032802249,
        "researchAndDevelopmentExpenses": 55000000,
        "generalAndAdministrativeExpenses": 0,
        "sellingAndMarketingExpenses": 0,
        "sellingGeneralAndAdministrativeExpenses": 208000000,
        "otherExpenses": -1000000,
        "operatingExpenses": 263000000,
        "costAndExpenses": 793000000,
        "interestIncome": 6000000,
        "interestExpense": 78000000,
        "depreciationAndAmortization": 176000000,
        "ebitda": 450000000,
        "ebitdaratio": 0.4217432052,
        "operatingIncome": 274000000,
        "operatingIncomeRatio": 0.2567947516,
        "totalOtherIncomeExpensesNet": -58000000,
        "incomeBeforeTax": 198000000,
        "incomeBeforeTaxRatio": 0.1855670103,
        "incomeTaxExpense": 69000000,
        "netIncome": 82000000,
        "netIncomeRatio": 0.0768509841,
        "eps": 0.41,
        "epsdiluted": 0.4,
        "weightedAverageShsOut": 200000000,
        "weightedAverageShsOutDil": 203000000,
        "link": null,
        "finalLink": null
    },
    {
        "date": "2023-12-31",
        "symbol": "IGT",
        "reportedCurrency": "USD",
        "cik": "0001619762",
        "fillingDate": "2024-03-12",
        "acceptedDate": "2024-03-12 06:41:55",
        "calendarYear": "2023",
        "period": "Q4",
        "revenue": 1130000000,
        "costOfRevenue": 591000000,
        "grossProfit": 539000000,
        "grossProfitRatio": 0.4769911504,
        "researchAndDevelopmentExpenses": 57000000,
        "generalAndAdministrativeExpenses": 0,
        "sellingAndMarketingExpenses": 0,
        "sellingGeneralAndAdministrativeExpenses": 189000000,
        "otherExpenses": 0,
        "operatingExpenses": 246000000,
        "costAndExpenses": 837000000,
        "interestIncome": 9000000,
        "interestExpense": 81000000,
        "depreciationAndAmortization": 180000000,
        "ebitda": 301000000,
        "ebitdaratio": 0.2663716814,
        "operatingIncome": 256000000,
        "operatingIncomeRatio": 0.2265486726,
        "totalOtherIncomeExpensesNet": -146000000,
        "incomeBeforeTax": 110000000,
        "incomeBeforeTaxRatio": 0.0973451327,
        "incomeTaxExpense": 83000000,
        "netIncome": -8000000,
        "netIncomeRatio": -0.007079646,
        "eps": -0.04,
        "epsdiluted": -0.04,
        "weightedAverageShsOut": 200000000,
        "weightedAverageShsOutDil": 200000000,
        "link": "https://www.sec.gov/Archives/edgar/data/1619762/000161976224000014/0001619762-24-000014-index.htm",
        "finalLink": "https://www.sec.gov/Archives/edgar/data/1619762/000161976224000014/igtq423earningspressrele.htm"
    },
    {
        "date": "2023-09-30",
        "symbol": "IGT",
        "reportedCurrency": "USD",
        "cik": "0001619762",
        "fillingDate": "2023-10-31",
        "acceptedDate": "2023-10-31 06:43:00",
        "calendarYear": "2023",
        "period": "Q3",
        "revenue": 1065000000,
        "costOfRevenue": 554000000,
        "grossProfit": 511000000,
        "grossProfitRatio": 0.4798122066,
        "researchAndDevelopmentExpenses": 55000000,
        "generalAndAdministrativeExpenses": 0,
        "sellingAndMarketingExpenses": 0,
        "sellingGeneralAndAdministrativeExpenses": 217000000,
        "otherExpenses": -1000000,
        "operatingExpenses": 272000000,
        "costAndExpenses": 826000000,
        "interestIncome": 7000000,
        "interestExpense": 80000000,
        "depreciationAndAmortization": 180000000,
        "ebitda": 371000000,
        "ebitdaratio": 0.3483568075,
        "operatingIncome": 239000000,
        "operatingIncomeRatio": 0.2244131455,
        "totalOtherIncomeExpensesNet": -50000000,
        "incomeBeforeTax": 189000000,
        "incomeBeforeTaxRatio": 0.1774647887,
        "incomeTaxExpense": 66000000,
        "netIncome": 94000000,
        "netIncomeRatio": 0.0882629108,
        "eps": 0.47,
        "epsdiluted": 0.46,
        "weightedAverageShsOut": 200464000,
        "weightedAverageShsOutDil": 203113000,
        "link": "https://www.sec.gov/Archives/edgar/data/1619762/000161976223000071/0001619762-23-000071-index.htm",
        "finalLink": "https://www.sec.gov/Archives/edgar/data/1619762/000161976223000071/igtq323earningspressrelease.htm"
    },
    {
        "date": "2023-06-30",
        "symbol": "IGT",
        "reportedCurrency": "USD",
        "cik": "0001619762",
        "fillingDate": "2023-08-01",
        "acceptedDate": "2023-08-01 16:05:26",
        "calendarYear": "2023",
        "period": "Q2",
        "revenue": 1055000000,
        "costOfRevenue": 533000000,
        "grossProfit": 522000000,
        "grossProfitRatio": 0.4947867299,
        "researchAndDevelopmentExpenses": 60000000,
        "generalAndAdministrativeExpenses": 0,
        "sellingAndMarketingExpenses": 0,
        "sellingGeneralAndAdministrativeExpenses": 211000000,
        "otherExpenses": 2000000,
        "operatingExpenses": 271000000,
        "costAndExpenses": 804000000,
        "interestIncome": 5000000,
        "interestExpense": 77000000,
        "depreciationAndAmortization": 128000000,
        "ebitda": 376000000,
        "ebitdaratio": 0.3563981043,
        "operatingIncome": 251000000,
        "operatingIncomeRatio": 0.2379146919,
        "totalOtherIncomeExpensesNet": -75000000,
        "incomeBeforeTax": 176000000,
        "incomeBeforeTaxRatio": 0.1668246445,
        "incomeTaxExpense": 86000000,
        "netIncome": 46000000,
        "netIncomeRatio": 0.0436018957,
        "eps": 0.23,
        "epsdiluted": 0.23,
        "weightedAverageShsOut": 200079000,
        "weightedAverageShsOutDil": 202626000,
        "link": "https://www.sec.gov/Archives/edgar/data/1619762/000161976223000062/0001619762-23-000062-index.htm",
        "finalLink": "https://www.sec.gov/Archives/edgar/data/1619762/000161976223000062/0001619762-23-000062.txt"
    },
    {
        "date": "2023-03-31",
        "symbol": "IGT",
        "reportedCurrency": "USD",
        "cik": "0001619762",
        "fillingDate": "2023-05-09",
        "acceptedDate": "2023-05-09 16:05:07",
        "calendarYear": "2023",
        "period": "Q1",
        "revenue": 1061000000,
        "costOfRevenue": 525000000,
        "grossProfit": 536000000,
        "grossProfitRatio": 0.5051837889,
        "researchAndDevelopmentExpenses": 62000000,
        "generalAndAdministrativeExpenses": 0,
        "sellingAndMarketingExpenses": 0,
        "sellingGeneralAndAdministrativeExpenses": 217000000,
        "otherExpenses": 0,
        "operatingExpenses": 279000000,
        "costAndExpenses": 804000000,
        "interestIncome": 4000000,
        "interestExpense": 73000000,
        "depreciationAndAmortization": 182000000,
        "ebitda": 412000000,
        "ebitdaratio": 0.3883129123,
        "operatingIncome": 255000000,
        "operatingIncomeRatio": 0.2403393025,
        "totalOtherIncomeExpensesNet": -100000000,
        "incomeBeforeTax": 155000000,
        "incomeBeforeTaxRatio": 0.1460885957,
        "incomeTaxExpense": 87000000,
        "netIncome": 68000000,
        "netIncomeRatio": 0.0640904807,
        "eps": 0.34,
        "epsdiluted": 0.34,
        "weightedAverageShsOut": 199684000,
        "weightedAverageShsOutDil": 201698000,
        "link": "https://www.sec.gov/Archives/edgar/data/1619762/000161976223000032/0001619762-23-000032-index.htm",
        "finalLink": "https://www.sec.gov/Archives/edgar/data/1619762/000161976223000032/0001619762-23-000032.txt"
    },
    {
        "date": "2022-12-31",
        "symbol": "IGT",
        "reportedCurrency": "USD",
        "cik": "0001619762",
        "fillingDate": "2023-02-28",
        "acceptedDate": "2023-02-28 16:10:54",
        "calendarYear": "2022",
        "period": "Q4",
        "revenue": 1093000000,
        "costOfRevenue": 574000000,
        "grossProfit": 519000000,
        "grossProfitRatio": 0.4748398902,
        "researchAndDevelopmentExpenses": 70000000,
        "generalAndAdministrativeExpenses": 0,
        "sellingAndMarketingExpenses": 0,
        "sellingGeneralAndAdministrativeExpenses": 219000000,
        "otherExpenses": 265000000,
        "operatingExpenses": 554000000,
        "costAndExpenses": 1128000000,
        "interestIncome": 3000000,
        "interestExpense": 69000000,
        "depreciationAndAmortization": 175000000,
        "ebitda": 401000000,
        "ebitdaratio": 0.3668801464,
        "operatingIncome": -30000000,
        "operatingIncomeRatio": -0.0274473925,
        "totalOtherIncomeExpensesNet": -161000000,
        "incomeBeforeTax": 70000000,
        "incomeBeforeTaxRatio": 0.0640439158,
        "incomeTaxExpense": 101000000,
        "netIncome": -31000000,
        "netIncomeRatio": -0.0283623056,
        "eps": -0.16,
        "epsdiluted": -0.16,
        "weightedAverageShsOut": 199320000,
        "weightedAverageShsOutDil": 199320000,
        "link": "https://www.sec.gov/Archives/edgar/data/1619762/000161976223000014/0001619762-23-000014-index.htm",
        "finalLink": "https://www.sec.gov/Archives/edgar/data/1619762/000161976223000014/igt-20221231.htm"
    },
    {
        "date": "2022-09-30",
        "symbol": "IGT",
        "reportedCurrency": "USD",
        "cik": "0001619762",
        "fillingDate": "2022-11-08",
        "acceptedDate": "2022-11-08 06:42:14",
        "calendarYear": "2022",
        "period": "Q3",
        "revenue": 1060000000,
        "costOfRevenue": 564000000,
        "grossProfit": 496000000,
        "grossProfitRatio": 0.4679245283,
        "researchAndDevelopmentExpenses": 67000000,
        "generalAndAdministrativeExpenses": 0,
        "sellingAndMarketingExpenses": 0,
        "sellingGeneralAndAdministrativeExpenses": 207000000,
        "otherExpenses": 8000000,
        "operatingExpenses": 282000000,
        "costAndExpenses": 846000000,
        "interestIncome": 4000000,
        "interestExpense": 76000000,
        "depreciationAndAmortization": 169000000,
        "ebitda": 557000000,
        "ebitdaratio": 0.5254716981,
        "operatingIncome": 211000000,
        "operatingIncomeRatio": 0.1990566038,
        "totalOtherIncomeExpensesNet": 104000000,
        "incomeBeforeTax": 315000000,
        "incomeBeforeTaxRatio": 0.2971698113,
        "incomeTaxExpense": 21000000,
        "netIncome": 264000000,
        "netIncomeRatio": 0.2490566038,
        "eps": 1.31,
        "epsdiluted": 1.3,
        "weightedAverageShsOut": 201593000,
        "weightedAverageShsOutDil": 203105000,
        "link": "https://www.sec.gov/Archives/edgar/data/1619762/000161976222000108/0001619762-22-000108-index.htm",
        "finalLink": "https://www.sec.gov/Archives/edgar/data/1619762/000161976222000108/a3q22earningspressreleas.htm"
    },
    {
        "date": "2022-06-30",
        "symbol": "IGT",
        "reportedCurrency": "USD",
        "cik": "0001619762",
        "fillingDate": "2022-11-08",
        "acceptedDate": "2022-11-08 06:42:14",
        "calendarYear": "2022",
        "period": "Q2",
        "revenue": 1021000000,
        "costOfRevenue": 537000000,
        "grossProfit": 484000000,
        "grossProfitRatio": 0.4740450539,
        "researchAndDevelopmentExpenses": 60000000,
        "generalAndAdministrativeExpenses": 0,
        "sellingAndMarketingExpenses": 0,
        "sellingGeneralAndAdministrativeExpenses": 195000000,
        "otherExpenses": 528000000,
        "operatingExpenses": 406000000,
        "costAndExpenses": 943000000,
        "interestIncome": 3000000,
        "interestExpense": 78000000,
        "depreciationAndAmortization": 120000000,
        "ebitda": 218000000,
        "ebitdaratio": 0.2135161606,
        "operatingIncome": 228000000,
        "operatingIncomeRatio": 0.2233104799,
        "totalOtherIncomeExpensesNet": -206000000,
        "incomeBeforeTax": 22000000,
        "incomeBeforeTaxRatio": 0.0215475024,
        "incomeTaxExpense": -11000000,
        "netIncome": -4000000,
        "netIncomeRatio": -0.0039177277,
        "eps": -0.02,
        "epsdiluted": -0.0197,
        "weightedAverageShsOut": 200000000,
        "weightedAverageShsOutDil": 202696000,
        "link": "https://www.sec.gov/Archives/edgar/data/1619762/000161976222000108/0001619762-22-000108-index.htm",
        "finalLink": "https://www.sec.gov/Archives/edgar/data/1619762/000161976222000108/a3q22earningspressreleas.htm"
    },
    {
        "date": "2022-03-31",
        "symbol": "IGT",
        "reportedCurrency": "USD",
        "cik": "0001619762",
        "fillingDate": "2022-05-10",
        "acceptedDate": "2022-05-10 06:55:37",
        "calendarYear": "2022",
        "period": "Q1",
        "revenue": 1051000000,
        "costOfRevenue": 550000000,
        "grossProfit": 501000000,
        "grossProfitRatio": 0.4766888677,
        "researchAndDevelopmentExpenses": 57000000,
        "generalAndAdministrativeExpenses": 0,
        "sellingAndMarketingExpenses": 0,
        "sellingGeneralAndAdministrativeExpenses": 193000000,
        "otherExpenses": 0,
        "operatingExpenses": 250000000,
        "costAndExpenses": 800000000,
        "interestIncome": 3000000,
        "interestExpense": 79000000,
        "depreciationAndAmortization": 121000000,
        "ebitda": 372000000,
        "ebitdaratio": 0.3539486204,
        "operatingIncome": 252000000,
        "operatingIncomeRatio": 0.2397716461,
        "totalOtherIncomeExpensesNet": -70000000,
        "incomeBeforeTax": 182000000,
        "incomeBeforeTaxRatio": 0.173168411,
        "incomeTaxExpense": 65000000,
        "netIncome": 117000000,
        "netIncomeRatio": 0.11132255,
        "eps": 0.57,
        "epsdiluted": 0.57,
        "weightedAverageShsOut": 203743000,
        "weightedAverageShsOutDil": 205166000,
        "link": "https://www.sec.gov/Archives/edgar/data/1619762/000110465922057909/0001104659-22-057909-index.htm",
        "finalLink": "https://www.sec.gov/Archives/edgar/data/1619762/000110465922057909/tm2214698d1_ex99-1.htm"
    },
    {
        "date": "2021-12-31",
        "symbol": "IGT",
        "reportedCurrency": "USD",
        "cik": "0001619762",
        "fillingDate": "2021-12-31",
        "acceptedDate": "2021-12-31 00:00:00",
        "calendarYear": "2021",
        "period": "Q4",
        "revenue": 1050000000,
        "costOfRevenue": 576000000,
        "grossProfit": 474000000,
        "grossProfitRatio": 0.4514285714,
        "researchAndDevelopmentExpenses": 59000000,
        "generalAndAdministrativeExpenses": 0,
        "sellingAndMarketingExpenses": 0,
        "sellingGeneralAndAdministrativeExpenses": 222000000,
        "otherExpenses": -2000000,
        "operatingExpenses": 281000000,
        "costAndExpenses": 857000000,
        "interestIncome": 0,
        "interestExpense": 83000000,
        "depreciationAndAmortization": 130000000,
        "ebitda": 318000000,
        "ebitdaratio": 0.3028571429,
        "operatingIncome": 186000000,
        "operatingIncomeRatio": 0.1771428571,
        "totalOtherIncomeExpensesNet": -75000000,
        "incomeBeforeTax": 111000000,
        "incomeBeforeTaxRatio": 0.1057142857,
        "incomeTaxExpense": 56000000,
        "netIncome": 20000000,
        "netIncomeRatio": 0.019047619,
        "eps": 0.1,
        "epsdiluted": 0.1,
        "weightedAverageShsOut": 204673000,
        "weightedAverageShsOutDil": 206996000,
        "link": null,
        "finalLink": null
    },
    {
        "date": "2021-09-30",
        "symbol": "IGT",
        "reportedCurrency": "USD",
        "cik": "0001619762",
        "fillingDate": "2021-11-09",
        "acceptedDate": "2021-11-09 06:48:24",
        "calendarYear": "2021",
        "period": "Q3",
        "revenue": 984000000,
        "costOfRevenue": 515000000,
        "grossProfit": 469000000,
        "grossProfitRatio": 0.4766260163,
        "researchAndDevelopmentExpenses": 63000000,
        "generalAndAdministrativeExpenses": 0,
        "sellingAndMarketingExpenses": 0,
        "sellingGeneralAndAdministrativeExpenses": 195000000,
        "otherExpenses": -1000000,
        "operatingExpenses": 258000000,
        "costAndExpenses": 773000000,
        "interestIncome": 4000000,
        "interestExpense": 83000000,
        "depreciationAndAmortization": 132000000,
        "ebitda": 349000000,
        "ebitdaratio": 0.3546747967,
        "operatingIncome": 212000000,
        "operatingIncomeRatio": 0.2154471545,
        "totalOtherIncomeExpensesNet": -74000000,
        "incomeBeforeTax": 138000000,
        "incomeBeforeTaxRatio": 0.1402439024,
        "incomeTaxExpense": 37000000,
        "netIncome": 65000000,
        "netIncomeRatio": 0.0660569106,
        "eps": 0.32,
        "epsdiluted": 0.31,
        "weightedAverageShsOut": 205188000,
        "weightedAverageShsOutDil": 206899000,
        "link": "https://www.sec.gov/Archives/edgar/data/1619762/000161976221000082/0001619762-21-000082-index.htm",
        "finalLink": "https://www.sec.gov/Archives/edgar/data/1619762/000161976221000082/igtq321earningspressrelease.htm"
    },
    {
        "date": "2021-06-30",
        "symbol": "IGT",
        "reportedCurrency": "USD",
        "cik": "0001619762",
        "fillingDate": "2021-06-30",
        "acceptedDate": "2021-06-30 00:00:00",
        "calendarYear": "2021",
        "period": "Q2",
        "revenue": 1041000000,
        "costOfRevenue": 526000000,
        "grossProfit": 515000000,
        "grossProfitRatio": 0.4947166186,
        "researchAndDevelopmentExpenses": 61000000,
        "generalAndAdministrativeExpenses": 0,
        "sellingAndMarketingExpenses": 0,
        "sellingGeneralAndAdministrativeExpenses": 207000000,
        "otherExpenses": 0,
        "operatingExpenses": 269000000,
        "costAndExpenses": 795000000,
        "interestIncome": 3000000,
        "interestExpense": 94000000,
        "depreciationAndAmortization": 133000000,
        "ebitda": 219000000,
        "ebitdaratio": 0.2103746398,
        "operatingIncome": 244000000,
        "operatingIncomeRatio": 0.2343900096,
        "totalOtherIncomeExpensesNet": -251000000,
        "incomeBeforeTax": -7000000,
        "incomeBeforeTaxRatio": -0.0067243036,
        "incomeTaxExpense": 32000000,
        "netIncome": 306000000,
        "netIncomeRatio": 0.2939481268,
        "eps": 1.49,
        "epsdiluted": 1.49,
        "weightedAverageShsOut": 204166666,
        "weightedAverageShsOutDil": 205096000,
        "link": null,
        "finalLink": null
    },
    {
        "date": "2021-03-31",
        "symbol": "IGT",
        "reportedCurrency": "USD",
        "cik": "0001619762",
        "fillingDate": "2021-05-11",
        "acceptedDate": "2021-05-11 16:16:48",
        "calendarYear": "2021",
        "period": "Q1",
        "revenue": 1015000000,
        "costOfRevenue": 514000000,
        "grossProfit": 501000000,
        "grossProfitRatio": 0.4935960591,
        "researchAndDevelopmentExpenses": 55000000,
        "generalAndAdministrativeExpenses": 0,
        "sellingAndMarketingExpenses": 0,
        "sellingGeneralAndAdministrativeExpenses": 186000000,
        "otherExpenses": 0,
        "operatingExpenses": 241000000,
        "costAndExpenses": 755000000,
        "interestIncome": 3000000,
        "interestExpense": 97000000,
        "depreciationAndAmortization": 131000000,
        "ebitda": 511000000,
        "ebitdaratio": 0.5034482759,
        "operatingIncome": 260000000,
        "operatingIncomeRatio": 0.2561576355,
        "totalOtherIncomeExpensesNet": 26000000,
        "incomeBeforeTax": 286000000,
        "incomeBeforeTaxRatio": 0.281773399,
        "incomeTaxExpense": 148000000,
        "netIncome": 92000000,
        "netIncomeRatio": 0.0906403941,
        "eps": 0.45,
        "epsdiluted": 0.44,
        "weightedAverageShsOut": 204857000,
        "weightedAverageShsOutDil": 206504000,
        "link": "https://www.sec.gov/Archives/edgar/data/1619762/000161976221000042/0001619762-21-000042-index.htm",
        "finalLink": "https://www.sec.gov/Archives/edgar/data/1619762/000161976221000042/0001619762-21-000042.txt"
    },
    {
        "date": "2020-12-31",
        "symbol": "IGT",
        "reportedCurrency": "USD",
        "cik": "0001619762",
        "fillingDate": "2021-03-02",
        "acceptedDate": "2021-03-02 16:12:20",
        "calendarYear": "2020",
        "period": "Q4",
        "revenue": 885125000,
        "costOfRevenue": 542912000,
        "grossProfit": 342213000,
        "grossProfitRatio": 0.3866267476,
        "researchAndDevelopmentExpenses": 50837000,
        "generalAndAdministrativeExpenses": 0,
        "sellingAndMarketingExpenses": 0,
        "sellingGeneralAndAdministrativeExpenses": 195895000,
        "otherExpenses": 990000,
        "operatingExpenses": 248014000,
        "costAndExpenses": 790926000,
        "interestIncome": 3046000,
        "interestExpense": 103678000,
        "depreciationAndAmortization": 118643000,
        "ebitda": 290937000,
        "ebitdaratio": 0.3286959469,
        "operatingIncome": 96109000,
        "operatingIncomeRatio": 0.1085824036,
        "totalOtherIncomeExpensesNet": -256149000,
        "incomeBeforeTax": -159149000,
        "incomeBeforeTaxRatio": -0.1798039825,
        "incomeTaxExpense": 72747000,
        "netIncome": -241996000,
        "netIncomeRatio": -0.2734031916,
        "eps": -1.18,
        "epsdiluted": -1.18,
        "weightedAverageShsOut": 204811797,
        "weightedAverageShsOutDil": 204857000,
        "link": "https://www.sec.gov/Archives/edgar/data/1619762/000161976221000010/0001619762-21-000010-index.htm",
        "finalLink": "https://www.sec.gov/Archives/edgar/data/1619762/000161976221000010/igt-20201231.htm"
    },
    {
        "date": "2020-09-30",
        "symbol": "IGT",
        "reportedCurrency": "USD",
        "cik": "0001619762",
        "fillingDate": "2020-09-30",
        "acceptedDate": "2020-09-30 00:00:00",
        "calendarYear": "2020",
        "period": "Q3",
        "revenue": 981510000,
        "costOfRevenue": 622634000,
        "grossProfit": 358876000,
        "grossProfitRatio": 0.3656366211,
        "researchAndDevelopmentExpenses": 48039000,
        "generalAndAdministrativeExpenses": 0,
        "sellingAndMarketingExpenses": 0,
        "sellingGeneralAndAdministrativeExpenses": 180315000,
        "otherExpenses": 0,
        "operatingExpenses": 230472000,
        "costAndExpenses": 853106000,
        "interestIncome": 4539000,
        "interestExpense": 105562000,
        "depreciationAndAmortization": 198000000,
        "ebitda": 231000000,
        "ebitdaratio": 0.235351652,
        "operatingIncome": 128502000,
        "operatingIncomeRatio": 0.1309227619,
        "totalOtherIncomeExpensesNet": -215955000,
        "incomeBeforeTax": -128955000,
        "incomeBeforeTaxRatio": -0.1313842956,
        "incomeTaxExpense": -26617000,
        "netIncome": -127990000,
        "netIncomeRatio": -0.1304011166,
        "eps": -0.63,
        "epsdiluted": -0.62,
        "weightedAverageShsOut": 204000000,
        "weightedAverageShsOutDil": 204857000,
        "link": null,
        "finalLink": null
    },
    {
        "date": "2020-06-30",
        "symbol": "IGT",
        "reportedCurrency": "USD",
        "cik": "0001619762",
        "fillingDate": "2020-08-04",
        "acceptedDate": "2020-08-04 06:48:41",
        "calendarYear": "2020",
        "period": "Q2",
        "revenue": 637484000,
        "costOfRevenue": 483867000,
        "grossProfit": 153617000,
        "grossProfitRatio": 0.2409738911,
        "researchAndDevelopmentExpenses": 31335000,
        "generalAndAdministrativeExpenses": 0,
        "sellingAndMarketingExpenses": 0,
        "sellingGeneralAndAdministrativeExpenses": 171950000,
        "otherExpenses": 0,
        "operatingExpenses": 204294000,
        "costAndExpenses": 688161000,
        "interestIncome": 6664000,
        "interestExpense": 102263000,
        "depreciationAndAmortization": 191000000,
        "ebitda": -94106000,
        "ebitdaratio": -0.1476209599,
        "operatingIncome": -94106000,
        "operatingIncomeRatio": -0.1476209599,
        "totalOtherIncomeExpensesNet": -199357000,
        "incomeBeforeTax": -293463000,
        "incomeBeforeTaxRatio": -0.4603456714,
        "incomeTaxExpense": -11321000,
        "netIncome": -279616000,
        "netIncomeRatio": -0.4386243419,
        "eps": -1.37,
        "epsdiluted": -1.37,
        "weightedAverageShsOut": 204580152,
        "weightedAverageShsOutDil": 204748000,
        "link": "https://www.sec.gov/Archives/edgar/data/1619762/000110465920089921/0001104659-20-089921-index.htm",
        "finalLink": "https://www.sec.gov/Archives/edgar/data/1619762/000110465920089921/tm2026395d1_ex99-1.htm"
    },
    {
        "date": "2020-03-31",
        "symbol": "IGT",
        "reportedCurrency": "USD",
        "cik": "0001619762",
        "fillingDate": "2020-03-31",
        "acceptedDate": "2020-03-31 00:00:00",
        "calendarYear": "2020",
        "period": "Q1",
        "revenue": 940195000,
        "costOfRevenue": 612926000,
        "grossProfit": 327269000,
        "grossProfitRatio": 0.3480863012,
        "researchAndDevelopmentExpenses": 60737000,
        "generalAndAdministrativeExpenses": 0,
        "sellingAndMarketingExpenses": 0,
        "sellingGeneralAndAdministrativeExpenses": 163593000,
        "otherExpenses": -3386000,
        "operatingExpenses": 228548000,
        "costAndExpenses": 841474000,
        "interestIncome": 1000000,
        "interestExpense": 100662000,
        "depreciationAndAmortization": 192000000,
        "ebitda": 37841000,
        "ebitdaratio": 0.0402480337,
        "operatingIncome": -197279000,
        "operatingIncomeRatio": -0.2098277485,
        "totalOtherIncomeExpensesNet": -33688000,
        "incomeBeforeTax": -230967000,
        "incomeBeforeTaxRatio": -0.2456586134,
        "incomeTaxExpense": 3132000,
        "netIncome": -248288000,
        "netIncomeRatio": -0.2640813874,
        "eps": -1.21,
        "epsdiluted": -1.21,
        "weightedAverageShsOut": 204435000,
        "weightedAverageShsOutDil": 204435000,
        "link": null,
        "finalLink": null
    },
    {
        "date": "2019-12-31",
        "symbol": "IGT",
        "reportedCurrency": "USD",
        "cik": "0001619762",
        "fillingDate": "2019-12-31",
        "acceptedDate": "2019-12-31 00:00:00",
        "calendarYear": "2019",
        "period": "Q4",
        "revenue": 1253390000,
        "costOfRevenue": 770912000,
        "grossProfit": 482478000,
        "grossProfitRatio": 0.3849384469,
        "researchAndDevelopmentExpenses": 65936000,
        "generalAndAdministrativeExpenses": 0,
        "sellingAndMarketingExpenses": 0,
        "sellingGeneralAndAdministrativeExpenses": 229531000,
        "otherExpenses": -4758000,
        "operatingExpenses": 302099000,
        "costAndExpenses": 1073011000,
        "interestIncome": 0,
        "interestExpense": 100649000,
        "depreciationAndAmortization": 191005000,
        "ebitda": 216965000,
        "ebitdaratio": 0.1731025459,
        "operatingIncome": 81379000,
        "operatingIncomeRatio": 0.0649271177,
        "totalOtherIncomeExpensesNet": -207177000,
        "incomeBeforeTax": -125798000,
        "incomeBeforeTaxRatio": -0.1003662068,
        "incomeTaxExpense": 12587000,
        "netIncome": -167698000,
        "netIncomeRatio": -0.1337955465,
        "eps": -0.82,
        "epsdiluted": -0.82,
        "weightedAverageShsOut": 203805727,
        "weightedAverageShsOutDil": 204435000,
        "link": null,
        "finalLink": null
    },
    {
        "date": "2019-09-30",
        "symbol": "IGT",
        "reportedCurrency": "USD",
        "cik": "0001619762",
        "fillingDate": "2019-11-14",
        "acceptedDate": "2019-11-14 06:48:06",
        "calendarYear": "2019",
        "period": "Q3",
        "revenue": 1153247000,
        "costOfRevenue": 711840000,
        "grossProfit": 441407000,
        "grossProfitRatio": 0.3827514834,
        "researchAndDevelopmentExpenses": 68804000,
        "generalAndAdministrativeExpenses": 0,
        "sellingAndMarketingExpenses": 0,
        "sellingGeneralAndAdministrativeExpenses": 201416000,
        "otherExpenses": -308000,
        "operatingExpenses": 271373000,
        "costAndExpenses": 983213000,
        "interestIncome": 4326000,
        "interestExpense": 106877000,
        "depreciationAndAmortization": 226675000,
        "ebitda": 400727000,
        "ebitdaratio": 0.3474771666,
        "operatingIncome": 153882000,
        "operatingIncomeRatio": 0.1334336877,
        "totalOtherIncomeExpensesNet": 21209000,
        "incomeBeforeTax": 175091000,
        "incomeBeforeTaxRatio": 0.1518243707,
        "incomeTaxExpense": 44530000,
        "netIncome": 103563000,
        "netIncomeRatio": 0.0898012308,
        "eps": 0.51,
        "epsdiluted": 0.51,
        "weightedAverageShsOut": 204435000,
        "weightedAverageShsOutDil": 204528000,
        "link": "https://www.sec.gov/Archives/edgar/data/1619762/000110465919063687/0001104659-19-063687-index.htm",
        "finalLink": "https://www.sec.gov/Archives/edgar/data/1619762/000110465919063687/a19-22743_1ex99d1.htm"
    },
    {
        "date": "2019-06-30",
        "symbol": "IGT",
        "reportedCurrency": "USD",
        "cik": "0001619762",
        "fillingDate": "2019-06-30",
        "acceptedDate": "2019-06-30 00:00:00",
        "calendarYear": "2019",
        "period": "Q2",
        "revenue": 1234253000,
        "costOfRevenue": 755384000,
        "grossProfit": 478869000,
        "grossProfitRatio": 0.3879828528,
        "researchAndDevelopmentExpenses": 65383000,
        "generalAndAdministrativeExpenses": 0,
        "sellingAndMarketingExpenses": 0,
        "sellingGeneralAndAdministrativeExpenses": 213263000,
        "otherExpenses": 0,
        "operatingExpenses": 281100000,
        "costAndExpenses": 1036484000,
        "interestIncome": 2699000,
        "interestExpense": 106559000,
        "depreciationAndAmortization": 224703000,
        "ebitda": 433549000,
        "ebitdaratio": 0.351264287,
        "operatingIncome": 223715000,
        "operatingIncomeRatio": 0.1812553828,
        "totalOtherIncomeExpensesNet": -121428000,
        "incomeBeforeTax": 102287000,
        "incomeBeforeTaxRatio": 0.0828736086,
        "incomeTaxExpense": 63300000,
        "netIncome": 4856000,
        "netIncomeRatio": 0.0039343635,
        "eps": 0.02,
        "epsdiluted": 0.02,
        "weightedAverageShsOut": 204407000,
        "weightedAverageShsOutDil": 204412000,
        "link": null,
        "finalLink": null
    },
    {
        "date": "2019-03-31",
        "symbol": "IGT",
        "reportedCurrency": "USD",
        "cik": "0001619762",
        "fillingDate": "2019-03-31",
        "acceptedDate": "2019-03-31 00:00:00",
        "calendarYear": "2019",
        "period": "Q1",
        "revenue": 1144916000,
        "costOfRevenue": 695512000,
        "grossProfit": 449404000,
        "grossProfitRatio": 0.3925213727,
        "researchAndDevelopmentExpenses": 66118000,
        "generalAndAdministrativeExpenses": 0,
        "sellingAndMarketingExpenses": 0,
        "sellingGeneralAndAdministrativeExpenses": 205134000,
        "otherExpenses": -498000,
        "operatingExpenses": 271252000,
        "costAndExpenses": 966764000,
        "interestIncome": 2960000,
        "interestExpense": 106029000,
        "depreciationAndAmortization": 225704000,
        "ebitda": 178152000,
        "ebitdaratio": 0.1556026818,
        "operatingIncome": 178152000,
        "operatingIncomeRatio": 0.1556026818,
        "totalOtherIncomeExpensesNet": -44965000,
        "incomeBeforeTax": 133187000,
        "incomeBeforeTaxRatio": 0.1163290582,
        "incomeTaxExpense": 52692000,
        "netIncome": 40254000,
        "netIncomeRatio": 0.0351589112,
        "eps": 0.2,
        "epsdiluted": 0.2,
        "weightedAverageShsOut": 204300000,
        "weightedAverageShsOutDil": 204742000,
        "link": null,
        "finalLink": null
    },
    {
        "date": "2018-12-31",
        "symbol": "IGT",
        "reportedCurrency": "USD",
        "cik": "0001619762",
        "fillingDate": "2018-12-31",
        "acceptedDate": "2018-12-31 00:00:00",
        "calendarYear": "2018",
        "period": "Q4",
        "revenue": 1266132000,
        "costOfRevenue": 796070000,
        "grossProfit": 470062000,
        "grossProfitRatio": 0.371258289,
        "researchAndDevelopmentExpenses": 64782000,
        "generalAndAdministrativeExpenses": 177154000,
        "sellingAndMarketingExpenses": 61500000,
        "sellingGeneralAndAdministrativeExpenses": 238654000,
        "otherExpenses": 0,
        "operatingExpenses": 303437000,
        "costAndExpenses": 1099507000,
        "interestIncome": 4632000,
        "interestExpense": 108298000,
        "depreciationAndAmortization": 189001000,
        "ebitda": 257580000,
        "ebitdaratio": 0.203438504,
        "operatingIncome": 40891000,
        "operatingIncomeRatio": 0.0322960007,
        "totalOtherIncomeExpensesNet": -80610000,
        "incomeBeforeTax": -39719000,
        "incomeBeforeTaxRatio": -0.0313703469,
        "incomeTaxExpense": 30337000,
        "netIncome": -101999000,
        "netIncomeRatio": -0.0805595309,
        "eps": -0.5,
        "epsdiluted": -0.5,
        "weightedAverageShsOut": 204307000,
        "weightedAverageShsOutDil": 204307000,
        "link": null,
        "finalLink": null
    },
    {
        "date": "2018-09-30",
        "symbol": "IGT",
        "reportedCurrency": "USD",
        "cik": "0001619762",
        "fillingDate": "2018-10-31",
        "acceptedDate": "2018-10-31 06:50:10",
        "calendarYear": "2018",
        "period": "Q3",
        "revenue": 1155830000,
        "costOfRevenue": 694122000,
        "grossProfit": 461708000,
        "grossProfitRatio": 0.3994601282,
        "researchAndDevelopmentExpenses": 63277000,
        "generalAndAdministrativeExpenses": 0,
        "sellingAndMarketingExpenses": 0,
        "sellingGeneralAndAdministrativeExpenses": 194099000,
        "otherExpenses": 0,
        "operatingExpenses": 257382000,
        "costAndExpenses": 951504000,
        "interestIncome": 3249000,
        "interestExpense": 106802000,
        "depreciationAndAmortization": 177561000,
        "ebitda": 381893000,
        "ebitdaratio": 0.3304058555,
        "operatingIncome": 200028000,
        "operatingIncomeRatio": 0.1730600521,
        "totalOtherIncomeExpensesNet": -99693000,
        "incomeBeforeTax": 100335000,
        "incomeBeforeTaxRatio": 0.0868077485,
        "incomeTaxExpense": 46327000,
        "netIncome": 22299000,
        "netIncomeRatio": 0.0192926295,
        "eps": 0.11,
        "epsdiluted": 0.11,
        "weightedAverageShsOut": 204219000,
        "weightedAverageShsOutDil": 204344000,
        "link": "https://www.sec.gov/Archives/edgar/data/1619762/000110465918064870/0001104659-18-064870-index.htm",
        "finalLink": "https://www.sec.gov/Archives/edgar/data/1619762/000110465918064870/a18-38227_1ex99d1.htm"
    },
    {
        "date": "2018-06-30",
        "symbol": "IGT",
        "reportedCurrency": "USD",
        "cik": "0001619762",
        "fillingDate": "2018-07-31",
        "acceptedDate": "2018-07-31 06:48:48",
        "calendarYear": "2018",
        "period": "Q2",
        "revenue": 1202338000,
        "costOfRevenue": 730087000,
        "grossProfit": 472251000,
        "grossProfitRatio": 0.392777239,
        "researchAndDevelopmentExpenses": 63957000,
        "generalAndAdministrativeExpenses": 0,
        "sellingAndMarketingExpenses": 0,
        "sellingGeneralAndAdministrativeExpenses": 196088000,
        "otherExpenses": -1434000,
        "operatingExpenses": 260034000,
        "costAndExpenses": 990121000,
        "interestIncome": 3351000,
        "interestExpense": 106239000,
        "depreciationAndAmortization": 172419000,
        "ebitda": 381496000,
        "ebitdaratio": 0.3172951366,
        "operatingIncome": 209077000,
        "operatingIncomeRatio": 0.1738920337,
        "totalOtherIncomeExpensesNet": 38354000,
        "incomeBeforeTax": 247431000,
        "incomeBeforeTaxRatio": 0.2057915495,
        "incomeTaxExpense": 52232000,
        "netIncome": 161496000,
        "netIncomeRatio": 0.1343183032,
        "eps": 0.79,
        "epsdiluted": 0.79,
        "weightedAverageShsOut": 204118000,
        "weightedAverageShsOutDil": 204516000,
        "link": "https://www.sec.gov/Archives/edgar/data/1619762/000110465918048225/0001104659-18-048225-index.htm",
        "finalLink": "https://www.sec.gov/Archives/edgar/data/1619762/000110465918048225/a18-17891_1ex99d1.htm"
    },
    {
        "date": "2018-03-31",
        "symbol": "IGT",
        "reportedCurrency": "USD",
        "cik": "0001619762",
        "fillingDate": "2018-03-31",
        "acceptedDate": "2018-03-31 00:00:00",
        "calendarYear": "2018",
        "period": "Q1",
        "revenue": 1206956000,
        "costOfRevenue": 721409000,
        "grossProfit": 485547000,
        "grossProfitRatio": 0.4022905557,
        "researchAndDevelopmentExpenses": 71263000,
        "generalAndAdministrativeExpenses": 0,
        "sellingAndMarketingExpenses": 0,
        "sellingGeneralAndAdministrativeExpenses": 215218000,
        "otherExpenses": 0,
        "operatingExpenses": 286536000,
        "costAndExpenses": 1007945000,
        "interestIncome": 2999000,
        "interestExpense": 110279000,
        "depreciationAndAmortization": 166479000,
        "ebitda": 363474000,
        "ebitdaratio": 0.3011493377,
        "operatingIncome": 196995000,
        "operatingIncomeRatio": 0.163216389,
        "totalOtherIncomeExpensesNet": -200994000,
        "incomeBeforeTax": -3999000,
        "incomeBeforeTaxRatio": -0.0033132939,
        "incomeTaxExpense": 60505000,
        "netIncome": -103146000,
        "netIncomeRatio": -0.0854596191,
        "eps": -0.51,
        "epsdiluted": -0.51,
        "weightedAverageShsOut": 202247058,
        "weightedAverageShsOutDil": 203597000,
        "link": null,
        "finalLink": null
    },
    {
        "date": "2017-12-31",
        "symbol": "IGT",
        "reportedCurrency": "USD",
        "cik": "0001619762",
        "fillingDate": "2017-12-31",
        "acceptedDate": "2017-12-31 00:00:00",
        "calendarYear": "2017",
        "period": "Q4",
        "revenue": 1345670000,
        "costOfRevenue": 863177000,
        "grossProfit": 482493000,
        "grossProfitRatio": 0.3585522453,
        "researchAndDevelopmentExpenses": 70946000,
        "generalAndAdministrativeExpenses": 0,
        "sellingAndMarketingExpenses": 0,
        "sellingGeneralAndAdministrativeExpenses": 208522000,
        "otherExpenses": 0,
        "operatingExpenses": 279410000,
        "costAndExpenses": 1142587000,
        "interestIncome": 2444000,
        "interestExpense": 114405000,
        "depreciationAndAmortization": 195363000,
        "ebitda": 332346000,
        "ebitdaratio": 0.2469743696,
        "operatingIncome": 193913000,
        "operatingIncomeRatio": 0.1441014513,
        "totalOtherIncomeExpensesNet": -131887000,
        "incomeBeforeTax": 22578000,
        "incomeBeforeTaxRatio": 0.0167782592,
        "incomeTaxExpense": -83346000,
        "netIncome": 79729000,
        "netIncomeRatio": 0.0592485528,
        "eps": 0.39,
        "epsdiluted": 0.39,
        "weightedAverageShsOut": 203500000,
        "weightedAverageShsOutDil": 203500000,
        "link": null,
        "finalLink": null
    },
    {
        "date": "2017-09-30",
        "symbol": "IGT",
        "reportedCurrency": "USD",
        "cik": "0001619762",
        "fillingDate": "2017-11-14",
        "acceptedDate": "2017-11-14 06:47:14",
        "calendarYear": "2017",
        "period": "Q3",
        "revenue": 1221201000,
        "costOfRevenue": 775605000,
        "grossProfit": 445596000,
        "grossProfitRatio": 0.3648834221,
        "researchAndDevelopmentExpenses": 79009000,
        "generalAndAdministrativeExpenses": 0,
        "sellingAndMarketingExpenses": 0,
        "sellingGeneralAndAdministrativeExpenses": 196862000,
        "otherExpenses": 0,
        "operatingExpenses": 276498000,
        "costAndExpenses": 1052103000,
        "interestIncome": 2906000,
        "interestExpense": 113711000,
        "depreciationAndAmortization": 202744000,
        "ebitda": -477776000,
        "ebitdaratio": -0.3912345306,
        "operatingIncome": -556098000,
        "operatingIncomeRatio": -0.4553697549,
        "totalOtherIncomeExpensesNet": -238133000,
        "incomeBeforeTax": -794231000,
        "incomeBeforeTaxRatio": -0.6503687763,
        "incomeTaxExpense": -19824000,
        "netIncome": -803614000,
        "netIncomeRatio": -0.6580521962,
        "eps": -3.95,
        "epsdiluted": -3.95,
        "weightedAverageShsOut": 203446582,
        "weightedAverageShsOutDil": 203489000,
        "link": "https://www.sec.gov/Archives/edgar/data/1619762/000110465917068185/0001104659-17-068185-index.htm",
        "finalLink": "https://www.sec.gov/Archives/edgar/data/1619762/000110465917068185/a17-26526_1ex99d1.htm"
    },
    {
        "date": "2017-06-30",
        "symbol": "IGT",
        "reportedCurrency": "USD",
        "cik": "0001619762",
        "fillingDate": "2017-08-01",
        "acceptedDate": "2017-08-01 07:20:10",
        "calendarYear": "2017",
        "period": "Q2",
        "revenue": 1219504000,
        "costOfRevenue": 755102000,
        "grossProfit": 464402000,
        "grossProfitRatio": 0.3808121991,
        "researchAndDevelopmentExpenses": 80512000,
        "generalAndAdministrativeExpenses": 0,
        "sellingAndMarketingExpenses": 0,
        "sellingGeneralAndAdministrativeExpenses": 210185000,
        "otherExpenses": -26112000,
        "operatingExpenses": 261067000,
        "costAndExpenses": 1016169000,
        "interestIncome": 2460000,
        "interestExpense": 115984000,
        "depreciationAndAmortization": 196171000,
        "ebitda": 144005000,
        "ebitdaratio": 0.1180848935,
        "operatingIncome": 191872000,
        "operatingIncomeRatio": 0.1573360973,
        "totalOtherIncomeExpensesNet": -360022000,
        "incomeBeforeTax": -168150000,
        "incomeBeforeTaxRatio": -0.1378839266,
        "incomeTaxExpense": 84086000,
        "netIncome": -289901000,
        "netIncomeRatio": -0.2377204175,
        "eps": -1.43,
        "epsdiluted": -1.43,
        "weightedAverageShsOut": 202727972,
        "weightedAverageShsOutDil": 202946000,
        "link": "https://www.sec.gov/Archives/edgar/data/1619762/000110465917048218/0001104659-17-048218-index.htm",
        "finalLink": "https://www.sec.gov/Archives/edgar/data/1619762/000110465917048218/a17-18612_1ex99d1.htm"
    },
    {
        "date": "2017-03-31",
        "symbol": "IGT",
        "reportedCurrency": "USD",
        "cik": "0001619762",
        "fillingDate": "2017-03-31",
        "acceptedDate": "2017-03-31 00:00:00",
        "calendarYear": "2017",
        "period": "Q1",
        "revenue": 1152584000,
        "costOfRevenue": 738630000,
        "grossProfit": 413954000,
        "grossProfitRatio": 0.3591529988,
        "researchAndDevelopmentExpenses": 82621000,
        "generalAndAdministrativeExpenses": 0,
        "sellingAndMarketingExpenses": 0,
        "sellingGeneralAndAdministrativeExpenses": 200524000,
        "otherExpenses": 2667000,
        "operatingExpenses": 285466000,
        "costAndExpenses": 1024096000,
        "interestIncome": 2626000,
        "interestExpense": 114799000,
        "depreciationAndAmortization": 208162000,
        "ebitda": 338971000,
        "ebitdaratio": 0.2940965691,
        "operatingIncome": 119221000,
        "operatingIncomeRatio": 0.1034380141,
        "totalOtherIncomeExpensesNet": -156343000,
        "incomeBeforeTax": -37122000,
        "incomeBeforeTaxRatio": -0.0322076309,
        "incomeTaxExpense": -10330000,
        "netIncome": -54790000,
        "netIncomeRatio": -0.0475366654,
        "eps": -0.27,
        "epsdiluted": -0.27,
        "weightedAverageShsOut": 202479000,
        "weightedAverageShsOutDil": 202479000,
        "link": null,
        "finalLink": null
    },
    {
        "date": "2016-12-31",
        "symbol": "IGT",
        "reportedCurrency": "USD",
        "cik": "0001619762",
        "fillingDate": "2017-04-20",
        "acceptedDate": "2017-04-19 18:30:15",
        "calendarYear": "2016",
        "period": "Q4",
        "revenue": 1321216000,
        "costOfRevenue": 820889000,
        "grossProfit": 500327000,
        "grossProfitRatio": 0.3786867552,
        "researchAndDevelopmentExpenses": 87182000,
        "generalAndAdministrativeExpenses": 0,
        "sellingAndMarketingExpenses": 0,
        "sellingGeneralAndAdministrativeExpenses": 236547000,
        "otherExpenses": 0,
        "operatingExpenses": 324759000,
        "costAndExpenses": 1145648000,
        "interestIncome": 2553000,
        "interestExpense": 115520000,
        "depreciationAndAmortization": 212022000,
        "ebitda": 571507000,
        "ebitdaratio": 0.4325613677,
        "operatingIncome": 137986000,
        "operatingIncomeRatio": 0.1044386383,
        "totalOtherIncomeExpensesNet": 105979000,
        "incomeBeforeTax": 243965000,
        "incomeBeforeTaxRatio": 0.1846518662,
        "incomeTaxExpense": -5387000,
        "netIncome": 233318000,
        "netIncomeRatio": 0.1765933806,
        "eps": 1.15,
        "epsdiluted": 1.15,
        "weightedAverageShsOut": 202324000,
        "weightedAverageShsOutDil": 203146000,
        "link": "https://www.sec.gov/Archives/edgar/data/1619762/000162828017003934/0001628280-17-003934-index.htm",
        "finalLink": "https://www.sec.gov/Archives/edgar/data/1619762/000162828017003934/igt-123116x20f.htm"
    },
    {
        "date": "2016-09-30",
        "symbol": "IGT",
        "reportedCurrency": "USD",
        "cik": "0001619762",
        "fillingDate": "2016-11-21",
        "acceptedDate": "2016-11-21 06:50:08",
        "calendarYear": "2016",
        "period": "Q3",
        "revenue": 1265650000,
        "costOfRevenue": 761937000,
        "grossProfit": 503713000,
        "grossProfitRatio": 0.3979875953,
        "researchAndDevelopmentExpenses": 87354000,
        "generalAndAdministrativeExpenses": 0,
        "sellingAndMarketingExpenses": 0,
        "sellingGeneralAndAdministrativeExpenses": 242510000,
        "otherExpenses": 2907000,
        "operatingExpenses": 329993000,
        "costAndExpenses": 1091930000,
        "interestIncome": 3240000,
        "interestExpense": 117618000,
        "depreciationAndAmortization": 218492000,
        "ebitda": 392341000,
        "ebitdaratio": 0.3099917039,
        "operatingIncome": 163832000,
        "operatingIncomeRatio": 0.1294449492,
        "totalOtherIncomeExpensesNet": -132614000,
        "incomeBeforeTax": 31218000,
        "incomeBeforeTaxRatio": 0.0246655869,
        "incomeTaxExpense": 12812000,
        "netIncome": -1903000,
        "netIncomeRatio": -0.0015035752,
        "eps": -0.0094,
        "epsdiluted": -0.0094,
        "weightedAverageShsOut": 202029000,
        "weightedAverageShsOutDil": 202029000,
        "link": "https://www.sec.gov/Archives/edgar/data/1619762/000110465916158207/0001104659-16-158207-index.htm",
        "finalLink": "https://www.sec.gov/Archives/edgar/data/1619762/000110465916158207/a16-21786_16k.htm"
    },
    {
        "date": "2016-06-30",
        "symbol": "IGT",
        "reportedCurrency": "USD",
        "cik": "0001619762",
        "fillingDate": "2016-06-30",
        "acceptedDate": "2016-06-30 00:00:00",
        "calendarYear": "2016",
        "period": "Q2",
        "revenue": 1285469000,
        "costOfRevenue": 782472000,
        "grossProfit": 502997000,
        "grossProfitRatio": 0.3912945392,
        "researchAndDevelopmentExpenses": 84288000,
        "generalAndAdministrativeExpenses": 0,
        "sellingAndMarketingExpenses": 0,
        "sellingGeneralAndAdministrativeExpenses": 239241000,
        "otherExpenses": -989000,
        "operatingExpenses": 323486000,
        "costAndExpenses": 1105958000,
        "interestIncome": 2754000,
        "interestExpense": 117715000,
        "depreciationAndAmortization": 227941000,
        "ebitda": 488579000,
        "ebitdaratio": 0.3800783994,
        "operatingIncome": 170721000,
        "operatingIncomeRatio": 0.1328083369,
        "totalOtherIncomeExpensesNet": -27384000,
        "incomeBeforeTax": 143337000,
        "incomeBeforeTaxRatio": 0.1115056061,
        "incomeTaxExpense": 60439000,
        "netIncome": 72696000,
        "netIncomeRatio": 0.0565521222,
        "eps": 0.36,
        "epsdiluted": 0.36,
        "weightedAverageShsOut": 201229000,
        "weightedAverageShsOutDil": 201565000,
        "link": null,
        "finalLink": null
    },
    {
        "date": "2016-03-31",
        "symbol": "IGT",
        "reportedCurrency": "USD",
        "cik": "0001619762",
        "fillingDate": "2016-03-31",
        "acceptedDate": "2016-03-31 00:00:00",
        "calendarYear": "2016",
        "period": "Q1",
        "revenue": 1281561000,
        "costOfRevenue": 770539000,
        "grossProfit": 511022000,
        "grossProfitRatio": 0.3987496498,
        "researchAndDevelopmentExpenses": 84707000,
        "generalAndAdministrativeExpenses": 0,
        "sellingAndMarketingExpenses": 0,
        "sellingGeneralAndAdministrativeExpenses": 227526000,
        "otherExpenses": 0,
        "operatingExpenses": 313707000,
        "costAndExpenses": 1084246000,
        "interestIncome": 4293000,
        "interestExpense": 118415000,
        "depreciationAndAmortization": 224014000,
        "ebitda": 247322000,
        "ebitdaratio": 0.1929849613,
        "operatingIncome": 187897000,
        "operatingIncomeRatio": 0.1466157288,
        "totalOtherIncomeExpensesNet": -283004000,
        "incomeBeforeTax": -95107000,
        "incomeBeforeTaxRatio": -0.0742118401,
        "incomeTaxExpense": -8658000,
        "netIncome": -92774000,
        "netIncomeRatio": -0.0723914039,
        "eps": -0.46,
        "epsdiluted": -0.46,
        "weightedAverageShsOut": 200449000,
        "weightedAverageShsOutDil": 200449000,
        "link": null,
        "finalLink": null
    },
    {
        "date": "2015-12-31",
        "symbol": "IGT",
        "reportedCurrency": "USD",
        "cik": "0001619762",
        "fillingDate": "2015-12-31",
        "acceptedDate": "2015-12-31 00:00:00",
        "calendarYear": "2015",
        "period": "Q4",
        "revenue": 1316390000,
        "costOfRevenue": 805755000,
        "grossProfit": 510635000,
        "grossProfitRatio": 0.3879055599,
        "researchAndDevelopmentExpenses": 84552000,
        "generalAndAdministrativeExpenses": 0,
        "sellingAndMarketingExpenses": 0,
        "sellingGeneralAndAdministrativeExpenses": 242999000,
        "otherExpenses": 131635000,
        "operatingExpenses": 331252000,
        "costAndExpenses": 1137007000,
        "interestIncome": 4765000,
        "interestExpense": 119334000,
        "depreciationAndAmortization": 233888000,
        "ebitda": 459245000,
        "ebitdaratio": 0.3488669771,
        "operatingIncome": 131560000,
        "operatingIncomeRatio": 0.0999399874,
        "totalOtherIncomeExpensesNet": -14595000,
        "incomeBeforeTax": 116965000,
        "incomeBeforeTaxRatio": 0.0888528476,
        "incomeTaxExpense": 25076000,
        "netIncome": 82356000,
        "netIncomeRatio": 0.0625620067,
        "eps": 0.41,
        "epsdiluted": 0.41,
        "weightedAverageShsOut": 199862409,
        "weightedAverageShsOutDil": 199900000,
        "link": null,
        "finalLink": null
    },
    {
        "date": "2015-09-30",
        "symbol": "IGT",
        "reportedCurrency": "USD",
        "cik": "0001619762",
        "fillingDate": "2015-11-12",
        "acceptedDate": "2015-11-12 08:00:38",
        "calendarYear": "2015",
        "period": "Q3",
        "revenue": 1215313000,
        "costOfRevenue": 761351000,
        "grossProfit": 453962000,
        "grossProfitRatio": 0.3735350482,
        "researchAndDevelopmentExpenses": 85864000,
        "generalAndAdministrativeExpenses": 0,
        "sellingAndMarketingExpenses": 0,
        "sellingGeneralAndAdministrativeExpenses": 224487000,
        "otherExpenses": -699000,
        "operatingExpenses": 312652000,
        "costAndExpenses": 1074003000,
        "interestIncome": 4797000,
        "interestExpense": 121844000,
        "depreciationAndAmortization": 15561000,
        "ebitda": 372874000,
        "ebitdaratio": 0.306813142,
        "operatingIncome": 130039000,
        "operatingIncomeRatio": 0.1070004188,
        "totalOtherIncomeExpensesNet": -107708000,
        "incomeBeforeTax": 22332000,
        "incomeBeforeTaxRatio": 0.0183755131,
        "incomeTaxExpense": 13366000,
        "netIncome": 7132000,
        "netIncomeRatio": 0.0058684471,
        "eps": 0.04,
        "epsdiluted": 0.04,
        "weightedAverageShsOut": 199480000,
        "weightedAverageShsOutDil": 200910000,
        "link": "https://www.sec.gov/Archives/edgar/data/1619762/000110465915078013/0001104659-15-078013-index.htm",
        "finalLink": "https://www.sec.gov/Archives/edgar/data/1619762/000110465915078013/a15-22859_1ex99d1.htm"
    },
    {
        "date": "2015-06-30",
        "symbol": "IGT",
        "reportedCurrency": "USD",
        "cik": "0001619762",
        "fillingDate": "2015-06-30",
        "acceptedDate": "2015-06-30 00:00:00",
        "calendarYear": "2015",
        "period": "Q2",
        "revenue": 1290080000,
        "costOfRevenue": 809899000,
        "grossProfit": 480181000,
        "grossProfitRatio": 0.3722102505,
        "researchAndDevelopmentExpenses": 83933000,
        "generalAndAdministrativeExpenses": 0,
        "sellingAndMarketingExpenses": 0,
        "sellingGeneralAndAdministrativeExpenses": 232586000,
        "otherExpenses": 777000,
        "operatingExpenses": 348863000,
        "costAndExpenses": 1158762000,
        "interestIncome": 7506000,
        "interestExpense": 122418000,
        "depreciationAndAmortization": 24344000,
        "ebitda": 375115000,
        "ebitdaratio": 0.2907687895,
        "operatingIncome": 115500000,
        "operatingIncomeRatio": 0.0895293315,
        "totalOtherIncomeExpensesNet": -216236000,
        "incomeBeforeTax": -100736000,
        "incomeBeforeTaxRatio": -0.07808508,
        "incomeTaxExpense": 11599000,
        "netIncome": -116890000,
        "netIncomeRatio": -0.0906067841,
        "eps": -0.59,
        "epsdiluted": -0.59,
        "weightedAverageShsOut": 197149000,
        "weightedAverageShsOutDil": 197149000,
        "link": null,
        "finalLink": null
    },
    {
        "date": "2015-03-31",
        "symbol": "IGT",
        "reportedCurrency": "USD",
        "cik": "0001619762",
        "fillingDate": "2015-05-14",
        "acceptedDate": "2015-05-13 21:08:50",
        "calendarYear": "2015",
        "period": "Q1",
        "revenue": 874661858,
        "costOfRevenue": 604627313,
        "grossProfit": 270034545,
        "grossProfitRatio": 0.3087302167,
        "researchAndDevelopmentExpenses": 22471000,
        "generalAndAdministrativeExpenses": 0,
        "sellingAndMarketingExpenses": 0,
        "sellingGeneralAndAdministrativeExpenses": 95551000,
        "otherExpenses": -131076529.893982,
        "operatingExpenses": 97469218,
        "costAndExpenses": 702096531,
        "interestIncome": 602103,
        "interestExpense": 87993675,
        "depreciationAndAmortization": 129921055,
        "ebitda": 293612000,
        "ebitdaratio": 0.3356862967,
        "operatingIncome": 161649502,
        "operatingIncomeRatio": 0.1848137089,
        "totalOtherIncomeExpensesNet": -207506000,
        "incomeBeforeTax": -47788137.703995,
        "incomeBeforeTaxRatio": -0.0546361285,
        "incomeTaxExpense": -22264817.040815,
        "netIncome": -29163011.814648,
        "netIncomeRatio": -0.0333420413,
        "eps": -0.17,
        "epsdiluted": -0.17,
        "weightedAverageShsOut": 170943478,
        "weightedAverageShsOutDil": 172999000,
        "link": "https://www.sec.gov/Archives/edgar/data/1619762/000110465915037817/0001104659-15-037817-index.htm",
        "finalLink": "https://www.sec.gov/Archives/edgar/data/1619762/000110465915037817/a15-11564_1ex1.htm"
    },
    {
        "date": "2014-12-31",
        "symbol": "IGT",
        "reportedCurrency": "USD",
        "cik": "0001619762",
        "fillingDate": "2015-05-15",
        "acceptedDate": "2015-05-15 16:34:43",
        "calendarYear": "2014",
        "period": "Q4",
        "revenue": 864795199,
        "costOfRevenue": 640564393,
        "grossProfit": 224230806,
        "grossProfitRatio": 0.2592877554,
        "researchAndDevelopmentExpenses": 27088000,
        "generalAndAdministrativeExpenses": 0,
        "sellingAndMarketingExpenses": 0,
        "sellingGeneralAndAdministrativeExpenses": 107253000,
        "otherExpenses": -2604824.704874,
        "operatingExpenses": 95535752,
        "costAndExpenses": 736100146,
        "interestIncome": 1533494,
        "interestExpense": 71683691,
        "depreciationAndAmortization": 129725007,
        "ebitda": 140365779,
        "ebitdaratio": 0.1623110063,
        "operatingIncome": 93054574,
        "operatingIncomeRatio": 0.1076030187,
        "totalOtherIncomeExpensesNet": -178555000,
        "incomeBeforeTax": -61042919.282315,
        "incomeBeforeTaxRatio": -0.0705865612,
        "incomeTaxExpense": 62606738,
        "netIncome": -122173799.493774,
        "netIncomeRatio": -0.1412748355,
        "eps": -0.71,
        "epsdiluted": -0.7,
        "weightedAverageShsOut": 173096000,
        "weightedAverageShsOutDil": 174000000,
        "link": "https://www.sec.gov/Archives/edgar/data/1619762/000110465915038726/0001104659-15-038726-index.htm",
        "finalLink": "https://www.sec.gov/Archives/edgar/data/1619762/000110465915038726/a15-10386_120f.htm"
    },
    {
        "date": "2014-09-30",
        "symbol": "IGT",
        "reportedCurrency": "USD",
        "cik": "0001619762",
        "fillingDate": "2014-09-30",
        "acceptedDate": "2014-09-29 20:00:00",
        "calendarYear": "2014",
        "period": "Q3",
        "revenue": 923491269,
        "costOfRevenue": 643710029,
        "grossProfit": 279781240,
        "grossProfitRatio": 0.3029603521,
        "researchAndDevelopmentExpenses": 29686000,
        "generalAndAdministrativeExpenses": 0,
        "sellingAndMarketingExpenses": 0,
        "sellingGeneralAndAdministrativeExpenses": 105270000,
        "otherExpenses": 635722,
        "operatingExpenses": 115281443,
        "costAndExpenses": 758991472,
        "interestIncome": 823520,
        "interestExpense": 73358034,
        "depreciationAndAmortization": 126443064,
        "ebitda": 313579839,
        "ebitdaratio": 0.3395590728,
        "operatingIncome": 169015835,
        "operatingIncomeRatio": 0.1830183356,
        "totalOtherIncomeExpensesNet": -76344000,
        "incomeBeforeTax": 94355902,
        "incomeBeforeTaxRatio": 0.1021730309,
        "incomeTaxExpense": 38686427,
        "netIncome": 51155974,
        "netIncomeRatio": 0.0553941068,
        "eps": 0.29,
        "epsdiluted": 0.29,
        "weightedAverageShsOut": 173560000,
        "weightedAverageShsOutDil": 174307000,
        "link": "",
        "finalLink": ""
    },
    {
        "date": "2014-06-30",
        "symbol": "IGT",
        "reportedCurrency": "USD",
        "cik": "0001619762",
        "fillingDate": "2014-06-30",
        "acceptedDate": "2014-06-29 20:00:00",
        "calendarYear": "2014",
        "period": "Q2",
        "revenue": 1024760566,
        "costOfRevenue": 700237387,
        "grossProfit": 324523179,
        "grossProfitRatio": 0.3166819546,
        "researchAndDevelopmentExpenses": 24810000,
        "generalAndAdministrativeExpenses": 0,
        "sellingAndMarketingExpenses": 0,
        "sellingGeneralAndAdministrativeExpenses": 99184000,
        "otherExpenses": -3080575.186226,
        "operatingExpenses": 113176348,
        "costAndExpenses": 813413735,
        "interestIncome": 1165106,
        "interestExpense": 55659090,
        "depreciationAndAmortization": 145536356,
        "ebitda": 327350492,
        "ebitdaratio": 0.3194409532,
        "operatingIncome": 212853010,
        "operatingIncomeRatio": 0.207709993,
        "totalOtherIncomeExpensesNet": -19004648,
        "incomeBeforeTax": 151675352,
        "incomeBeforeTaxRatio": 0.1480105276,
        "incomeTaxExpense": 62179049,
        "netIncome": 82914949,
        "netIncomeRatio": 0.0809115336,
        "eps": 0.48,
        "epsdiluted": 0.47,
        "weightedAverageShsOut": 174393000,
        "weightedAverageShsOutDil": 174964000,
        "link": "",
        "finalLink": ""
    },
    {
        "date": "2014-03-31",
        "symbol": "IGT",
        "reportedCurrency": "USD",
        "cik": "0001619762",
        "fillingDate": "2014-03-31",
        "acceptedDate": "2014-03-30 20:00:00",
        "calendarYear": "2014",
        "period": "Q1",
        "revenue": 1074478063,
        "costOfRevenue": 700416723,
        "grossProfit": 374061340,
        "grossProfitRatio": 0.3481330637,
        "researchAndDevelopmentExpenses": 26163000,
        "generalAndAdministrativeExpenses": 0,
        "sellingAndMarketingExpenses": 0,
        "sellingGeneralAndAdministrativeExpenses": 101590000,
        "otherExpenses": -2449456.745977,
        "operatingExpenses": 125343143,
        "costAndExpenses": 825759867,
        "interestIncome": 1092009,
        "interestExpense": 55834135,
        "depreciationAndAmortization": 152680511,
        "ebitda": 400132031,
        "ebitdaratio": 0.3723966499,
        "operatingIncome": 248718195,
        "operatingIncomeRatio": 0.2314781507,
        "totalOtherIncomeExpensesNet": -56223746,
        "incomeBeforeTax": 190019254,
        "incomeBeforeTaxRatio": 0.1768479605,
        "incomeTaxExpense": 77909503,
        "netIncome": 103189382,
        "netIncomeRatio": 0.0960367508,
        "eps": 0.59,
        "epsdiluted": 0.59,
        "weightedAverageShsOut": 174486047,
        "weightedAverageShsOutDil": 174486047,
        "link": "",
        "finalLink": ""
    },
    {
        "date": "2013-12-31",
        "symbol": "IGT",
        "reportedCurrency": "USD",
        "cik": "0001619762",
        "fillingDate": "2013-12-31",
        "acceptedDate": "2013-12-30 19:00:00",
        "calendarYear": "2013",
        "period": "Q4",
        "revenue": 1139641687,
        "costOfRevenue": 844340670,
        "grossProfit": 295301017,
        "grossProfitRatio": 0.2591174229,
        "researchAndDevelopmentExpenses": 106864972,
        "generalAndAdministrativeExpenses": 0,
        "sellingAndMarketingExpenses": 0,
        "sellingGeneralAndAdministrativeExpenses": 206903532,
        "otherExpenses": -6806782.304567,
        "operatingExpenses": 126558675,
        "costAndExpenses": 970899345,
        "interestIncome": 1372014,
        "interestExpense": 61707212,
        "depreciationAndAmortization": 168734506,
        "ebitda": 319659107,
        "ebitdaratio": 0.2804908864,
        "operatingIncome": 157644482,
        "operatingIncomeRatio": 0.1383281112,
        "totalOtherIncomeExpensesNet": -53707626,
        "incomeBeforeTax": 89217389,
        "incomeBeforeTaxRatio": 0.0782854734,
        "incomeTaxExpense": 73042558,
        "netIncome": 7244437,
        "netIncomeRatio": 0.0063567673,
        "eps": 0.0406,
        "epsdiluted": 0.0406,
        "weightedAverageShsOut": 175961980,
        "weightedAverageShsOutDil": 178627778,
        "link": "",
        "finalLink": ""
    },
    {
        "date": "2013-09-30",
        "symbol": "IGT",
        "reportedCurrency": "USD",
        "cik": "0001619762",
        "fillingDate": "2013-09-30",
        "acceptedDate": "2013-09-29 20:00:00",
        "calendarYear": "2013",
        "period": "Q3",
        "revenue": 985292887,
        "costOfRevenue": 724743951,
        "grossProfit": 260548936,
        "grossProfitRatio": 0.2644380564,
        "researchAndDevelopmentExpenses": 0,
        "generalAndAdministrativeExpenses": 0,
        "sellingAndMarketingExpenses": 0,
        "sellingGeneralAndAdministrativeExpenses": 189736753,
        "otherExpenses": -2716342.585721,
        "operatingExpenses": 122463464,
        "costAndExpenses": 847207416,
        "interestIncome": 1290026,
        "interestExpense": 54683093,
        "depreciationAndAmortization": 163594864,
        "ebitda": 299187993,
        "ebitdaratio": 0.3036538647,
        "operatingIncome": 138085471,
        "operatingIncomeRatio": 0.1401466232,
        "totalOtherIncomeExpensesNet": -57590337,
        "incomeBeforeTax": 80910035,
        "incomeBeforeTaxRatio": 0.08211775,
        "incomeTaxExpense": 28572199,
        "netIncome": 43387264,
        "netIncomeRatio": 0.0440348901,
        "eps": 0.24,
        "epsdiluted": 0.24,
        "weightedAverageShsOut": 178627774,
        "weightedAverageShsOutDil": 178627778,
        "link": "",
        "finalLink": ""
    },
    {
        "date": "2013-06-30",
        "symbol": "IGT",
        "reportedCurrency": "USD",
        "cik": "0001619762",
        "fillingDate": "2013-06-30",
        "acceptedDate": "2013-06-29 20:00:00",
        "calendarYear": "2013",
        "period": "Q2",
        "revenue": 991392589,
        "costOfRevenue": 677170066,
        "grossProfit": 314222523,
        "grossProfitRatio": 0.3169506475,
        "researchAndDevelopmentExpenses": 0,
        "generalAndAdministrativeExpenses": 0,
        "sellingAndMarketingExpenses": 0,
        "sellingGeneralAndAdministrativeExpenses": 187073123,
        "otherExpenses": -2111521.648626,
        "operatingExpenses": 106787312,
        "costAndExpenses": 783957379,
        "interestIncome": 948428,
        "interestExpense": 52693068,
        "depreciationAndAmortization": 142838881,
        "ebitda": 353967628,
        "ebitdaratio": 0.3570408251,
        "operatingIncome": 210068432,
        "operatingIncomeRatio": 0.2118922759,
        "totalOtherIncomeExpensesNet": -51632754,
        "incomeBeforeTax": 158435678,
        "incomeBeforeTaxRatio": 0.159811239,
        "incomeTaxExpense": 64641444,
        "netIncome": 87507805,
        "netIncomeRatio": 0.0882675602,
        "eps": 0.51,
        "epsdiluted": 0.51,
        "weightedAverageShsOut": 172466666,
        "weightedAverageShsOutDil": 172466667,
        "link": "",
        "finalLink": ""
    },
    {
        "date": "2013-03-31",
        "symbol": "IGT",
        "reportedCurrency": "USD",
        "cik": "0001619762",
        "fillingDate": "2013-03-31",
        "acceptedDate": "2013-03-30 20:00:00",
        "calendarYear": "2013",
        "period": "Q1",
        "revenue": 1021308011,
        "costOfRevenue": 666521104,
        "grossProfit": 354786907,
        "grossProfitRatio": 0.3473848273,
        "researchAndDevelopmentExpenses": 0,
        "generalAndAdministrativeExpenses": 0,
        "sellingAndMarketingExpenses": 0,
        "sellingGeneralAndAdministrativeExpenses": 190228714,
        "otherExpenses": -2048970.392378,
        "operatingExpenses": 109488013,
        "costAndExpenses": 776009117,
        "interestIncome": 909230,
        "interestExpense": 51380493,
        "depreciationAndAmortization": 138454051,
        "ebitda": 382759194,
        "ebitdaratio": 0.3747735158,
        "operatingIncome": 245298893,
        "operatingIncomeRatio": 0.2401811112,
        "totalOtherIncomeExpensesNet": -56768005,
        "incomeBeforeTax": 188530888,
        "incomeBeforeTaxRatio": 0.1845974828,
        "incomeTaxExpense": 76919629,
        "netIncome": 95715090,
        "netIncomeRatio": 0.0937181428,
        "eps": 0.55,
        "epsdiluted": 0.55,
        "weightedAverageShsOut": 173818604,
        "weightedAverageShsOutDil": 173818605,
        "link": "",
        "finalLink": ""
    },
    {
        "date": "2012-12-31",
        "symbol": "IGT",
        "reportedCurrency": "USD",
        "cik": "0001619762",
        "fillingDate": "2012-12-31",
        "acceptedDate": "2012-12-30 19:00:00",
        "calendarYear": "2012",
        "period": "Q4",
        "revenue": 1161666889,
        "costOfRevenue": 1439529775,
        "grossProfit": -277862886,
        "grossProfitRatio": -0.2391932564,
        "researchAndDevelopmentExpenses": 27688047,
        "generalAndAdministrativeExpenses": 0,
        "sellingAndMarketingExpenses": 0,
        "sellingGeneralAndAdministrativeExpenses": 141504383,
        "otherExpenses": -470483874.162438,
        "operatingExpenses": -470483874.162438,
        "costAndExpenses": 969045900,
        "interestIncome": 893431,
        "interestExpense": 55075053,
        "depreciationAndAmortization": 161707571,
        "ebitda": 343279623,
        "ebitdaratio": 0.2955060751,
        "operatingIncome": 184385740,
        "operatingIncomeRatio": 0.1587251404,
        "totalOtherIncomeExpensesNet": -57888742,
        "incomeBeforeTax": 126496998,
        "incomeBeforeTaxRatio": 0.1088926604,
        "incomeTaxExpense": 27155992,
        "netIncome": 89558045,
        "netIncomeRatio": 0.0770944286,
        "eps": 0.51,
        "epsdiluted": 0.51,
        "weightedAverageShsOut": 172774061,
        "weightedAverageShsOutDil": 174692857,
        "link": "",
        "finalLink": ""
    },
    {
        "date": "2012-09-30",
        "symbol": "IGT",
        "reportedCurrency": "USD",
        "cik": "0001619762",
        "fillingDate": "2012-09-30",
        "acceptedDate": "2012-09-29 20:00:00",
        "calendarYear": "2012",
        "period": "Q3",
        "revenue": 950406389,
        "costOfRevenue": 468774155,
        "grossProfit": 481632234,
        "grossProfitRatio": 0.5067645163,
        "researchAndDevelopmentExpenses": 0,
        "generalAndAdministrativeExpenses": 166479629,
        "sellingAndMarketingExpenses": 0,
        "sellingGeneralAndAdministrativeExpenses": 166479629,
        "otherExpenses": 142482762,
        "operatingExpenses": 308962391,
        "costAndExpenses": 777736546,
        "interestIncome": 487923,
        "interestExpense": 49056894,
        "depreciationAndAmortization": 146331776,
        "ebitda": 320217576,
        "ebitdaratio": 0.3369270027,
        "operatingIncome": 172669842,
        "operatingIncomeRatio": 0.1816800097,
        "totalOtherIncomeExpensesNet": -51990858,
        "incomeBeforeTax": 120678984,
        "incomeBeforeTaxRatio": 0.1269761919,
        "incomeTaxExpense": 50188107,
        "netIncome": 62806075,
        "netIncomeRatio": 0.0660833889,
        "eps": 0.36,
        "epsdiluted": 0.36,
        "weightedAverageShsOut": 174692855,
        "weightedAverageShsOutDil": 174692857,
        "link": "",
        "finalLink": ""
    },
    {
        "date": "2012-06-30",
        "symbol": "IGT",
        "reportedCurrency": "USD",
        "cik": "0001619762",
        "fillingDate": "2012-06-30",
        "acceptedDate": "2012-06-29 20:00:00",
        "calendarYear": "2012",
        "period": "Q2",
        "revenue": 940298016,
        "costOfRevenue": 442385648,
        "grossProfit": 497912368,
        "grossProfitRatio": 0.5295261284,
        "researchAndDevelopmentExpenses": 0,
        "generalAndAdministrativeExpenses": 169985694,
        "sellingAndMarketingExpenses": 0,
        "sellingGeneralAndAdministrativeExpenses": 169985694,
        "otherExpenses": 134217422,
        "operatingExpenses": 304203116,
        "costAndExpenses": 746588765,
        "interestIncome": 887465,
        "interestExpense": 49767689,
        "depreciationAndAmortization": 127039187,
        "ebitda": 328991378,
        "ebitdaratio": 0.3498799023,
        "operatingIncome": 193709250,
        "operatingIncomeRatio": 0.2060083577,
        "totalOtherIncomeExpensesNet": -41332337,
        "incomeBeforeTax": 152376913,
        "incomeBeforeTaxRatio": 0.1620517223,
        "incomeTaxExpense": 64455810,
        "netIncome": 80818848,
        "netIncomeRatio": 0.0859502484,
        "eps": 0.47,
        "epsdiluted": 0.47,
        "weightedAverageShsOut": 172535135,
        "weightedAverageShsOutDil": 172535135,
        "link": "",
        "finalLink": ""
    },
    {
        "date": "2012-03-31",
        "symbol": "IGT",
        "reportedCurrency": "USD",
        "cik": "0001619762",
        "fillingDate": "2012-03-31",
        "acceptedDate": "2012-03-30 20:00:00",
        "calendarYear": "2012",
        "period": "Q1",
        "revenue": 1040862825,
        "costOfRevenue": 500616304,
        "grossProfit": 540246521,
        "grossProfitRatio": 0.5190371949,
        "researchAndDevelopmentExpenses": 0,
        "generalAndAdministrativeExpenses": 172675853,
        "sellingAndMarketingExpenses": 0,
        "sellingGeneralAndAdministrativeExpenses": 172675853,
        "otherExpenses": 141401758,
        "operatingExpenses": 314077611,
        "costAndExpenses": 814693915,
        "interestIncome": 1012499,
        "interestExpense": 52842068,
        "depreciationAndAmortization": 141431106,
        "ebitda": 368611181,
        "ebitdaratio": 0.3541400194,
        "operatingIncome": 226168909,
        "operatingIncomeRatio": 0.2172898326,
        "totalOtherIncomeExpensesNet": -60952736,
        "incomeBeforeTax": 165216173,
        "incomeBeforeTaxRatio": 0.1587300161,
        "incomeTaxExpense": 69886477,
        "netIncome": 76871256,
        "netIncomeRatio": 0.0738533975,
        "eps": 0.44,
        "epsdiluted": 0.44,
        "weightedAverageShsOut": 174621212,
        "weightedAverageShsOutDil": 174621212,
        "link": "",
        "finalLink": ""
    },
    {
        "date": "2011-12-31",
        "symbol": "IGT",
        "reportedCurrency": "USD",
        "cik": "0001619762",
        "fillingDate": "2011-12-31",
        "acceptedDate": "2011-12-30 19:00:00",
        "calendarYear": "2011",
        "period": "Q4",
        "revenue": 940143440,
        "costOfRevenue": 1290528139,
        "grossProfit": -350384699,
        "grossProfitRatio": -0.3726928085,
        "researchAndDevelopmentExpenses": 0,
        "generalAndAdministrativeExpenses": 0,
        "sellingAndMarketingExpenses": 0,
        "sellingGeneralAndAdministrativeExpenses": 0,
        "otherExpenses": -471217706.247814,
        "operatingExpenses": -471217706.247814,
        "costAndExpenses": 819310433,
        "interestIncome": 1388404,
        "interestExpense": 46871187,
        "depreciationAndAmortization": 132701304,
        "ebitda": 260267601,
        "ebitdaratio": 0.2768381823,
        "operatingIncome": 125741145,
        "operatingIncomeRatio": 0.1337467663,
        "totalOtherIncomeExpensesNet": -45046036,
        "incomeBeforeTax": 80695109,
        "incomeBeforeTaxRatio": 0.0858327629,
        "incomeTaxExpense": 26489310,
        "netIncome": 52512806,
        "netIncomeRatio": 0.0558561638,
        "eps": 0.31,
        "epsdiluted": 0.31,
        "weightedAverageShsOut": 172017647,
        "weightedAverageShsOutDil": 172017647,
        "link": "",
        "finalLink": ""
    },
    {
        "date": "2011-09-30",
        "symbol": "IGT",
        "reportedCurrency": "USD",
        "cik": "0001619762",
        "fillingDate": "2011-09-30",
        "acceptedDate": "2011-09-29 20:00:00",
        "calendarYear": "2011",
        "period": "Q3",
        "revenue": 1006254414,
        "costOfRevenue": 514035421,
        "grossProfit": 492218993,
        "grossProfitRatio": 0.4891595864,
        "researchAndDevelopmentExpenses": 0,
        "generalAndAdministrativeExpenses": 173453034,
        "sellingAndMarketingExpenses": 0,
        "sellingGeneralAndAdministrativeExpenses": 173453034,
        "otherExpenses": 143012169,
        "operatingExpenses": 316465203,
        "costAndExpenses": 830500624,
        "interestIncome": 984679,
        "interestExpense": 57194273,
        "depreciationAndAmortization": 124564380,
        "ebitda": 359120171,
        "ebitdaratio": 0.3568880454,
        "operatingIncome": 175753789,
        "operatingIncomeRatio": 0.1746613844,
        "totalOtherIncomeExpensesNet": -16840061,
        "incomeBeforeTax": 158913728,
        "incomeBeforeTaxRatio": 0.1579259935,
        "incomeTaxExpense": 69580865,
        "netIncome": 79434454,
        "netIncomeRatio": 0.078940726,
        "eps": 0.46,
        "epsdiluted": 0.46,
        "weightedAverageShsOut": 172017647,
        "weightedAverageShsOutDil": 172017647,
        "link": "",
        "finalLink": ""
    },
    {
        "date": "2011-06-30",
        "symbol": "IGT",
        "reportedCurrency": "USD",
        "cik": "0001619762",
        "fillingDate": "2011-06-30",
        "acceptedDate": "2011-06-29 20:00:00",
        "calendarYear": "2011",
        "period": "Q2",
        "revenue": 1017205935,
        "costOfRevenue": 500024610,
        "grossProfit": 517181325,
        "grossProfitRatio": 0.5084332555,
        "researchAndDevelopmentExpenses": 0,
        "generalAndAdministrativeExpenses": 163785740,
        "sellingAndMarketingExpenses": 0,
        "sellingGeneralAndAdministrativeExpenses": 163785740,
        "otherExpenses": 151054650,
        "operatingExpenses": 314840390,
        "costAndExpenses": 814865000,
        "interestIncome": 784654,
        "interestExpense": 60774520,
        "depreciationAndAmortization": 154695550,
        "ebitda": 357821139,
        "ebitdaratio": 0.3517686308,
        "operatingIncome": 202737604,
        "operatingIncomeRatio": 0.199308318,
        "totalOtherIncomeExpensesNet": -60079624,
        "incomeBeforeTax": 142657980,
        "incomeBeforeTaxRatio": 0.1402449348,
        "incomeTaxExpense": 63467245,
        "netIncome": 66837495,
        "netIncomeRatio": 0.0657069456,
        "eps": 0.39,
        "epsdiluted": 0.39,
        "weightedAverageShsOut": 170992593,
        "weightedAverageShsOutDil": 170992593,
        "link": "",
        "finalLink": ""
    },
    {
        "date": "2011-03-31",
        "symbol": "IGT",
        "reportedCurrency": "USD",
        "cik": "0001619762",
        "fillingDate": "2011-03-31",
        "acceptedDate": "2011-03-30 20:00:00",
        "calendarYear": "2011",
        "period": "Q1",
        "revenue": 991265919,
        "costOfRevenue": 466098607,
        "grossProfit": 525167312,
        "grossProfitRatio": 0.5297945808,
        "researchAndDevelopmentExpenses": 0,
        "generalAndAdministrativeExpenses": 165985654,
        "sellingAndMarketingExpenses": 0,
        "sellingGeneralAndAdministrativeExpenses": 165985654,
        "otherExpenses": -3999943.523565,
        "operatingExpenses": 309615113,
        "costAndExpenses": 775713720,
        "interestIncome": 650890,
        "interestExpense": 58928924,
        "depreciationAndAmortization": 143629458,
        "ebitda": 355757772,
        "ebitdaratio": 0.358892367,
        "operatingIncome": 215552198,
        "operatingIncomeRatio": 0.2174514365,
        "totalOtherIncomeExpensesNet": -110818061,
        "incomeBeforeTax": 104734137,
        "incomeBeforeTaxRatio": 0.1056569534,
        "incomeTaxExpense": 53937819,
        "netIncome": 50796317,
        "netIncomeRatio": 0.0512438852,
        "eps": 0.3,
        "epsdiluted": 0.3,
        "weightedAverageShsOut": 168530769,
        "weightedAverageShsOutDil": 168530769,
        "link": "",
        "finalLink": ""
    },
    {
        "date": "2010-12-31",
        "symbol": "IGT",
        "reportedCurrency": "USD",
        "cik": "0001619762",
        "fillingDate": "2010-12-31",
        "acceptedDate": "2010-12-30 19:00:00",
        "calendarYear": "2010",
        "period": "Q4",
        "revenue": 799842613,
        "costOfRevenue": 404885699,
        "grossProfit": 394956914,
        "grossProfitRatio": 0.4937932883,
        "researchAndDevelopmentExpenses": 0,
        "generalAndAdministrativeExpenses": 142561970,
        "sellingAndMarketingExpenses": 0,
        "sellingGeneralAndAdministrativeExpenses": 142561970,
        "otherExpenses": 141093658,
        "operatingExpenses": 283655628,
        "costAndExpenses": 688541327,
        "interestIncome": 1308447,
        "interestExpense": 56516486,
        "depreciationAndAmortization": 141093658,
        "ebitda": 134942020,
        "ebitdaratio": 0.1687107161,
        "operatingIncome": 49842372,
        "operatingIncomeRatio": 0.0623152245,
        "totalOtherIncomeExpensesNet": -112510496.41325599,
        "incomeBeforeTax": -62668124.413256,
        "incomeBeforeTaxRatio": -0.0783505697,
        "incomeTaxExpense": -7840955.311296,
        "netIncome": -68985059.12272,
        "netIncomeRatio": -0.0862482919,
        "eps": -0.43,
        "epsdiluted": -0.42,
        "weightedAverageShsOut": 161288000,
        "weightedAverageShsOutDil": 164900000,
        "link": "",
        "finalLink": ""
    },
    {
        "date": "2010-09-30",
        "symbol": "IGT",
        "reportedCurrency": "USD",
        "cik": "0001619762",
        "fillingDate": "2010-09-30",
        "acceptedDate": "2010-09-29 20:00:00",
        "calendarYear": "2010",
        "period": "Q3",
        "revenue": 752570252,
        "costOfRevenue": 330480525,
        "grossProfit": 422089727,
        "grossProfitRatio": 0.5608642195,
        "researchAndDevelopmentExpenses": 0,
        "generalAndAdministrativeExpenses": 151533157,
        "sellingAndMarketingExpenses": 0,
        "sellingGeneralAndAdministrativeExpenses": 151533157,
        "otherExpenses": 118446945,
        "operatingExpenses": 269980103,
        "costAndExpenses": 600460628,
        "interestIncome": 707296,
        "interestExpense": 58077352,
        "depreciationAndAmortization": 142244932,
        "ebitda": 295030508,
        "ebitdaratio": 0.392030521,
        "operatingIncome": 152109624,
        "operatingIncomeRatio": 0.2021201657,
        "totalOtherIncomeExpensesNet": -156838561.82877702,
        "incomeBeforeTax": -4728937.828777,
        "incomeBeforeTaxRatio": -0.0062837161,
        "incomeTaxExpense": -1312382.457957,
        "netIncome": -17978140.587097,
        "netIncomeRatio": -0.0238889865,
        "eps": -0.11,
        "epsdiluted": -0.11,
        "weightedAverageShsOut": 164900000,
        "weightedAverageShsOutDil": 164900000,
        "link": "",
        "finalLink": ""
    },
    {
        "date": "2010-06-30",
        "symbol": "IGT",
        "reportedCurrency": "USD",
        "cik": "0001619762",
        "fillingDate": "2010-06-30",
        "acceptedDate": "2010-06-29 20:00:00",
        "calendarYear": "2010",
        "period": "Q2",
        "revenue": 700052395,
        "costOfRevenue": 316712969,
        "grossProfit": 383339426,
        "grossProfitRatio": 0.5475867646,
        "researchAndDevelopmentExpenses": 0,
        "generalAndAdministrativeExpenses": 141403470,
        "sellingAndMarketingExpenses": 0,
        "sellingGeneralAndAdministrativeExpenses": 141403470,
        "otherExpenses": 16928644,
        "operatingExpenses": 246201930,
        "costAndExpenses": 562914899,
        "interestIncome": 982112,
        "interestExpense": 51814349,
        "depreciationAndAmortization": 95015450,
        "ebitda": 257532777,
        "ebitdaratio": 0.3678764316,
        "operatingIncome": 134520154,
        "operatingIncomeRatio": 0.1921572656,
        "totalOtherIncomeExpensesNet": -33600186,
        "incomeBeforeTax": 100919968,
        "incomeBeforeTaxRatio": 0.1441605924,
        "incomeTaxExpense": 45277087,
        "netIncome": 55642881,
        "netIncomeRatio": 0.0794838806,
        "eps": 0.34,
        "epsdiluted": 0.34,
        "weightedAverageShsOut": 165966667,
        "weightedAverageShsOutDil": 165966667,
        "link": "",
        "finalLink": ""
    },
    {
        "date": "2010-03-31",
        "symbol": "IGT",
        "reportedCurrency": "USD",
        "cik": "0001619762",
        "fillingDate": "2010-03-31",
        "acceptedDate": "2010-03-30 20:00:00",
        "calendarYear": "2010",
        "period": "Q1",
        "revenue": 731179100,
        "costOfRevenue": 322145551,
        "grossProfit": 409033549,
        "grossProfitRatio": 0.5594163578,
        "researchAndDevelopmentExpenses": 0,
        "generalAndAdministrativeExpenses": 144566311,
        "sellingAndMarketingExpenses": 0,
        "sellingGeneralAndAdministrativeExpenses": 144566311,
        "otherExpenses": -3029977.580582,
        "operatingExpenses": 250500073,
        "costAndExpenses": 572645625,
        "interestIncome": 949133,
        "interestExpense": 55388043,
        "depreciationAndAmortization": 105933762,
        "ebitda": 265245875,
        "ebitdaratio": 0.3627645744,
        "operatingIncome": 158533474,
        "operatingIncomeRatio": 0.2168189353,
        "totalOtherIncomeExpensesNet": -54609405,
        "incomeBeforeTax": 103924069,
        "incomeBeforeTaxRatio": 0.1421321657,
        "incomeTaxExpense": 48428627,
        "netIncome": 55495442,
        "netIncomeRatio": 0.0758985617,
        "eps": 0.33,
        "epsdiluted": 0.33,
        "weightedAverageShsOut": 168100000,
        "weightedAverageShsOutDil": 168100000,
        "link": "",
        "finalLink": ""
    },
    {
        "date": "2009-12-31",
        "symbol": "IGT",
        "reportedCurrency": "USD",
        "cik": "0001619762",
        "fillingDate": "2009-12-31",
        "acceptedDate": "2009-12-30 19:00:00",
        "calendarYear": "2009",
        "period": "Q4",
        "revenue": 787373834,
        "costOfRevenue": 399937027,
        "grossProfit": 387436807,
        "grossProfitRatio": 0.4920620806,
        "researchAndDevelopmentExpenses": 0,
        "generalAndAdministrativeExpenses": 149246436,
        "sellingAndMarketingExpenses": 0,
        "sellingGeneralAndAdministrativeExpenses": 149246436,
        "otherExpenses": 110333776,
        "operatingExpenses": 259580212,
        "costAndExpenses": 659517239,
        "interestIncome": 1139508,
        "interestExpense": 51017236,
        "depreciationAndAmortization": 110156590,
        "ebitda": 111074637,
        "ebitdaratio": 0.141069759,
        "operatingIncome": 19015481,
        "operatingIncomeRatio": 0.0241505117,
        "totalOtherIncomeExpensesNet": -69291856.254249,
        "incomeBeforeTax": -50276375.254249,
        "incomeBeforeTaxRatio": -0.0638532462,
        "incomeTaxExpense": -219031402.026369,
        "netIncome": 4000174,
        "netIncomeRatio": 0.0050804,
        "eps": 0.0273,
        "epsdiluted": 0.0273,
        "weightedAverageShsOut": 146700000,
        "weightedAverageShsOutDil": 146700000,
        "link": "",
        "finalLink": ""
    },
    {
        "date": "2009-09-30",
        "symbol": "IGT",
        "reportedCurrency": "USD",
        "cik": "0001619762",
        "fillingDate": "2009-09-30",
        "acceptedDate": "2009-09-29 20:00:00",
        "calendarYear": "2009",
        "period": "Q3",
        "revenue": 722710499,
        "costOfRevenue": 333079513,
        "grossProfit": 389630986,
        "grossProfitRatio": 0.5391245686,
        "researchAndDevelopmentExpenses": 0,
        "generalAndAdministrativeExpenses": 149156538,
        "sellingAndMarketingExpenses": 0,
        "sellingGeneralAndAdministrativeExpenses": 149156538,
        "otherExpenses": 117132815,
        "operatingExpenses": 266289354,
        "costAndExpenses": 599368868,
        "interestIncome": 1175867,
        "interestExpense": 51660565,
        "depreciationAndAmortization": 127648226,
        "ebitda": 251511163,
        "ebitdaratio": 0.348010944,
        "operatingIncome": 123341631,
        "operatingIncomeRatio": 0.1706653372,
        "totalOtherIncomeExpensesNet": -69882853,
        "incomeBeforeTax": 53458778,
        "incomeBeforeTaxRatio": 0.0739698373,
        "incomeTaxExpense": 18443403,
        "netIncome": 19333723,
        "netIncomeRatio": 0.0267516841,
        "eps": 0.13,
        "epsdiluted": 0.13,
        "weightedAverageShsOut": 146700000,
        "weightedAverageShsOutDil": 146700000,
        "link": "",
        "finalLink": ""
    },
    {
        "date": "2009-06-30",
        "symbol": "IGT",
        "reportedCurrency": "USD",
        "cik": "0001619762",
        "fillingDate": "2009-06-30",
        "acceptedDate": "2009-06-29 20:00:00",
        "calendarYear": "2009",
        "period": "Q2",
        "revenue": 724511757,
        "costOfRevenue": 312883719,
        "grossProfit": 411628038,
        "grossProfitRatio": 0.5681454221,
        "researchAndDevelopmentExpenses": 0,
        "generalAndAdministrativeExpenses": 144643358,
        "sellingAndMarketingExpenses": 0,
        "sellingGeneralAndAdministrativeExpenses": 144643358,
        "otherExpenses": -18066389.808631,
        "operatingExpenses": 262687300,
        "costAndExpenses": 575571019,
        "interestIncome": 1212189,
        "interestExpense": 50555586,
        "depreciationAndAmortization": 124482261,
        "ebitda": 255853269,
        "ebitdaratio": 0.353138878,
        "operatingIncome": 148860766,
        "operatingIncomeRatio": 0.2054635616,
        "totalOtherIncomeExpensesNet": -68045345,
        "incomeBeforeTax": 80815421,
        "incomeBeforeTaxRatio": 0.1115446647,
        "incomeTaxExpense": 33987597,
        "netIncome": 46827824,
        "netIncomeRatio": 0.0646336289,
        "eps": 0.32,
        "epsdiluted": 0.32,
        "weightedAverageShsOut": 147320000,
        "weightedAverageShsOutDil": 147320000,
        "link": "",
        "finalLink": ""
    },
    {
        "date": "2009-03-31",
        "symbol": "IGT",
        "reportedCurrency": "USD",
        "cik": "0001619762",
        "fillingDate": "2009-03-31",
        "acceptedDate": "2009-03-30 20:00:00",
        "calendarYear": "2009",
        "period": "Q1",
        "revenue": 772466998,
        "costOfRevenue": 305773797,
        "grossProfit": 466693201,
        "grossProfitRatio": 0.6041594038,
        "researchAndDevelopmentExpenses": 0,
        "generalAndAdministrativeExpenses": 148839800,
        "sellingAndMarketingExpenses": 0,
        "sellingGeneralAndAdministrativeExpenses": 148839800,
        "otherExpenses": -16654063.018242,
        "operatingExpenses": 260793366,
        "costAndExpenses": 566567164,
        "interestIncome": 1257711,
        "interestExpense": 55848756,
        "depreciationAndAmortization": 111953565,
        "ebitda": 332122056,
        "ebitdaratio": 0.429949832,
        "operatingIncome": 205899834,
        "operatingIncomeRatio": 0.2665483892,
        "totalOtherIncomeExpensesNet": -40911443,
        "incomeBeforeTax": 164988391,
        "incomeBeforeTaxRatio": 0.2135863298,
        "incomeTaxExpense": 51145605,
        "netIncome": 95385737,
        "netIncomeRatio": 0.1234819575,
        "eps": 0.64,
        "epsdiluted": 0.64,
        "weightedAverageShsOut": 149785417,
        "weightedAverageShsOutDil": 149785417,
        "link": "",
        "finalLink": ""
    }
]