[
    {
        "date": "2016-06-30",
        "symbol": "IMS",
        "reportedCurrency": "USD",
        "cik": "0001595262",
        "fillingDate": "2016-07-28",
        "acceptedDate": "2016-07-28 16:18:24",
        "calendarYear": "2016",
        "period": "Q2",
        "revenue": 802000000,
        "costOfRevenue": 0,
        "grossProfit": 802000000,
        "grossProfitRatio": 1,
        "researchAndDevelopmentExpenses": 0,
        "generalAndAdministrativeExpenses": 0,
        "sellingAndMarketingExpenses": 168000000,
        "sellingGeneralAndAdministrativeExpenses": 168000000,
        "otherExpenses": 0,
        "operatingExpenses": 168000000,
        "costAndExpenses": 168000000,
        "interestIncome": 0,
        "interestExpense": 47000000,
        "depreciationAndAmortization": 91000000,
        "ebitda": 169000000,
        "ebitdaratio": 0.210723192,
        "operatingIncome": 79000000,
        "operatingIncomeRatio": 0.0985037406,
        "totalOtherIncomeExpensesNet": -48000000,
        "incomeBeforeTax": 31000000,
        "incomeBeforeTaxRatio": 0.0386533666,
        "incomeTaxExpense": 7000000,
        "netIncome": 24000000,
        "netIncomeRatio": 0.029925187,
        "eps": 0.073,
        "epsdiluted": 0.0715,
        "weightedAverageShsOut": 328700000,
        "weightedAverageShsOutDil": 335600000,
        "link": "https://www.sec.gov/Archives/edgar/data/1595262/000156459016021700/0001564590-16-021700-index.html",
        "finalLink": "https://www.sec.gov/Archives/edgar/data/1595262/000156459016021700/ims-10q_20160630.htm"
    },
    {
        "date": "2016-03-31",
        "symbol": "IMS",
        "reportedCurrency": "USD",
        "cik": "0001595262",
        "fillingDate": "2016-05-06",
        "acceptedDate": "2016-05-06 06:05:47",
        "calendarYear": "2016",
        "period": "Q1",
        "revenue": 774000000,
        "costOfRevenue": 0,
        "grossProfit": 774000000,
        "grossProfitRatio": 1,
        "researchAndDevelopmentExpenses": 0,
        "generalAndAdministrativeExpenses": 0,
        "sellingAndMarketingExpenses": 177000000,
        "sellingGeneralAndAdministrativeExpenses": 177000000,
        "otherExpenses": 0,
        "operatingExpenses": 177000000,
        "costAndExpenses": 177000000,
        "interestIncome": 0,
        "interestExpense": 46000000,
        "depreciationAndAmortization": 90000000,
        "ebitda": 199000000,
        "ebitdaratio": 0.2571059432,
        "operatingIncome": 113000000,
        "operatingIncomeRatio": 0.145994832,
        "totalOtherIncomeExpensesNet": -50000000,
        "incomeBeforeTax": 63000000,
        "incomeBeforeTaxRatio": 0.0813953488,
        "incomeTaxExpense": 20000000,
        "netIncome": 43000000,
        "netIncomeRatio": 0.0555555556,
        "eps": 0.13,
        "epsdiluted": 0.13,
        "weightedAverageShsOut": 328600000,
        "weightedAverageShsOutDil": 335600000,
        "link": "https://www.sec.gov/Archives/edgar/data/1595262/000156459016018122/0001564590-16-018122-index.html",
        "finalLink": "https://www.sec.gov/Archives/edgar/data/1595262/000156459016018122/ims-10q_20160331.htm"
    },
    {
        "date": "2015-12-31",
        "symbol": "IMS",
        "reportedCurrency": "USD",
        "cik": "0001595262",
        "fillingDate": "2016-02-19",
        "acceptedDate": "2016-02-19 06:06:03",
        "calendarYear": "2015",
        "period": "Q4",
        "revenue": 812000000,
        "costOfRevenue": 0,
        "grossProfit": 812000000,
        "grossProfitRatio": 1,
        "researchAndDevelopmentExpenses": 0,
        "generalAndAdministrativeExpenses": 0,
        "sellingAndMarketingExpenses": 214000000,
        "sellingGeneralAndAdministrativeExpenses": 214000000,
        "otherExpenses": 0,
        "operatingExpenses": 214000000,
        "costAndExpenses": 214000000,
        "interestIncome": 0,
        "interestExpense": 45000000,
        "depreciationAndAmortization": 80000000,
        "ebitda": 173000000,
        "ebitdaratio": 0.2130541872,
        "operatingIncome": 88000000,
        "operatingIncomeRatio": 0.1083743842,
        "totalOtherIncomeExpensesNet": -40000000,
        "incomeBeforeTax": 48000000,
        "incomeBeforeTaxRatio": 0.0591133005,
        "incomeTaxExpense": 19000000,
        "netIncome": 29000000,
        "netIncomeRatio": 0.0357142857,
        "eps": 0.0876,
        "epsdiluted": 0.0855,
        "weightedAverageShsOut": 331000000,
        "weightedAverageShsOutDil": 339300000,
        "link": "https://www.sec.gov/Archives/edgar/data/1595262/000156459016012901/0001564590-16-012901-index.html",
        "finalLink": "https://www.sec.gov/Archives/edgar/data/1595262/000156459016012901/ims-10k_20151231.htm"
    },
    {
        "date": "2015-09-30",
        "symbol": "IMS",
        "reportedCurrency": "USD",
        "cik": "0001595262",
        "fillingDate": "2015-11-04",
        "acceptedDate": "2015-11-03 18:15:26",
        "calendarYear": "2015",
        "period": "Q3",
        "revenue": 735000000,
        "costOfRevenue": 0,
        "grossProfit": 735000000,
        "grossProfitRatio": 1,
        "researchAndDevelopmentExpenses": 0,
        "generalAndAdministrativeExpenses": 0,
        "sellingAndMarketingExpenses": 181000000,
        "sellingGeneralAndAdministrativeExpenses": 181000000,
        "otherExpenses": 0,
        "operatingExpenses": 181000000,
        "costAndExpenses": 181000000,
        "interestIncome": 0,
        "interestExpense": 44000000,
        "depreciationAndAmortization": 89000000,
        "ebitda": 184000000,
        "ebitdaratio": 0.2503401361,
        "operatingIncome": 89000000,
        "operatingIncomeRatio": 0.1210884354,
        "totalOtherIncomeExpensesNet": -38000000,
        "incomeBeforeTax": 51000000,
        "incomeBeforeTaxRatio": 0.0693877551,
        "incomeTaxExpense": 8000000,
        "netIncome": 43000000,
        "netIncomeRatio": 0.0585034014,
        "eps": 0.13,
        "epsdiluted": 0.13,
        "weightedAverageShsOut": 331900000,
        "weightedAverageShsOutDil": 340400000,
        "link": "https://www.sec.gov/Archives/edgar/data/1595262/000156459015009180/0001564590-15-009180-index.html",
        "finalLink": "https://www.sec.gov/Archives/edgar/data/1595262/000156459015009180/ims-10q_20150930.htm"
    },
    {
        "date": "2015-06-30",
        "symbol": "IMS",
        "reportedCurrency": "USD",
        "cik": "0001595262",
        "fillingDate": "2015-08-04",
        "acceptedDate": "2015-08-04 16:56:15",
        "calendarYear": "2015",
        "period": "Q2",
        "revenue": 742000000,
        "costOfRevenue": 0,
        "grossProfit": 742000000,
        "grossProfitRatio": 1,
        "researchAndDevelopmentExpenses": 0,
        "generalAndAdministrativeExpenses": 0,
        "sellingAndMarketingExpenses": 180000000,
        "sellingGeneralAndAdministrativeExpenses": 180000000,
        "otherExpenses": 0,
        "operatingExpenses": 180000000,
        "costAndExpenses": 180000000,
        "interestIncome": 0,
        "interestExpense": 43000000,
        "depreciationAndAmortization": 84000000,
        "ebitda": 187000000,
        "ebitdaratio": 0.2520215633,
        "operatingIncome": 96000000,
        "operatingIncomeRatio": 0.1293800539,
        "totalOtherIncomeExpensesNet": -36000000,
        "incomeBeforeTax": 60000000,
        "incomeBeforeTaxRatio": 0.0808625337,
        "incomeTaxExpense": 13000000,
        "netIncome": 47000000,
        "netIncomeRatio": 0.0633423181,
        "eps": 0.14,
        "epsdiluted": 0.14,
        "weightedAverageShsOut": 333600000,
        "weightedAverageShsOutDil": 342600000,
        "link": "https://www.sec.gov/Archives/edgar/data/1595262/000156459015006084/0001564590-15-006084-index.html",
        "finalLink": "https://www.sec.gov/Archives/edgar/data/1595262/000156459015006084/ims-10q_20150630.htm"
    },
    {
        "date": "2015-03-31",
        "symbol": "IMS",
        "reportedCurrency": "USD",
        "cik": "0001595262",
        "fillingDate": "2015-05-15",
        "acceptedDate": "2015-05-14 17:56:45",
        "calendarYear": "2015",
        "period": "Q1",
        "revenue": 632000000,
        "costOfRevenue": 0,
        "grossProfit": 632000000,
        "grossProfitRatio": 1,
        "researchAndDevelopmentExpenses": 0,
        "generalAndAdministrativeExpenses": 0,
        "sellingAndMarketingExpenses": 137000000,
        "sellingGeneralAndAdministrativeExpenses": 137000000,
        "otherExpenses": 0,
        "operatingExpenses": 137000000,
        "costAndExpenses": 137000000,
        "interestIncome": 0,
        "interestExpense": 37000000,
        "depreciationAndAmortization": 98000000,
        "ebitda": 193000000,
        "ebitdaratio": 0.3053797468,
        "operatingIncome": 91000000,
        "operatingIncomeRatio": 0.1439873418,
        "totalOtherIncomeExpensesNet": -33000000,
        "incomeBeforeTax": 58000000,
        "incomeBeforeTaxRatio": 0.0917721519,
        "incomeTaxExpense": -240000000,
        "netIncome": 298000000,
        "netIncomeRatio": 0.4715189873,
        "eps": 0.89,
        "epsdiluted": 0.86,
        "weightedAverageShsOut": 335500000,
        "weightedAverageShsOutDil": 345300000,
        "link": "https://www.sec.gov/Archives/edgar/data/1595262/000156459015004341/0001564590-15-004341-index.html",
        "finalLink": "https://www.sec.gov/Archives/edgar/data/1595262/000156459015004341/ims-10q_20150331.htm"
    },
    {
        "date": "2014-12-31",
        "symbol": "IMS",
        "reportedCurrency": "USD",
        "cik": "0001595262",
        "fillingDate": "2015-02-13",
        "acceptedDate": "2015-02-13 13:57:59",
        "calendarYear": "2014",
        "period": "Q4",
        "revenue": 678000000,
        "costOfRevenue": 0,
        "grossProfit": 678000000,
        "grossProfitRatio": 1,
        "researchAndDevelopmentExpenses": 0,
        "generalAndAdministrativeExpenses": 0,
        "sellingAndMarketingExpenses": 164000000,
        "sellingGeneralAndAdministrativeExpenses": 164000000,
        "otherExpenses": 0,
        "operatingExpenses": 164000000,
        "costAndExpenses": 164000000,
        "interestIncome": 0,
        "interestExpense": 40000000,
        "depreciationAndAmortization": 113000000,
        "ebitda": 206000000,
        "ebitdaratio": 0.3038348083,
        "operatingIncome": 87000000,
        "operatingIncomeRatio": 0.1283185841,
        "totalOtherIncomeExpensesNet": -34000000,
        "incomeBeforeTax": 53000000,
        "incomeBeforeTaxRatio": 0.0781710914,
        "incomeTaxExpense": 45000000,
        "netIncome": 8000000,
        "netIncomeRatio": 0.01179941,
        "eps": 0.0251,
        "epsdiluted": 0.0251,
        "weightedAverageShsOut": 319000000,
        "weightedAverageShsOutDil": 319000000,
        "link": "https://www.sec.gov/Archives/edgar/data/1595262/000156459015000673/0001564590-15-000673-index.htm",
        "finalLink": "https://www.sec.gov/Archives/edgar/data/1595262/000156459015000673/ims-10k_20141231.htm"
    },
    {
        "date": "2014-09-30",
        "symbol": "IMS",
        "reportedCurrency": "USD",
        "cik": "0001595262",
        "fillingDate": "2014-10-30",
        "acceptedDate": "2014-10-30 17:24:26",
        "calendarYear": "2014",
        "period": "Q3",
        "revenue": 656000000,
        "costOfRevenue": 0,
        "grossProfit": 656000000,
        "grossProfitRatio": 1,
        "researchAndDevelopmentExpenses": 0,
        "generalAndAdministrativeExpenses": 0,
        "sellingAndMarketingExpenses": 139000000,
        "sellingGeneralAndAdministrativeExpenses": 139000000,
        "otherExpenses": 0,
        "operatingExpenses": 139000000,
        "costAndExpenses": 139000000,
        "interestIncome": 0,
        "interestExpense": 43000000,
        "depreciationAndAmortization": 112000000,
        "ebitda": 213000000,
        "ebitdaratio": 0.324695122,
        "operatingIncome": 93000000,
        "operatingIncomeRatio": 0.1417682927,
        "totalOtherIncomeExpensesNet": -35000000,
        "incomeBeforeTax": 58000000,
        "incomeBeforeTaxRatio": 0.0884146341,
        "incomeTaxExpense": 11000000,
        "netIncome": 47000000,
        "netIncomeRatio": 0.0716463415,
        "eps": 0.15,
        "epsdiluted": 0.15,
        "weightedAverageShsOut": 314100000,
        "weightedAverageShsOutDil": 314100000,
        "link": "https://www.sec.gov/Archives/edgar/data/1595262/000156459014004744/0001564590-14-004744-index.html",
        "finalLink": "https://www.sec.gov/Archives/edgar/data/1595262/000156459014004744/ims-10q_20140930.htm"
    },
    {
        "date": "2014-06-30",
        "symbol": "IMS",
        "reportedCurrency": "USD",
        "cik": "0001595262",
        "fillingDate": "2014-07-30",
        "acceptedDate": "2014-07-30 14:42:23",
        "calendarYear": "2014",
        "period": "Q2",
        "revenue": 662000000,
        "costOfRevenue": 0,
        "grossProfit": 662000000,
        "grossProfitRatio": 1,
        "researchAndDevelopmentExpenses": 0,
        "generalAndAdministrativeExpenses": 0,
        "sellingAndMarketingExpenses": 247000000,
        "sellingGeneralAndAdministrativeExpenses": 247000000,
        "otherExpenses": 0,
        "operatingExpenses": 247000000,
        "costAndExpenses": 247000000,
        "interestIncome": 0,
        "interestExpense": 49000000,
        "depreciationAndAmortization": 117000000,
        "ebitda": -193000000,
        "ebitdaratio": -0.2915407855,
        "operatingIncome": -39000000,
        "operatingIncomeRatio": -0.0589123867,
        "totalOtherIncomeExpensesNet": -320000000,
        "incomeBeforeTax": -359000000,
        "incomeBeforeTaxRatio": -0.5422960725,
        "incomeTaxExpense": 139000000,
        "netIncome": -498000000,
        "netIncomeRatio": -0.752265861,
        "eps": -1.63,
        "epsdiluted": -1.63,
        "weightedAverageShsOut": 304900000,
        "weightedAverageShsOutDil": 304900000,
        "link": "https://www.sec.gov/Archives/edgar/data/1595262/000156459014002976/0001564590-14-002976-index.html",
        "finalLink": "https://www.sec.gov/Archives/edgar/data/1595262/000156459014002976/ims-10q_20140630.htm"
    },
    {
        "date": "2014-03-31",
        "symbol": "IMS",
        "reportedCurrency": "USD",
        "cik": "0001595262",
        "fillingDate": "2014-05-02",
        "acceptedDate": "2014-05-02 14:24:57",
        "calendarYear": "2014",
        "period": "Q1",
        "revenue": 645000000,
        "costOfRevenue": 0,
        "grossProfit": 645000000,
        "grossProfitRatio": 1,
        "researchAndDevelopmentExpenses": 0,
        "generalAndAdministrativeExpenses": 171000000,
        "sellingAndMarketingExpenses": 0,
        "sellingGeneralAndAdministrativeExpenses": 171000000,
        "otherExpenses": 0,
        "operatingExpenses": 171000000,
        "costAndExpenses": 171000000,
        "interestIncome": 0,
        "interestExpense": 89000000,
        "depreciationAndAmortization": 117000000,
        "ebitda": 169000000,
        "ebitdaratio": 0.2620155039,
        "operatingIncome": 67000000,
        "operatingIncomeRatio": 0.103875969,
        "totalOtherIncomeExpensesNet": -104000000,
        "incomeBeforeTax": -37000000,
        "incomeBeforeTaxRatio": -0.0573643411,
        "incomeTaxExpense": -13000000,
        "netIncome": -24000000,
        "netIncomeRatio": -0.0372093023,
        "eps": -0.0857,
        "epsdiluted": -0.0857,
        "weightedAverageShsOut": 279900000,
        "weightedAverageShsOutDil": 279900000,
        "link": "https://www.sec.gov/Archives/edgar/data/1595262/000119312514179822/0001193125-14-179822-index.html",
        "finalLink": "https://www.sec.gov/Archives/edgar/data/1595262/000119312514179822/d693654d10q.htm"
    }
]