[
    {
        "date": "2021-11-30",
        "symbol": "INFO",
        "reportedCurrency": "USD",
        "cik": "0001598014",
        "fillingDate": "2022-01-24",
        "acceptedDate": "2022-01-24 17:08:48",
        "calendarYear": "2021",
        "period": "Q4",
        "revenue": 1176300000,
        "costOfRevenue": 441600000,
        "grossProfit": 734700000,
        "grossProfitRatio": 0.6245855649,
        "researchAndDevelopmentExpenses": 0,
        "generalAndAdministrativeExpenses": 309900000,
        "sellingAndMarketingExpenses": 0,
        "sellingGeneralAndAdministrativeExpenses": 309900000,
        "otherExpenses": -412000000,
        "operatingExpenses": -102100000,
        "costAndExpenses": 339500000,
        "interestIncome": 100000,
        "interestExpense": 54500000,
        "depreciationAndAmortization": 139300000,
        "ebitda": 906700000,
        "ebitdaratio": 0.770806767,
        "operatingIncome": 767400000,
        "operatingIncomeRatio": 0.6523845958,
        "totalOtherIncomeExpensesNet": -60200000,
        "incomeBeforeTax": 707200000,
        "incomeBeforeTaxRatio": 0.601207175,
        "incomeTaxExpense": -24300000,
        "netIncome": 731500000,
        "netIncomeRatio": 0.6218651704,
        "eps": 1.83,
        "epsdiluted": 1.82,
        "weightedAverageShsOut": 399100000,
        "weightedAverageShsOutDil": 402500000,
        "link": "https://www.sec.gov/Archives/edgar/data/1598014/000159801422000011/0001598014-22-000011-index.htm",
        "finalLink": "https://www.sec.gov/Archives/edgar/data/1598014/000159801422000011/info-20211130.htm"
    },
    {
        "date": "2021-08-31",
        "symbol": "INFO",
        "reportedCurrency": "USD",
        "cik": "0001598014",
        "fillingDate": "2021-09-28",
        "acceptedDate": "2021-09-28 16:28:39",
        "calendarYear": "2021",
        "period": "Q3",
        "revenue": 1180500000,
        "costOfRevenue": 425700000,
        "grossProfit": 754800000,
        "grossProfitRatio": 0.6393900889,
        "researchAndDevelopmentExpenses": 0,
        "generalAndAdministrativeExpenses": 0,
        "sellingAndMarketingExpenses": 0,
        "sellingGeneralAndAdministrativeExpenses": 285600000,
        "otherExpenses": 151500000,
        "operatingExpenses": 437100000,
        "costAndExpenses": 862800000,
        "interestIncome": 100000,
        "interestExpense": 54800000,
        "depreciationAndAmortization": 145100000,
        "ebitda": 432900000,
        "ebitdaratio": 0.3667090216,
        "operatingIncome": 290800000,
        "operatingIncomeRatio": 0.2463362982,
        "totalOtherIncomeExpensesNet": -54700000,
        "incomeBeforeTax": 236100000,
        "incomeBeforeTaxRatio": 0.2,
        "incomeTaxExpense": 71700000,
        "netIncome": 161300000,
        "netIncomeRatio": 0.1366370182,
        "eps": 0.4,
        "epsdiluted": 0.4,
        "weightedAverageShsOut": 399000000,
        "weightedAverageShsOutDil": 401300000,
        "link": "https://www.sec.gov/Archives/edgar/data/1598014/000159801421000137/0001598014-21-000137-index.htm",
        "finalLink": "https://www.sec.gov/Archives/edgar/data/1598014/000159801421000137/info-20210831.htm"
    },
    {
        "date": "2021-05-31",
        "symbol": "INFO",
        "reportedCurrency": "USD",
        "cik": "0001598014",
        "fillingDate": "2021-06-23",
        "acceptedDate": "2021-06-23 16:15:55",
        "calendarYear": "2021",
        "period": "Q2",
        "revenue": 1181400000,
        "costOfRevenue": 425800000,
        "grossProfit": 755600000,
        "grossProfitRatio": 0.6395801591,
        "researchAndDevelopmentExpenses": 0,
        "generalAndAdministrativeExpenses": 0,
        "sellingAndMarketingExpenses": 0,
        "sellingGeneralAndAdministrativeExpenses": 283300000,
        "otherExpenses": 155700000,
        "operatingExpenses": 439000000,
        "costAndExpenses": 864800000,
        "interestIncome": 0,
        "interestExpense": 55400000,
        "depreciationAndAmortization": 150500000,
        "ebitda": 422500000,
        "ebitdaratio": 0.3576265448,
        "operatingIncome": 275600000,
        "operatingIncomeRatio": 0.2332825461,
        "totalOtherIncomeExpensesNet": -55400000,
        "incomeBeforeTax": 220200000,
        "incomeBeforeTaxRatio": 0.18638903,
        "incomeTaxExpense": 57600000,
        "netIncome": 159000000,
        "netIncomeRatio": 0.1345860843,
        "eps": 0.4,
        "epsdiluted": 0.4,
        "weightedAverageShsOut": 398800000,
        "weightedAverageShsOutDil": 400700000,
        "link": "https://www.sec.gov/Archives/edgar/data/1598014/000159801421000107/0001598014-21-000107-index.htm",
        "finalLink": "https://www.sec.gov/Archives/edgar/data/1598014/000159801421000107/info-20210531.htm"
    },
    {
        "date": "2021-02-28",
        "symbol": "INFO",
        "reportedCurrency": "USD",
        "cik": "0001598014",
        "fillingDate": "2021-03-23",
        "acceptedDate": "2021-03-23 16:22:21",
        "calendarYear": "2021",
        "period": "Q1",
        "revenue": 1119900000,
        "costOfRevenue": 415200000,
        "grossProfit": 704700000,
        "grossProfitRatio": 0.6292526118,
        "researchAndDevelopmentExpenses": 0,
        "generalAndAdministrativeExpenses": 302200000,
        "sellingAndMarketingExpenses": 0,
        "sellingGeneralAndAdministrativeExpenses": 302200000,
        "otherExpenses": 155000000,
        "operatingExpenses": 457200000,
        "costAndExpenses": 872400000,
        "interestIncome": 100000,
        "interestExpense": 55500000,
        "depreciationAndAmortization": 151600000,
        "ebitda": 386700000,
        "ebitdaratio": 0.3452986874,
        "operatingIncome": 233400000,
        "operatingIncomeRatio": 0.2084114653,
        "totalOtherIncomeExpensesNet": -55400000,
        "incomeBeforeTax": 178000000,
        "incomeBeforeTaxRatio": 0.1589427627,
        "incomeTaxExpense": 30300000,
        "netIncome": 149300000,
        "netIncomeRatio": 0.1333154746,
        "eps": 0.38,
        "epsdiluted": 0.37,
        "weightedAverageShsOut": 397400000,
        "weightedAverageShsOutDil": 400800000,
        "link": "https://www.sec.gov/Archives/edgar/data/1598014/000159801421000052/0001598014-21-000052-index.htm",
        "finalLink": "https://www.sec.gov/Archives/edgar/data/1598014/000159801421000052/info-20210228.htm"
    },
    {
        "date": "2020-11-30",
        "symbol": "INFO",
        "reportedCurrency": "USD",
        "cik": "0001598014",
        "fillingDate": "2021-01-22",
        "acceptedDate": "2021-01-22 16:23:12",
        "calendarYear": "2020",
        "period": "Q4",
        "revenue": 1107200000,
        "costOfRevenue": 400300000,
        "grossProfit": 706900000,
        "grossProfitRatio": 0.6384573699,
        "researchAndDevelopmentExpenses": 0,
        "generalAndAdministrativeExpenses": 295000000,
        "sellingAndMarketingExpenses": 0,
        "sellingGeneralAndAdministrativeExpenses": 295000000,
        "otherExpenses": 145300000,
        "operatingExpenses": 440300000,
        "costAndExpenses": 840600000,
        "interestIncome": 200000,
        "interestExpense": 57700000,
        "depreciationAndAmortization": 149300000,
        "ebitda": 322500000,
        "ebitdaratio": 0.291275289,
        "operatingIncome": 174300000,
        "operatingIncomeRatio": 0.1574241329,
        "totalOtherIncomeExpensesNet": -58700000,
        "incomeBeforeTax": 115600000,
        "incomeBeforeTaxRatio": 0.1044075145,
        "incomeTaxExpense": -35600000,
        "netIncome": 151100000,
        "netIncomeRatio": 0.1364703757,
        "eps": 0.38,
        "epsdiluted": 0.38,
        "weightedAverageShsOut": 396600000,
        "weightedAverageShsOutDil": 400500000,
        "link": "https://www.sec.gov/Archives/edgar/data/1598014/000159801421000015/0001598014-21-000015-index.htm",
        "finalLink": "https://www.sec.gov/Archives/edgar/data/1598014/000159801421000015/info-20201130.htm"
    },
    {
        "date": "2020-08-31",
        "symbol": "INFO",
        "reportedCurrency": "USD",
        "cik": "0001598014",
        "fillingDate": "2020-09-29",
        "acceptedDate": "2020-09-29 17:18:25",
        "calendarYear": "2020",
        "period": "Q3",
        "revenue": 1073200000,
        "costOfRevenue": 385600000,
        "grossProfit": 687600000,
        "grossProfitRatio": 0.6407007082,
        "researchAndDevelopmentExpenses": 0,
        "generalAndAdministrativeExpenses": 258700000,
        "sellingAndMarketingExpenses": 0,
        "sellingGeneralAndAdministrativeExpenses": 258700000,
        "otherExpenses": 146900000,
        "operatingExpenses": 405600000,
        "costAndExpenses": 791200000,
        "interestIncome": 200000,
        "interestExpense": 57700000,
        "depreciationAndAmortization": 147600000,
        "ebitda": 408100000,
        "ebitdaratio": 0.3802646291,
        "operatingIncome": 261200000,
        "operatingIncomeRatio": 0.2433842713,
        "totalOtherIncomeExpensesNet": -57500000,
        "incomeBeforeTax": 203700000,
        "incomeBeforeTaxRatio": 0.1898061871,
        "incomeTaxExpense": 39900000,
        "netIncome": 162900000,
        "netIncomeRatio": 0.1517890421,
        "eps": 0.41,
        "epsdiluted": 0.41,
        "weightedAverageShsOut": 397800000,
        "weightedAverageShsOutDil": 401100000,
        "link": "https://www.sec.gov/Archives/edgar/data/1598014/000159801420000200/0001598014-20-000200-index.htm",
        "finalLink": "https://www.sec.gov/Archives/edgar/data/1598014/000159801420000200/info-20200831.htm"
    },
    {
        "date": "2020-05-31",
        "symbol": "INFO",
        "reportedCurrency": "USD",
        "cik": "0001598014",
        "fillingDate": "2020-06-23",
        "acceptedDate": "2020-06-23 16:12:45",
        "calendarYear": "2020",
        "period": "Q2",
        "revenue": 1026600000,
        "costOfRevenue": 388300000,
        "grossProfit": 638300000,
        "grossProfitRatio": 0.6217611533,
        "researchAndDevelopmentExpenses": 0,
        "generalAndAdministrativeExpenses": 0,
        "sellingAndMarketingExpenses": 0,
        "sellingGeneralAndAdministrativeExpenses": 258100000,
        "otherExpenses": 148200000,
        "operatingExpenses": 406300000,
        "costAndExpenses": 794600000,
        "interestIncome": 200000,
        "interestExpense": 60000000,
        "depreciationAndAmortization": 149400000,
        "ebitda": 285800000,
        "ebitdaratio": 0.278394701,
        "operatingIncome": 144100000,
        "operatingIncomeRatio": 0.1403662575,
        "totalOtherIncomeExpensesNet": -68700000,
        "incomeBeforeTax": 75400000,
        "incomeBeforeTaxRatio": 0.0734463277,
        "incomeTaxExpense": 4700000,
        "netIncome": 71700000,
        "netIncomeRatio": 0.0698421975,
        "eps": 0.18,
        "epsdiluted": 0.18,
        "weightedAverageShsOut": 397000000,
        "weightedAverageShsOutDil": 400100000,
        "link": "https://www.sec.gov/Archives/edgar/data/1598014/000159801420000160/0001598014-20-000160-index.htm",
        "finalLink": "https://www.sec.gov/Archives/edgar/data/1598014/000159801420000160/q2202010q.htm"
    },
    {
        "date": "2020-02-29",
        "symbol": "INFO",
        "reportedCurrency": "USD",
        "cik": "0001598014",
        "fillingDate": "2020-03-24",
        "acceptedDate": "2020-03-24 17:13:56",
        "calendarYear": "2020",
        "period": "Q1",
        "revenue": 1080800000,
        "costOfRevenue": 415800000,
        "grossProfit": 665000000,
        "grossProfitRatio": 0.6152849741,
        "researchAndDevelopmentExpenses": 0,
        "generalAndAdministrativeExpenses": 316200000,
        "sellingAndMarketingExpenses": -227500000,
        "sellingGeneralAndAdministrativeExpenses": 88700000,
        "otherExpenses": 0,
        "operatingExpenses": 88700000,
        "costAndExpenses": 509900000,
        "interestIncome": 400000,
        "interestExpense": 61200000,
        "depreciationAndAmortization": 145300000,
        "ebitda": 695800000,
        "ebitdaratio": 0.6437823834,
        "operatingIncome": 570900000,
        "operatingIncomeRatio": 0.5282198372,
        "totalOtherIncomeExpensesNet": -82300000,
        "incomeBeforeTax": 488600000,
        "incomeBeforeTaxRatio": 0.4520725389,
        "incomeTaxExpense": 4300000,
        "netIncome": 485000000,
        "netIncomeRatio": 0.4487416728,
        "eps": 1.23,
        "epsdiluted": 1.2,
        "weightedAverageShsOut": 395700000,
        "weightedAverageShsOutDil": 404100000,
        "link": "https://www.sec.gov/Archives/edgar/data/1598014/000159801420000065/0001598014-20-000065-index.htm",
        "finalLink": "https://www.sec.gov/Archives/edgar/data/1598014/000159801420000008/q41910k.htm"
    },
    {
        "date": "2019-11-30",
        "symbol": "INFO",
        "reportedCurrency": "USD",
        "cik": "0001598014",
        "fillingDate": "2020-01-17",
        "acceptedDate": "2020-01-17 17:01:54",
        "calendarYear": "2019",
        "period": "Q4",
        "revenue": 1120400000,
        "costOfRevenue": 409500000,
        "grossProfit": 710900000,
        "grossProfitRatio": 0.6345055337,
        "researchAndDevelopmentExpenses": 0,
        "generalAndAdministrativeExpenses": 308900000,
        "sellingAndMarketingExpenses": 146000000,
        "sellingGeneralAndAdministrativeExpenses": 454900000,
        "otherExpenses": 0,
        "operatingExpenses": 454900000,
        "costAndExpenses": 873400000,
        "interestIncome": 300000,
        "interestExpense": 63800000,
        "depreciationAndAmortization": 142100000,
        "ebitda": 387700000,
        "ebitdaratio": 0.3460371296,
        "operatingIncome": 247000000,
        "operatingIncomeRatio": 0.2204569797,
        "totalOtherIncomeExpensesNet": -65600000,
        "incomeBeforeTax": 181400000,
        "incomeBeforeTaxRatio": 0.161906462,
        "incomeTaxExpense": -21300000,
        "netIncome": 203100000,
        "netIncomeRatio": 0.1812745448,
        "eps": 0.51,
        "epsdiluted": 0.5,
        "weightedAverageShsOut": 398200000,
        "weightedAverageShsOutDil": 408400000,
        "link": "https://www.sec.gov/Archives/edgar/data/1598014/000159801420000008/0001598014-20-000008-index.htm",
        "finalLink": "https://www.sec.gov/Archives/edgar/data/1598014/000159801420000008/q41910k.htm"
    },
    {
        "date": "2019-08-31",
        "symbol": "INFO",
        "reportedCurrency": "USD",
        "cik": "0001598014",
        "fillingDate": "2019-09-24",
        "acceptedDate": "2019-09-24 16:06:19",
        "calendarYear": "2019",
        "period": "Q3",
        "revenue": 1112300000,
        "costOfRevenue": 419700000,
        "grossProfit": 692600000,
        "grossProfitRatio": 0.6226737391,
        "researchAndDevelopmentExpenses": 0,
        "generalAndAdministrativeExpenses": 295400000,
        "sellingAndMarketingExpenses": 29900000,
        "sellingGeneralAndAdministrativeExpenses": 325300000,
        "otherExpenses": 0,
        "operatingExpenses": 325300000,
        "costAndExpenses": 769500000,
        "interestIncome": 600000,
        "interestExpense": 63200000,
        "depreciationAndAmortization": 144700000,
        "ebitda": 488600000,
        "ebitdaratio": 0.4392699811,
        "operatingIncome": 342800000,
        "operatingIncomeRatio": 0.3081902364,
        "totalOtherIncomeExpensesNet": -62800000,
        "incomeBeforeTax": 280000000,
        "incomeBeforeTaxRatio": 0.2517306482,
        "incomeTaxExpense": 240600000,
        "netIncome": 40100000,
        "netIncomeRatio": 0.036051425,
        "eps": 0.1,
        "epsdiluted": 0.0976,
        "weightedAverageShsOut": 401200000,
        "weightedAverageShsOutDil": 410900000,
        "link": "https://www.sec.gov/Archives/edgar/data/1598014/000159801419000126/0001598014-19-000126-index.htm",
        "finalLink": "https://www.sec.gov/Archives/edgar/data/1598014/000159801419000126/q3201910q.htm"
    },
    {
        "date": "2019-05-31",
        "symbol": "INFO",
        "reportedCurrency": "USD",
        "cik": "0001598014",
        "fillingDate": "2019-06-26",
        "acceptedDate": "2019-06-26 09:16:17",
        "calendarYear": "2019",
        "period": "Q2",
        "revenue": 1135500000,
        "costOfRevenue": 428000000,
        "grossProfit": 707500000,
        "grossProfitRatio": 0.6230735359,
        "researchAndDevelopmentExpenses": 0,
        "generalAndAdministrativeExpenses": 293300000,
        "sellingAndMarketingExpenses": 152400000,
        "sellingGeneralAndAdministrativeExpenses": 445700000,
        "otherExpenses": 0,
        "operatingExpenses": 445700000,
        "costAndExpenses": 896800000,
        "interestIncome": 600000,
        "interestExpense": 65800000,
        "depreciationAndAmortization": 144000000,
        "ebitda": 383800000,
        "ebitdaratio": 0.3380008807,
        "operatingIncome": 238700000,
        "operatingIncomeRatio": 0.210215764,
        "totalOtherIncomeExpensesNet": -65400000,
        "incomeBeforeTax": 173300000,
        "incomeBeforeTaxRatio": 0.1526199912,
        "incomeTaxExpense": 24200000,
        "netIncome": 149800000,
        "netIncomeRatio": 0.1319242624,
        "eps": 0.37,
        "epsdiluted": 0.37,
        "weightedAverageShsOut": 400500000,
        "weightedAverageShsOutDil": 409300000,
        "link": "https://www.sec.gov/Archives/edgar/data/1598014/000159801419000084/0001598014-19-000084-index.htm",
        "finalLink": "https://www.sec.gov/Archives/edgar/data/1598014/000159801419000084/q2201910q.htm"
    },
    {
        "date": "2019-02-28",
        "symbol": "INFO",
        "reportedCurrency": "USD",
        "cik": "0001598014",
        "fillingDate": "2019-03-26",
        "acceptedDate": "2019-03-26 16:38:15",
        "calendarYear": "2019",
        "period": "Q1",
        "revenue": 1046400000,
        "costOfRevenue": 399800000,
        "grossProfit": 646600000,
        "grossProfitRatio": 0.6179281346,
        "researchAndDevelopmentExpenses": 0,
        "generalAndAdministrativeExpenses": 300300000,
        "sellingAndMarketingExpenses": 140000000,
        "sellingGeneralAndAdministrativeExpenses": 440300000,
        "otherExpenses": 0,
        "operatingExpenses": 440300000,
        "costAndExpenses": 871400000,
        "interestIncome": 400000,
        "interestExpense": 66900000,
        "depreciationAndAmortization": 142300000,
        "ebitda": 318000000,
        "ebitdaratio": 0.3038990826,
        "operatingIncome": 175000000,
        "operatingIncomeRatio": 0.1672400612,
        "totalOtherIncomeExpensesNet": -66800000,
        "incomeBeforeTax": 108200000,
        "incomeBeforeTaxRatio": 0.1034021407,
        "incomeTaxExpense": -900000,
        "netIncome": 109700000,
        "netIncomeRatio": 0.1048356269,
        "eps": 0.28,
        "epsdiluted": 0.27,
        "weightedAverageShsOut": 398000000,
        "weightedAverageShsOutDil": 408000000,
        "link": "https://www.sec.gov/Archives/edgar/data/1598014/000159801419000043/0001598014-19-000043-index.htm",
        "finalLink": "https://www.sec.gov/Archives/edgar/data/1598014/000159801419000017/q41810k.htm"
    },
    {
        "date": "2018-11-30",
        "symbol": "INFO",
        "reportedCurrency": "USD",
        "cik": "0001598014",
        "fillingDate": "2019-01-18",
        "acceptedDate": "2019-01-18 17:24:17",
        "calendarYear": "2018",
        "period": "Q4",
        "revenue": 1067800000,
        "costOfRevenue": 409100000,
        "grossProfit": 658700000,
        "grossProfitRatio": 0.6168758194,
        "researchAndDevelopmentExpenses": 0,
        "generalAndAdministrativeExpenses": 315600000,
        "sellingAndMarketingExpenses": 142300000,
        "sellingGeneralAndAdministrativeExpenses": 457900000,
        "otherExpenses": 0,
        "operatingExpenses": 457900000,
        "costAndExpenses": 907600000,
        "interestIncome": 600000,
        "interestExpense": 67400000,
        "depreciationAndAmortization": 145500000,
        "ebitda": 311000000,
        "ebitdaratio": 0.2912530436,
        "operatingIncome": 159200000,
        "operatingIncomeRatio": 0.1490915902,
        "totalOtherIncomeExpensesNet": -66800000,
        "incomeBeforeTax": 92400000,
        "incomeBeforeTaxRatio": 0.0865330586,
        "incomeTaxExpense": 16300000,
        "netIncome": 81800000,
        "netIncomeRatio": 0.076606106,
        "eps": 0.21,
        "epsdiluted": 0.2,
        "weightedAverageShsOut": 394500000,
        "weightedAverageShsOutDil": 406700000,
        "link": "https://www.sec.gov/Archives/edgar/data/1598014/000159801419000017/0001598014-19-000017-index.htm",
        "finalLink": "https://www.sec.gov/Archives/edgar/data/1598014/000159801419000017/q41810k.htm"
    },
    {
        "date": "2018-08-31",
        "symbol": "INFO",
        "reportedCurrency": "USD",
        "cik": "0001598014",
        "fillingDate": "2018-09-25",
        "acceptedDate": "2018-09-25 16:14:12",
        "calendarYear": "2018",
        "period": "Q3",
        "revenue": 1001000000,
        "costOfRevenue": 375300000,
        "grossProfit": 625700000,
        "grossProfitRatio": 0.6250749251,
        "researchAndDevelopmentExpenses": 0,
        "generalAndAdministrativeExpenses": 287700000,
        "sellingAndMarketingExpenses": 128500000,
        "sellingGeneralAndAdministrativeExpenses": 416200000,
        "otherExpenses": 0,
        "operatingExpenses": 416200000,
        "costAndExpenses": 840700000,
        "interestIncome": 900000,
        "interestExpense": 56700000,
        "depreciationAndAmortization": 134100000,
        "ebitda": 303200000,
        "ebitdaratio": 0.3028971029,
        "operatingIncome": 167400000,
        "operatingIncomeRatio": 0.1672327672,
        "totalOtherIncomeExpensesNet": -55800000,
        "incomeBeforeTax": 111600000,
        "incomeBeforeTaxRatio": 0.1114885115,
        "incomeTaxExpense": 7900000,
        "netIncome": 104500000,
        "netIncomeRatio": 0.1043956044,
        "eps": 0.27,
        "epsdiluted": 0.26,
        "weightedAverageShsOut": 393000000,
        "weightedAverageShsOutDil": 405100000,
        "link": "https://www.sec.gov/Archives/edgar/data/1598014/000159801418000124/0001598014-18-000124-index.htm",
        "finalLink": "https://www.sec.gov/Archives/edgar/data/1598014/000159801418000124/q31810q.htm"
    },
    {
        "date": "2018-05-31",
        "symbol": "INFO",
        "reportedCurrency": "USD",
        "cik": "0001598014",
        "fillingDate": "2018-06-26",
        "acceptedDate": "2018-06-26 16:43:17",
        "calendarYear": "2018",
        "period": "Q2",
        "revenue": 1008300000,
        "costOfRevenue": 368400000,
        "grossProfit": 639900000,
        "grossProfitRatio": 0.6346325498,
        "researchAndDevelopmentExpenses": 0,
        "generalAndAdministrativeExpenses": 299200000,
        "sellingAndMarketingExpenses": 134300000,
        "sellingGeneralAndAdministrativeExpenses": 433500000,
        "otherExpenses": 0,
        "operatingExpenses": 433500000,
        "costAndExpenses": 827700000,
        "interestIncome": 900000,
        "interestExpense": 55300000,
        "depreciationAndAmortization": 131000000,
        "ebitda": 313000000,
        "ebitdaratio": 0.3104234851,
        "operatingIncome": 180600000,
        "operatingIncomeRatio": 0.1791133591,
        "totalOtherIncomeExpensesNet": -54400000,
        "incomeBeforeTax": 126200000,
        "incomeBeforeTaxRatio": 0.1251611624,
        "incomeTaxExpense": 12000000,
        "netIncome": 114700000,
        "netIncomeRatio": 0.1137558266,
        "eps": 0.29,
        "epsdiluted": 0.28,
        "weightedAverageShsOut": 391800000,
        "weightedAverageShsOutDil": 403600000,
        "link": "https://www.sec.gov/Archives/edgar/data/1598014/000159801418000103/0001598014-18-000103-index.htm",
        "finalLink": "https://www.sec.gov/Archives/edgar/data/1598014/000159801418000103/q21810q.htm"
    },
    {
        "date": "2018-02-28",
        "symbol": "INFO",
        "reportedCurrency": "USD",
        "cik": "0001598014",
        "fillingDate": "2018-03-27",
        "acceptedDate": "2018-03-27 16:41:28",
        "calendarYear": "2018",
        "period": "Q1",
        "revenue": 932100000,
        "costOfRevenue": 342900000,
        "grossProfit": 589200000,
        "grossProfitRatio": 0.6321210171,
        "researchAndDevelopmentExpenses": 0,
        "generalAndAdministrativeExpenses": 290300000,
        "sellingAndMarketingExpenses": 132200000,
        "sellingGeneralAndAdministrativeExpenses": 422500000,
        "otherExpenses": 0,
        "operatingExpenses": 422500000,
        "costAndExpenses": 792400000,
        "interestIncome": 700000,
        "interestExpense": 46300000,
        "depreciationAndAmortization": 130600000,
        "ebitda": 407600000,
        "ebitdaratio": 0.437292136,
        "operatingIncome": 139700000,
        "operatingIncomeRatio": 0.1498766227,
        "totalOtherIncomeExpensesNet": -45600000,
        "incomeBeforeTax": 94100000,
        "incomeBeforeTaxRatio": 0.1009548332,
        "incomeTaxExpense": -10600000,
        "netIncome": 241300000,
        "netIncomeRatio": 0.2588778028,
        "eps": 0.61,
        "epsdiluted": 0.59,
        "weightedAverageShsOut": 398000000,
        "weightedAverageShsOutDil": 412100000,
        "link": "https://www.sec.gov/Archives/edgar/data/1598014/000159801418000041/0001598014-18-000041-index.htm",
        "finalLink": "https://www.sec.gov/Archives/edgar/data/1598014/000159801418000020/q41710k.htm"
    },
    {
        "date": "2017-11-30",
        "symbol": "INFO",
        "reportedCurrency": "USD",
        "cik": "0001598014",
        "fillingDate": "2018-01-23",
        "acceptedDate": "2018-01-22 18:01:49",
        "calendarYear": "2017",
        "period": "Q4",
        "revenue": 944700000,
        "costOfRevenue": 342100000,
        "grossProfit": 602600000,
        "grossProfitRatio": 0.6378744575,
        "researchAndDevelopmentExpenses": 0,
        "generalAndAdministrativeExpenses": 285000000,
        "sellingAndMarketingExpenses": 141500000,
        "sellingGeneralAndAdministrativeExpenses": 426500000,
        "otherExpenses": 0,
        "operatingExpenses": 426500000,
        "costAndExpenses": 798600000,
        "interestIncome": 600000,
        "interestExpense": 43300000,
        "depreciationAndAmortization": 128100000,
        "ebitda": 268500000,
        "ebitdaratio": 0.2842172118,
        "operatingIncome": 139200000,
        "operatingIncomeRatio": 0.1473483646,
        "totalOtherIncomeExpensesNet": -42700000,
        "incomeBeforeTax": 96500000,
        "incomeBeforeTaxRatio": 0.1021488303,
        "incomeTaxExpense": -8600000,
        "netIncome": 105700000,
        "netIncomeRatio": 0.1118873717,
        "eps": 0.27,
        "epsdiluted": 0.26,
        "weightedAverageShsOut": 397600000,
        "weightedAverageShsOutDil": 412900000,
        "link": "https://www.sec.gov/Archives/edgar/data/1598014/000159801418000020/0001598014-18-000020-index.htm",
        "finalLink": "https://www.sec.gov/Archives/edgar/data/1598014/000159801418000020/q41710k.htm"
    },
    {
        "date": "2017-08-31",
        "symbol": "INFO",
        "reportedCurrency": "USD",
        "cik": "0001598014",
        "fillingDate": "2017-09-26",
        "acceptedDate": "2017-09-26 16:11:38",
        "calendarYear": "2017",
        "period": "Q3",
        "revenue": 904700000,
        "costOfRevenue": 341600000,
        "grossProfit": 563100000,
        "grossProfitRatio": 0.6224162706,
        "researchAndDevelopmentExpenses": 0,
        "generalAndAdministrativeExpenses": 268800000,
        "sellingAndMarketingExpenses": 127000000,
        "sellingGeneralAndAdministrativeExpenses": 395800000,
        "otherExpenses": 0,
        "operatingExpenses": 395800000,
        "costAndExpenses": 752200000,
        "interestIncome": 500000,
        "interestExpense": 41500000,
        "depreciationAndAmortization": 120800000,
        "ebitda": 271500000,
        "ebitdaratio": 0.3000994805,
        "operatingIncome": 152500000,
        "operatingIncomeRatio": 0.1685641649,
        "totalOtherIncomeExpensesNet": -41000000,
        "incomeBeforeTax": 111500000,
        "incomeBeforeTaxRatio": 0.1232452747,
        "incomeTaxExpense": -36700000,
        "netIncome": 145900000,
        "netIncomeRatio": 0.1612689289,
        "eps": 0.37,
        "epsdiluted": 0.35,
        "weightedAverageShsOut": 397600000,
        "weightedAverageShsOutDil": 414200000,
        "link": "https://www.sec.gov/Archives/edgar/data/1598014/000159801417000136/0001598014-17-000136-index.htm",
        "finalLink": "https://www.sec.gov/Archives/edgar/data/1598014/000159801417000136/q31710q.htm"
    },
    {
        "date": "2017-05-31",
        "symbol": "INFO",
        "reportedCurrency": "USD",
        "cik": "0001598014",
        "fillingDate": "2017-06-27",
        "acceptedDate": "2017-06-27 16:04:04",
        "calendarYear": "2017",
        "period": "Q2",
        "revenue": 906100000,
        "costOfRevenue": 337700000,
        "grossProfit": 568400000,
        "grossProfitRatio": 0.6273038296,
        "researchAndDevelopmentExpenses": 0,
        "generalAndAdministrativeExpenses": 274200000,
        "sellingAndMarketingExpenses": 127500000,
        "sellingGeneralAndAdministrativeExpenses": 401700000,
        "otherExpenses": 0,
        "operatingExpenses": 401700000,
        "costAndExpenses": 769300000,
        "interestIncome": 600000,
        "interestExpense": 37700000,
        "depreciationAndAmortization": 122800000,
        "ebitda": 258800000,
        "ebitdaratio": 0.2856196888,
        "operatingIncome": 136800000,
        "operatingIncomeRatio": 0.1509767134,
        "totalOtherIncomeExpensesNet": -37100000,
        "incomeBeforeTax": 99700000,
        "incomeBeforeTaxRatio": 0.1100320053,
        "incomeTaxExpense": -1000000,
        "netIncome": 99300000,
        "netIncomeRatio": 0.1095905529,
        "eps": 0.25,
        "epsdiluted": 0.24,
        "weightedAverageShsOut": 399700000,
        "weightedAverageShsOutDil": 415600000,
        "link": "https://www.sec.gov/Archives/edgar/data/1598014/000159801417000112/0001598014-17-000112-index.htm",
        "finalLink": "https://www.sec.gov/Archives/edgar/data/1598014/000159801417000112/q21710q.htm"
    },
    {
        "date": "2017-02-28",
        "symbol": "INFO",
        "reportedCurrency": "USD",
        "cik": "0001598014",
        "fillingDate": "2017-03-28",
        "acceptedDate": "2017-03-28 16:06:28",
        "calendarYear": "2017",
        "period": "Q1",
        "revenue": 844200000,
        "costOfRevenue": 327000000,
        "grossProfit": 517200000,
        "grossProfitRatio": 0.6126510306,
        "researchAndDevelopmentExpenses": 0,
        "generalAndAdministrativeExpenses": 268000000,
        "sellingAndMarketingExpenses": 122100000,
        "sellingGeneralAndAdministrativeExpenses": 390100000,
        "otherExpenses": 0,
        "operatingExpenses": 390100000,
        "costAndExpenses": 748500000,
        "interestIncome": 500000,
        "interestExpense": 31800000,
        "depreciationAndAmortization": 120800000,
        "ebitda": 215000000,
        "ebitdaratio": 0.254678986,
        "operatingIncome": 95700000,
        "operatingIncomeRatio": 0.1133617626,
        "totalOtherIncomeExpensesNet": -31300000,
        "incomeBeforeTax": 64400000,
        "incomeBeforeTaxRatio": 0.0762852405,
        "incomeTaxExpense": -3600000,
        "netIncome": 66000000,
        "netIncomeRatio": 0.0781805259,
        "eps": 0.16,
        "epsdiluted": 0.16,
        "weightedAverageShsOut": 406200000,
        "weightedAverageShsOutDil": 422200000,
        "link": "https://www.sec.gov/Archives/edgar/data/1598014/000159801417000068/0001598014-17-000068-index.htm",
        "finalLink": "https://www.sec.gov/Archives/edgar/data/1598014/000159801417000024/q41610k.htm"
    },
    {
        "date": "2016-11-30",
        "symbol": "INFO",
        "reportedCurrency": "USD",
        "cik": "0001598014",
        "fillingDate": "2017-01-27",
        "acceptedDate": "2017-01-27 16:25:30",
        "calendarYear": "2016",
        "period": "Q4",
        "revenue": 873800000,
        "costOfRevenue": 345500000,
        "grossProfit": 528300000,
        "grossProfitRatio": 0.6046005951,
        "researchAndDevelopmentExpenses": 0,
        "generalAndAdministrativeExpenses": 246000000,
        "sellingAndMarketingExpenses": 129900000,
        "sellingGeneralAndAdministrativeExpenses": 375900000,
        "otherExpenses": 0,
        "operatingExpenses": 375900000,
        "costAndExpenses": 761600000,
        "interestIncome": 400000,
        "interestExpense": 27400000,
        "depreciationAndAmortization": 119200000,
        "ebitda": 230100000,
        "ebitdaratio": 0.2633325704,
        "operatingIncome": 112200000,
        "operatingIncomeRatio": 0.1284046693,
        "totalOtherIncomeExpensesNet": -27000000,
        "incomeBeforeTax": 85200000,
        "incomeBeforeTaxRatio": 0.0975051499,
        "incomeTaxExpense": -5800000,
        "netIncome": 89300000,
        "netIncomeRatio": 0.1021972992,
        "eps": 0.21,
        "epsdiluted": 0.21,
        "weightedAverageShsOut": 416600000,
        "weightedAverageShsOutDil": 432900000,
        "link": "https://www.sec.gov/Archives/edgar/data/1598014/000159801417000024/0001598014-17-000024-index.htm",
        "finalLink": "https://www.sec.gov/Archives/edgar/data/1598014/000159801417000024/q41610k.htm"
    },
    {
        "date": "2016-08-31",
        "symbol": "INFO",
        "reportedCurrency": "USD",
        "cik": "0001598014",
        "fillingDate": "2016-08-31",
        "acceptedDate": "2016-08-30 20:00:00",
        "calendarYear": "2016",
        "period": "Q3",
        "revenue": 724600000,
        "costOfRevenue": 269100000,
        "grossProfit": 455500000,
        "grossProfitRatio": 0.6286226884,
        "researchAndDevelopmentExpenses": 0,
        "generalAndAdministrativeExpenses": 268200000,
        "sellingAndMarketingExpenses": 88900000,
        "sellingGeneralAndAdministrativeExpenses": 357100000,
        "otherExpenses": 0,
        "operatingExpenses": 357100000,
        "costAndExpenses": 626200000,
        "interestIncome": 300000,
        "interestExpense": 36500000,
        "depreciationAndAmortization": 91691000,
        "ebitda": 73391000,
        "ebitdaratio": 0.1012848468,
        "operatingIncome": -16700000,
        "operatingIncomeRatio": -0.0230471985,
        "totalOtherIncomeExpensesNet": -36200000,
        "incomeBeforeTax": -52900000,
        "incomeBeforeTaxRatio": -0.0730057963,
        "incomeTaxExpense": -23100000,
        "netIncome": -31700000,
        "netIncomeRatio": -0.0437482749,
        "eps": -0.0932,
        "epsdiluted": -0.0932,
        "weightedAverageShsOut": 340100000,
        "weightedAverageShsOutDil": 340100000,
        "link": "",
        "finalLink": ""
    },
    {
        "date": "2016-05-31",
        "symbol": "INFO",
        "reportedCurrency": "USD",
        "cik": "0001598014",
        "fillingDate": "2016-05-31",
        "acceptedDate": "2016-05-30 20:00:00",
        "calendarYear": "2016",
        "period": "Q2",
        "revenue": 587969000,
        "costOfRevenue": 212287000,
        "grossProfit": 375682000,
        "grossProfitRatio": 0.6389486521,
        "researchAndDevelopmentExpenses": 0,
        "generalAndAdministrativeExpenses": 207333000,
        "sellingAndMarketingExpenses": 63939000,
        "sellingGeneralAndAdministrativeExpenses": 271272000,
        "otherExpenses": 0,
        "operatingExpenses": 271272000,
        "costAndExpenses": 483559000,
        "interestIncome": 281000,
        "interestExpense": 27237000,
        "depreciationAndAmortization": 64294000,
        "ebitda": 155039000,
        "ebitdaratio": 0.2636856705,
        "operatingIncome": 85210000,
        "operatingIncomeRatio": 0.1449226065,
        "totalOtherIncomeExpensesNet": -26956000,
        "incomeBeforeTax": 58254000,
        "incomeBeforeTaxRatio": 0.099076652,
        "incomeTaxExpense": 13406000,
        "netIncome": 50102000,
        "netIncomeRatio": 0.0852119755,
        "eps": 0.21,
        "epsdiluted": 0.21,
        "weightedAverageShsOut": 240333688,
        "weightedAverageShsOutDil": 241165932,
        "link": "",
        "finalLink": ""
    },
    {
        "date": "2016-02-29",
        "symbol": "INFO",
        "reportedCurrency": "USD",
        "cik": "0001598014",
        "fillingDate": "2016-02-29",
        "acceptedDate": "2016-02-28 19:00:00",
        "calendarYear": "2016",
        "period": "Q1",
        "revenue": 548446000,
        "costOfRevenue": 210795000,
        "grossProfit": 337651000,
        "grossProfitRatio": 0.6156504013,
        "researchAndDevelopmentExpenses": 0,
        "generalAndAdministrativeExpenses": 186922000,
        "sellingAndMarketingExpenses": 61732000,
        "sellingGeneralAndAdministrativeExpenses": 248654000,
        "otherExpenses": 0,
        "operatingExpenses": 248654000,
        "costAndExpenses": 459449000,
        "interestIncome": 264000,
        "interestExpense": 28140000,
        "depreciationAndAmortization": 60515000,
        "ebitda": 144108000,
        "ebitdaratio": 0.2627569533,
        "operatingIncome": 79512000,
        "operatingIncomeRatio": 0.1449768984,
        "totalOtherIncomeExpensesNet": -27876000,
        "incomeBeforeTax": 51636000,
        "incomeBeforeTaxRatio": 0.0941496519,
        "incomeTaxExpense": 10409000,
        "netIncome": 45044000,
        "netIncomeRatio": 0.0821302371,
        "eps": 0.19,
        "epsdiluted": 0.19,
        "weightedAverageShsOut": 239814424,
        "weightedAverageShsOutDil": 242147554,
        "link": "",
        "finalLink": ""
    },
    {
        "date": "2015-11-30",
        "symbol": "INFO",
        "reportedCurrency": "USD",
        "cik": "0001598014",
        "fillingDate": "2015-11-30",
        "acceptedDate": "2015-11-29 19:00:00",
        "calendarYear": "2015",
        "period": "Q4",
        "revenue": 458722000,
        "costOfRevenue": 152513000,
        "grossProfit": 306209000,
        "grossProfitRatio": 0.6675263013,
        "researchAndDevelopmentExpenses": 0,
        "generalAndAdministrativeExpenses": 184182000,
        "sellingAndMarketingExpenses": 40571000,
        "sellingGeneralAndAdministrativeExpenses": 224753000,
        "otherExpenses": 0,
        "operatingExpenses": 224753000,
        "costAndExpenses": 377266000,
        "interestIncome": 319000,
        "interestExpense": 18412000,
        "depreciationAndAmortization": 60744000,
        "ebitda": 177079000,
        "ebitdaratio": 0.3860268311,
        "operatingIncome": 64761000,
        "operatingIncomeRatio": 0.1411770092,
        "totalOtherIncomeExpensesNet": -18093000,
        "incomeBeforeTax": 46668000,
        "incomeBeforeTaxRatio": 0.1017348198,
        "incomeTaxExpense": 7446000,
        "netIncome": 90477000,
        "netIncomeRatio": 0.1972371066,
        "eps": 0.37,
        "epsdiluted": 0.37,
        "weightedAverageShsOut": 241646073,
        "weightedAverageShsOutDil": 244505580,
        "link": "",
        "finalLink": ""
    },
    {
        "date": "2015-08-31",
        "symbol": "INFO",
        "reportedCurrency": "USD",
        "cik": "0001598014",
        "fillingDate": "2015-08-31",
        "acceptedDate": "2015-08-30 20:00:00",
        "calendarYear": "2015",
        "period": "Q3",
        "revenue": 587945000,
        "costOfRevenue": 222811000,
        "grossProfit": 365134000,
        "grossProfitRatio": 0.6210342804,
        "researchAndDevelopmentExpenses": 0,
        "generalAndAdministrativeExpenses": 208239000,
        "sellingAndMarketingExpenses": 60162000,
        "sellingGeneralAndAdministrativeExpenses": 268401000,
        "otherExpenses": 0,
        "operatingExpenses": 268401000,
        "costAndExpenses": 491212000,
        "interestIncome": 274000,
        "interestExpense": 18125000,
        "depreciationAndAmortization": 59928000,
        "ebitda": 154929000,
        "ebitdaratio": 0.2635093419,
        "operatingIncome": 94727000,
        "operatingIncomeRatio": 0.1611154105,
        "totalOtherIncomeExpensesNet": -17851000,
        "incomeBeforeTax": 76876000,
        "incomeBeforeTaxRatio": 0.130753727,
        "incomeTaxExpense": 17632000,
        "netIncome": 59244000,
        "netIncomeRatio": 0.1007645273,
        "eps": 0.24,
        "epsdiluted": 0.24,
        "weightedAverageShsOut": 243111393,
        "weightedAverageShsOutDil": 244765212,
        "link": "",
        "finalLink": ""
    },
    {
        "date": "2015-05-31",
        "symbol": "INFO",
        "reportedCurrency": "USD",
        "cik": "0001598014",
        "fillingDate": "2015-05-31",
        "acceptedDate": "2015-05-30 20:00:00",
        "calendarYear": "2015",
        "period": "Q2",
        "revenue": 591407000,
        "costOfRevenue": 228903000,
        "grossProfit": 362504000,
        "grossProfitRatio": 0.6129518251,
        "researchAndDevelopmentExpenses": 0,
        "generalAndAdministrativeExpenses": 210977000,
        "sellingAndMarketingExpenses": 60928000,
        "sellingGeneralAndAdministrativeExpenses": 271905000,
        "otherExpenses": 0,
        "operatingExpenses": 271905000,
        "costAndExpenses": 500808000,
        "interestIncome": 180000,
        "interestExpense": 17454000,
        "depreciationAndAmortization": 58910000,
        "ebitda": 142019000,
        "ebitdaratio": 0.2401375026,
        "operatingIncome": 82929000,
        "operatingIncomeRatio": 0.1402232304,
        "totalOtherIncomeExpensesNet": -17274000,
        "incomeBeforeTax": 65655000,
        "incomeBeforeTaxRatio": 0.1110149187,
        "incomeTaxExpense": 14703000,
        "netIncome": 50952000,
        "netIncomeRatio": 0.086153867,
        "eps": 0.21,
        "epsdiluted": 0.21,
        "weightedAverageShsOut": 244701193,
        "weightedAverageShsOutDil": 245800182,
        "link": "",
        "finalLink": ""
    },
    {
        "date": "2015-02-28",
        "symbol": "INFO",
        "reportedCurrency": "USD",
        "cik": "0001598014",
        "fillingDate": "2015-02-28",
        "acceptedDate": "2015-02-27 19:00:00",
        "calendarYear": "2015",
        "period": "Q1",
        "revenue": 546261000,
        "costOfRevenue": 214946000,
        "grossProfit": 331315000,
        "grossProfitRatio": 0.6065141022,
        "researchAndDevelopmentExpenses": 0,
        "generalAndAdministrativeExpenses": 196434000,
        "sellingAndMarketingExpenses": 54995000,
        "sellingGeneralAndAdministrativeExpenses": 251429000,
        "otherExpenses": 0,
        "operatingExpenses": 251429000,
        "costAndExpenses": 466375000,
        "interestIncome": 160000,
        "interestExpense": 16994000,
        "depreciationAndAmortization": 55919000,
        "ebitda": 121505000,
        "ebitdaratio": 0.2224303035,
        "operatingIncome": 65426000,
        "operatingIncomeRatio": 0.1197705859,
        "totalOtherIncomeExpensesNet": -16834000,
        "incomeBeforeTax": 48592000,
        "incomeBeforeTaxRatio": 0.0889538151,
        "incomeTaxExpense": 9072000,
        "netIncome": 39520000,
        "netIncomeRatio": 0.0723463692,
        "eps": 0.16,
        "epsdiluted": 0.16,
        "weightedAverageShsOut": 244341976,
        "weightedAverageShsOutDil": 246483049,
        "link": "",
        "finalLink": ""
    },
    {
        "date": "2014-11-30",
        "symbol": "INFO",
        "reportedCurrency": "USD",
        "cik": "0001598014",
        "fillingDate": "2014-11-30",
        "acceptedDate": "2014-11-29 19:00:00",
        "calendarYear": "2014",
        "period": "Q4",
        "revenue": 582317000,
        "costOfRevenue": 221973000,
        "grossProfit": 360344000,
        "grossProfitRatio": 0.6188107165,
        "researchAndDevelopmentExpenses": 0,
        "generalAndAdministrativeExpenses": 217945000,
        "sellingAndMarketingExpenses": 51259000,
        "sellingGeneralAndAdministrativeExpenses": 269204000,
        "otherExpenses": 0,
        "operatingExpenses": 269204000,
        "costAndExpenses": 491177000,
        "interestIncome": 251000,
        "interestExpense": 13233000,
        "depreciationAndAmortization": 52798000,
        "ebitda": 140436000,
        "ebitdaratio": 0.2411676115,
        "operatingIncome": 87387000,
        "operatingIncomeRatio": 0.1500677466,
        "totalOtherIncomeExpensesNet": -12982000,
        "incomeBeforeTax": 74405000,
        "incomeBeforeTaxRatio": 0.1277740475,
        "incomeTaxExpense": 14287000,
        "netIncome": 60118000,
        "netIncomeRatio": 0.1032393009,
        "eps": 0.25,
        "epsdiluted": 0.24,
        "weightedAverageShsOut": 243100723,
        "weightedAverageShsOutDil": 246404804,
        "link": "",
        "finalLink": ""
    },
    {
        "date": "2014-08-31",
        "symbol": "INFO",
        "reportedCurrency": "USD",
        "cik": "0001598014",
        "fillingDate": "2014-08-31",
        "acceptedDate": "2014-08-30 20:00:00",
        "calendarYear": "2014",
        "period": "Q3",
        "revenue": 556011000,
        "costOfRevenue": 219208000,
        "grossProfit": 336803000,
        "grossProfitRatio": 0.6057488071,
        "researchAndDevelopmentExpenses": 0,
        "generalAndAdministrativeExpenses": 209957000,
        "sellingAndMarketingExpenses": 50700000,
        "sellingGeneralAndAdministrativeExpenses": 260657000,
        "otherExpenses": 0,
        "operatingExpenses": 260657000,
        "costAndExpenses": 479865000,
        "interestIncome": 251000,
        "interestExpense": 12295000,
        "depreciationAndAmortization": 50568000,
        "ebitda": 124597000,
        "ebitdaratio": 0.2240908903,
        "operatingIncome": 73778000,
        "operatingIncomeRatio": 0.1326916194,
        "totalOtherIncomeExpensesNet": -12044000,
        "incomeBeforeTax": 61734000,
        "incomeBeforeTaxRatio": 0.1110301775,
        "incomeTaxExpense": 15217000,
        "netIncome": 46517000,
        "netIncomeRatio": 0.0836620139,
        "eps": 0.19,
        "epsdiluted": 0.19,
        "weightedAverageShsOut": 242805525,
        "weightedAverageShsOutDil": 245088862,
        "link": "",
        "finalLink": ""
    },
    {
        "date": "2014-05-31",
        "symbol": "INFO",
        "reportedCurrency": "USD",
        "cik": "0001598014",
        "fillingDate": "2014-05-31",
        "acceptedDate": "2014-05-30 20:00:00",
        "calendarYear": "2014",
        "period": "Q2",
        "revenue": 568008000,
        "costOfRevenue": 224945000,
        "grossProfit": 343063000,
        "grossProfitRatio": 0.6039756482,
        "researchAndDevelopmentExpenses": 0,
        "generalAndAdministrativeExpenses": 206478000,
        "sellingAndMarketingExpenses": 48875000,
        "sellingGeneralAndAdministrativeExpenses": 255353000,
        "otherExpenses": 0,
        "operatingExpenses": 255353000,
        "costAndExpenses": 480298000,
        "interestIncome": 235000,
        "interestExpense": 14610000,
        "depreciationAndAmortization": 49142000,
        "ebitda": 136150000,
        "ebitdaratio": 0.2396973282,
        "operatingIncome": 86773000,
        "operatingIncomeRatio": 0.1527672145,
        "totalOtherIncomeExpensesNet": -14375000,
        "incomeBeforeTax": 72398000,
        "incomeBeforeTaxRatio": 0.1274594724,
        "incomeTaxExpense": 16906000,
        "netIncome": 55492000,
        "netIncomeRatio": 0.0976958071,
        "eps": 0.23,
        "epsdiluted": 0.23,
        "weightedAverageShsOut": 242617025,
        "weightedAverageShsOutDil": 244327750,
        "link": "",
        "finalLink": ""
    },
    {
        "date": "2014-02-28",
        "symbol": "INFO",
        "reportedCurrency": "USD",
        "cik": "0001598014",
        "fillingDate": "2014-02-28",
        "acceptedDate": "2014-02-27 19:00:00",
        "calendarYear": "2014",
        "period": "Q1",
        "revenue": 524458000,
        "costOfRevenue": 212925000,
        "grossProfit": 311533000,
        "grossProfitRatio": 0.5940094345,
        "researchAndDevelopmentExpenses": 0,
        "generalAndAdministrativeExpenses": 200552000,
        "sellingAndMarketingExpenses": 51212000,
        "sellingGeneralAndAdministrativeExpenses": 251764000,
        "otherExpenses": 0,
        "operatingExpenses": 251764000,
        "costAndExpenses": 464689000,
        "interestIncome": 251000,
        "interestExpense": 15245000,
        "depreciationAndAmortization": 49637000,
        "ebitda": 105542000,
        "ebitdaratio": 0.2012401374,
        "operatingIncome": 55654000,
        "operatingIncomeRatio": 0.1061171724,
        "totalOtherIncomeExpensesNet": -14994000,
        "incomeBeforeTax": 40660000,
        "incomeBeforeTaxRatio": 0.0775276571,
        "incomeTaxExpense": 8238000,
        "netIncome": 32422000,
        "netIncomeRatio": 0.0618200123,
        "eps": 0.13,
        "epsdiluted": 0.13,
        "weightedAverageShsOut": 241169489,
        "weightedAverageShsOutDil": 244313523,
        "link": "",
        "finalLink": ""
    },
    {
        "date": "2013-11-30",
        "symbol": "INFO",
        "reportedCurrency": "USD",
        "cik": "0001598014",
        "fillingDate": "2013-11-30",
        "acceptedDate": "2013-11-29 19:00:00",
        "calendarYear": "2013",
        "period": "Q4",
        "revenue": 559675000,
        "costOfRevenue": 217406000,
        "grossProfit": 342269000,
        "grossProfitRatio": 0.61154956,
        "researchAndDevelopmentExpenses": 0,
        "generalAndAdministrativeExpenses": 220702000,
        "sellingAndMarketingExpenses": 53229000,
        "sellingGeneralAndAdministrativeExpenses": 273931000,
        "otherExpenses": 0,
        "operatingExpenses": 273931000,
        "costAndExpenses": 491337000,
        "interestIncome": 392000,
        "interestExpense": 16226000,
        "depreciationAndAmortization": 50950000,
        "ebitda": 112136000,
        "ebitdaratio": 0.200359137,
        "operatingIncome": 60794000,
        "operatingIncomeRatio": 0.1086237549,
        "totalOtherIncomeExpensesNet": -15834000,
        "incomeBeforeTax": 44960000,
        "incomeBeforeTaxRatio": 0.0803323357,
        "incomeTaxExpense": 4150000,
        "netIncome": 40810000,
        "netIncomeRatio": 0.0729173181,
        "eps": 0.17,
        "epsdiluted": 0.17,
        "weightedAverageShsOut": 239725509,
        "weightedAverageShsOutDil": 243328345,
        "link": "",
        "finalLink": ""
    },
    {
        "date": "2013-08-31",
        "symbol": "INFO",
        "reportedCurrency": "USD",
        "cik": "0001598014",
        "fillingDate": "2013-08-31",
        "acceptedDate": "2013-08-30 20:00:00",
        "calendarYear": "2013",
        "period": "Q3",
        "revenue": 480288000,
        "costOfRevenue": 198279000,
        "grossProfit": 282009000,
        "grossProfitRatio": 0.5871664501,
        "researchAndDevelopmentExpenses": 0,
        "generalAndAdministrativeExpenses": 181586000,
        "sellingAndMarketingExpenses": 43234000,
        "sellingGeneralAndAdministrativeExpenses": 224820000,
        "otherExpenses": 0,
        "operatingExpenses": 224820000,
        "costAndExpenses": 423099000,
        "interestIncome": 232000,
        "interestExpense": 16072000,
        "depreciationAndAmortization": 42431000,
        "ebitda": 81981000,
        "ebitdaratio": 0.1706913352,
        "operatingIncome": 39426000,
        "operatingIncomeRatio": 0.0820882471,
        "totalOtherIncomeExpensesNet": -15840000,
        "incomeBeforeTax": 23586000,
        "incomeBeforeTaxRatio": 0.0491080352,
        "incomeTaxExpense": 116000,
        "netIncome": 23362000,
        "netIncomeRatio": 0.0486416483,
        "eps": 0.0986,
        "epsdiluted": 0.0976,
        "weightedAverageShsOut": 237047390,
        "weightedAverageShsOutDil": 239451651,
        "link": "",
        "finalLink": ""
    },
    {
        "date": "2013-05-31",
        "symbol": "INFO",
        "reportedCurrency": "USD",
        "cik": "0001598014",
        "fillingDate": "2013-05-31",
        "acceptedDate": "2013-05-30 20:00:00",
        "calendarYear": "2013",
        "period": "Q2",
        "revenue": 418143000,
        "costOfRevenue": 172424000,
        "grossProfit": 245719000,
        "grossProfitRatio": 0.5876434617,
        "researchAndDevelopmentExpenses": 0,
        "generalAndAdministrativeExpenses": 145851000,
        "sellingAndMarketingExpenses": 33388000,
        "sellingGeneralAndAdministrativeExpenses": 179239000,
        "otherExpenses": 0,
        "operatingExpenses": 179239000,
        "costAndExpenses": 351663000,
        "interestIncome": 303000,
        "interestExpense": 6164000,
        "depreciationAndAmortization": 32877000,
        "ebitda": 94771000,
        "ebitdaratio": 0.2266473431,
        "operatingIncome": 61584000,
        "operatingIncomeRatio": 0.1472797584,
        "totalOtherIncomeExpensesNet": -5861000,
        "incomeBeforeTax": 55723000,
        "incomeBeforeTaxRatio": 0.1332630225,
        "incomeTaxExpense": 12840000,
        "netIncome": 42890000,
        "netIncomeRatio": 0.1025725649,
        "eps": 0.18,
        "epsdiluted": 0.18,
        "weightedAverageShsOut": 234337260,
        "weightedAverageShsOutDil": 236232928,
        "link": "",
        "finalLink": ""
    },
    {
        "date": "2013-02-28",
        "symbol": "INFO",
        "reportedCurrency": "USD",
        "cik": "0001598014",
        "fillingDate": "2013-02-28",
        "acceptedDate": "2013-02-27 19:00:00",
        "calendarYear": "2013",
        "period": "Q1",
        "revenue": 382525000,
        "costOfRevenue": 160075000,
        "grossProfit": 222450000,
        "grossProfitRatio": 0.5815306189,
        "researchAndDevelopmentExpenses": 0,
        "generalAndAdministrativeExpenses": 144469000,
        "sellingAndMarketingExpenses": 34898000,
        "sellingGeneralAndAdministrativeExpenses": 179367000,
        "otherExpenses": 0,
        "operatingExpenses": 179367000,
        "costAndExpenses": 339442000,
        "interestIncome": 344000,
        "interestExpense": 6120000,
        "depreciationAndAmortization": 32479000,
        "ebitda": 69223000,
        "ebitdaratio": 0.1809633357,
        "operatingIncome": 36400000,
        "operatingIncomeRatio": 0.0951571793,
        "totalOtherIncomeExpensesNet": -5776000,
        "incomeBeforeTax": 30624000,
        "incomeBeforeTaxRatio": 0.0800575126,
        "incomeTaxExpense": 5953000,
        "netIncome": 24671000,
        "netIncomeRatio": 0.064495131,
        "eps": 0.11,
        "epsdiluted": 0.1,
        "weightedAverageShsOut": 233988714,
        "weightedAverageShsOutDil": 237228776,
        "link": "",
        "finalLink": ""
    },
    {
        "date": "2012-11-30",
        "symbol": "INFO",
        "reportedCurrency": "USD",
        "cik": "0001598014",
        "fillingDate": "2012-11-30",
        "acceptedDate": "2012-11-29 19:00:00",
        "calendarYear": "2012",
        "period": "Q4",
        "revenue": 414358000,
        "costOfRevenue": 158907000,
        "grossProfit": 255451000,
        "grossProfitRatio": 0.6164982937,
        "researchAndDevelopmentExpenses": 0,
        "generalAndAdministrativeExpenses": 162422000,
        "sellingAndMarketingExpenses": 32129000,
        "sellingGeneralAndAdministrativeExpenses": 194551000,
        "otherExpenses": 0,
        "operatingExpenses": 194551000,
        "costAndExpenses": 353458000,
        "interestIncome": 325000,
        "interestExpense": 5736000,
        "depreciationAndAmortization": 31560000,
        "ebitda": 87372000,
        "ebitdaratio": 0.2108611394,
        "operatingIncome": 55476000,
        "operatingIncomeRatio": 0.1338842257,
        "totalOtherIncomeExpensesNet": -5411000,
        "incomeBeforeTax": 50065000,
        "incomeBeforeTaxRatio": 0.1208254698,
        "incomeTaxExpense": 3656000,
        "netIncome": 46420000,
        "netIncomeRatio": 0.1120287288,
        "eps": 0.2,
        "epsdiluted": 0.19,
        "weightedAverageShsOut": 234643128,
        "weightedAverageShsOutDil": 238775897,
        "link": "",
        "finalLink": ""
    },
    {
        "date": "2012-08-31",
        "symbol": "INFO",
        "reportedCurrency": "USD",
        "cik": "0001598014",
        "fillingDate": "2012-08-31",
        "acceptedDate": "2012-08-30 20:00:00",
        "calendarYear": "2012",
        "period": "Q3",
        "revenue": 385609000,
        "costOfRevenue": 153746000,
        "grossProfit": 231863000,
        "grossProfitRatio": 0.6012904263,
        "researchAndDevelopmentExpenses": 0,
        "generalAndAdministrativeExpenses": 140520000,
        "sellingAndMarketingExpenses": 32012000,
        "sellingGeneralAndAdministrativeExpenses": 172532000,
        "otherExpenses": 0,
        "operatingExpenses": 172532000,
        "costAndExpenses": 326278000,
        "interestIncome": 255000,
        "interestExpense": 5057000,
        "depreciationAndAmortization": 31390000,
        "ebitda": 87913000,
        "ebitdaratio": 0.227984824,
        "operatingIncome": 56260000,
        "operatingIncomeRatio": 0.1458990843,
        "totalOtherIncomeExpensesNet": -4802000,
        "incomeBeforeTax": 51458000,
        "incomeBeforeTaxRatio": 0.1334460555,
        "incomeTaxExpense": 7384000,
        "netIncome": 44082000,
        "netIncomeRatio": 0.1143178712,
        "eps": 0.19,
        "epsdiluted": 0.19,
        "weightedAverageShsOut": 234707147,
        "weightedAverageShsOutDil": 237609332,
        "link": "",
        "finalLink": ""
    },
    {
        "date": "2012-05-31",
        "symbol": "INFO",
        "reportedCurrency": "USD",
        "cik": "0001598014",
        "fillingDate": "2012-05-31",
        "acceptedDate": "2012-05-30 20:00:00",
        "calendarYear": "2012",
        "period": "Q2",
        "revenue": 387159000,
        "costOfRevenue": 165271000,
        "grossProfit": 221888000,
        "grossProfitRatio": 0.5731185379,
        "researchAndDevelopmentExpenses": 0,
        "generalAndAdministrativeExpenses": 128842000,
        "sellingAndMarketingExpenses": 28426000,
        "sellingGeneralAndAdministrativeExpenses": 157268000,
        "otherExpenses": 0,
        "operatingExpenses": 157268000,
        "costAndExpenses": 322539000,
        "interestIncome": 247000,
        "interestExpense": 4886000,
        "depreciationAndAmortization": 28992000,
        "ebitda": 89730000,
        "ebitdaratio": 0.2317652437,
        "operatingIncome": 60491000,
        "operatingIncomeRatio": 0.1562433006,
        "totalOtherIncomeExpensesNet": -4639000,
        "incomeBeforeTax": 55852000,
        "incomeBeforeTaxRatio": 0.1442611434,
        "incomeTaxExpense": 11661000,
        "netIncome": 44191000,
        "netIncomeRatio": 0.114141735,
        "eps": 0.19,
        "epsdiluted": 0.19,
        "weightedAverageShsOut": 234294581,
        "weightedAverageShsOutDil": 236670390,
        "link": "",
        "finalLink": ""
    },
    {
        "date": "2012-02-29",
        "symbol": "INFO",
        "reportedCurrency": "USD",
        "cik": "0001598014",
        "fillingDate": "2012-02-29",
        "acceptedDate": "2012-02-28 19:00:00",
        "calendarYear": "2012",
        "period": "Q1",
        "revenue": 342743000,
        "costOfRevenue": 146590000,
        "grossProfit": 196153000,
        "grossProfitRatio": 0.572303446,
        "researchAndDevelopmentExpenses": 0,
        "generalAndAdministrativeExpenses": 127176000,
        "sellingAndMarketingExpenses": 25565000,
        "sellingGeneralAndAdministrativeExpenses": 152741000,
        "otherExpenses": 0,
        "operatingExpenses": 152741000,
        "costAndExpenses": 299331000,
        "interestIncome": 172000,
        "interestExpense": 4894000,
        "depreciationAndAmortization": 26301000,
        "ebitda": 61533000,
        "ebitdaratio": 0.1795310189,
        "operatingIncome": 35060000,
        "operatingIncomeRatio": 0.1022923882,
        "totalOtherIncomeExpensesNet": -4722000,
        "incomeBeforeTax": 30338000,
        "incomeBeforeTaxRatio": 0.0885153016,
        "incomeTaxExpense": 6863000,
        "netIncome": 23475000,
        "netIncomeRatio": 0.068491552,
        "eps": 0.1,
        "epsdiluted": 0.0993,
        "weightedAverageShsOut": 233010649,
        "weightedAverageShsOutDil": 236339626,
        "link": "",
        "finalLink": ""
    },
    {
        "date": "2011-11-30",
        "symbol": "INFO",
        "reportedCurrency": "USD",
        "cik": "0001598014",
        "fillingDate": "2011-11-30",
        "acceptedDate": "2011-11-29 19:00:00",
        "calendarYear": "2011",
        "period": "Q4",
        "revenue": 365618000,
        "costOfRevenue": 142756000,
        "grossProfit": 222862000,
        "grossProfitRatio": 0.609548764,
        "researchAndDevelopmentExpenses": 0,
        "generalAndAdministrativeExpenses": 165426000,
        "sellingAndMarketingExpenses": 24133000,
        "sellingGeneralAndAdministrativeExpenses": 189559000,
        "otherExpenses": 0,
        "operatingExpenses": 189559000,
        "costAndExpenses": 332315000,
        "interestIncome": 208000,
        "interestExpense": 4572000,
        "depreciationAndAmortization": 25628000,
        "ebitda": 57230000,
        "ebitdaratio": 0.1565294925,
        "operatingIncome": 31208000,
        "operatingIncomeRatio": 0.0853568479,
        "totalOtherIncomeExpensesNet": -4364000,
        "incomeBeforeTax": 26844000,
        "incomeBeforeTaxRatio": 0.0734208928,
        "incomeTaxExpense": 645000,
        "netIncome": 26385000,
        "netIncomeRatio": 0.0721654842,
        "eps": 0.11,
        "epsdiluted": 0.11,
        "weightedAverageShsOut": 231758725,
        "weightedAverageShsOutDil": 235443363,
        "link": "",
        "finalLink": ""
    },
    {
        "date": "2011-08-31",
        "symbol": "INFO",
        "reportedCurrency": "USD",
        "cik": "0001598014",
        "fillingDate": "2011-08-31",
        "acceptedDate": "2011-08-30 20:00:00",
        "calendarYear": "2011",
        "period": "Q3",
        "revenue": 340466000,
        "costOfRevenue": 145242000,
        "grossProfit": 195224000,
        "grossProfitRatio": 0.5734023368,
        "researchAndDevelopmentExpenses": 0,
        "generalAndAdministrativeExpenses": 120145000,
        "sellingAndMarketingExpenses": 23299000,
        "sellingGeneralAndAdministrativeExpenses": 143444000,
        "otherExpenses": 0,
        "operatingExpenses": 143444000,
        "costAndExpenses": 288686000,
        "interestIncome": 163000,
        "interestExpense": 2967000,
        "depreciationAndAmortization": 23496000,
        "ebitda": 73560000,
        "ebitdaratio": 0.2160568162,
        "operatingIncome": 49884000,
        "operatingIncomeRatio": 0.1465168328,
        "totalOtherIncomeExpensesNet": -2804000,
        "incomeBeforeTax": 47080000,
        "incomeBeforeTaxRatio": 0.1382810618,
        "incomeTaxExpense": 7505000,
        "netIncome": 39592000,
        "netIncomeRatio": 0.1162876763,
        "eps": 0.17,
        "epsdiluted": 0.17,
        "weightedAverageShsOut": 231257245,
        "weightedAverageShsOutDil": 233586818,
        "link": "",
        "finalLink": ""
    },
    {
        "date": "2011-05-31",
        "symbol": "INFO",
        "reportedCurrency": "USD",
        "cik": "0001598014",
        "fillingDate": "2011-05-31",
        "acceptedDate": "2011-05-30 20:00:00",
        "calendarYear": "2011",
        "period": "Q2",
        "revenue": 325117000,
        "costOfRevenue": 142979000,
        "grossProfit": 182138000,
        "grossProfitRatio": 0.5602229351,
        "researchAndDevelopmentExpenses": 0,
        "generalAndAdministrativeExpenses": 108401000,
        "sellingAndMarketingExpenses": 20822000,
        "sellingGeneralAndAdministrativeExpenses": 129223000,
        "otherExpenses": 0,
        "operatingExpenses": 129223000,
        "costAndExpenses": 272202000,
        "interestIncome": 306000,
        "interestExpense": 2145000,
        "depreciationAndAmortization": 20714000,
        "ebitda": 71982000,
        "ebitdaratio": 0.2214033717,
        "operatingIncome": 50970000,
        "operatingIncomeRatio": 0.1567743305,
        "totalOtherIncomeExpensesNet": -1839000,
        "incomeBeforeTax": 49131000,
        "incomeBeforeTaxRatio": 0.1511179052,
        "incomeTaxExpense": 10401000,
        "netIncome": 38722000,
        "netIncomeRatio": 0.1191017388,
        "eps": 0.17,
        "epsdiluted": 0.17,
        "weightedAverageShsOut": 231008283,
        "weightedAverageShsOutDil": 233124460,
        "link": "",
        "finalLink": ""
    },
    {
        "date": "2011-02-28",
        "symbol": "INFO",
        "reportedCurrency": "USD",
        "cik": "0001598014",
        "fillingDate": "2011-02-28",
        "acceptedDate": "2011-02-27 19:00:00",
        "calendarYear": "2011",
        "period": "Q1",
        "revenue": 295002000,
        "costOfRevenue": 128184000,
        "grossProfit": 166818000,
        "grossProfitRatio": 0.565480912,
        "researchAndDevelopmentExpenses": 0,
        "generalAndAdministrativeExpenses": 104504000,
        "sellingAndMarketingExpenses": 18706000,
        "sellingGeneralAndAdministrativeExpenses": 123210000,
        "otherExpenses": 0,
        "operatingExpenses": 123210000,
        "costAndExpenses": 251394000,
        "interestIncome": 185000,
        "interestExpense": 1662000,
        "depreciationAndAmortization": 18201000,
        "ebitda": 58695000,
        "ebitdaratio": 0.1989647528,
        "operatingIncome": 40302000,
        "operatingIncomeRatio": 0.1366160229,
        "totalOtherIncomeExpensesNet": -1477000,
        "incomeBeforeTax": 38825000,
        "incomeBeforeTaxRatio": 0.1316092772,
        "incomeTaxExpense": 8116000,
        "netIncome": 30716000,
        "netIncomeRatio": 0.104121328,
        "eps": 0.13,
        "epsdiluted": 0.13,
        "weightedAverageShsOut": 229347351,
        "weightedAverageShsOutDil": 232654989,
        "link": "",
        "finalLink": ""
    },
    {
        "date": "2010-11-30",
        "symbol": "INFO",
        "reportedCurrency": "USD",
        "cik": "0001598014",
        "fillingDate": "2010-11-30",
        "acceptedDate": "2010-11-29 19:00:00",
        "calendarYear": "2010",
        "period": "Q4",
        "revenue": 296186000,
        "costOfRevenue": 123943000,
        "grossProfit": 172243000,
        "grossProfitRatio": 0.581536602,
        "researchAndDevelopmentExpenses": 0,
        "generalAndAdministrativeExpenses": 94519000,
        "sellingAndMarketingExpenses": 22152000,
        "sellingGeneralAndAdministrativeExpenses": 116671000,
        "otherExpenses": 0,
        "operatingExpenses": 116671000,
        "costAndExpenses": 240614000,
        "interestIncome": 269000,
        "interestExpense": 963000,
        "depreciationAndAmortization": 16969000,
        "ebitda": 72886000,
        "ebitdaratio": 0.246081854,
        "operatingIncome": 55572000,
        "operatingIncomeRatio": 0.1876253435,
        "totalOtherIncomeExpensesNet": -694000,
        "incomeBeforeTax": 54878000,
        "incomeBeforeTaxRatio": 0.1852822213,
        "incomeTaxExpense": 13499000,
        "netIncome": 41455000,
        "netIncomeRatio": 0.1399627261,
        "eps": 0.18,
        "epsdiluted": 0.18,
        "weightedAverageShsOut": 228056305,
        "weightedAverageShsOutDil": 228056305,
        "link": "",
        "finalLink": ""
    },
    {
        "date": "2010-08-31",
        "symbol": "INFO",
        "reportedCurrency": "USD",
        "cik": "0001598014",
        "fillingDate": "2010-08-31",
        "acceptedDate": "2010-08-30 20:00:00",
        "calendarYear": "2010",
        "period": "Q3",
        "revenue": 272059000,
        "costOfRevenue": 115791000,
        "grossProfit": 156268000,
        "grossProfitRatio": 0.5743901139,
        "researchAndDevelopmentExpenses": 0,
        "generalAndAdministrativeExpenses": 87394000,
        "sellingAndMarketingExpenses": 14668000,
        "sellingGeneralAndAdministrativeExpenses": 102062000,
        "otherExpenses": 0,
        "operatingExpenses": 102062000,
        "costAndExpenses": 217853000,
        "interestIncome": 188000,
        "interestExpense": 413000,
        "depreciationAndAmortization": 14406000,
        "ebitda": 59692000,
        "ebitdaratio": 0.2194082901,
        "operatingIncome": 45102000,
        "operatingIncomeRatio": 0.1657802168,
        "totalOtherIncomeExpensesNet": -225000,
        "incomeBeforeTax": 44877000,
        "incomeBeforeTaxRatio": 0.1649531903,
        "incomeTaxExpense": 10314000,
        "netIncome": 34559000,
        "netIncomeRatio": 0.1270275933,
        "eps": 0.15,
        "epsdiluted": 0.15,
        "weightedAverageShsOut": 228056305,
        "weightedAverageShsOutDil": 230183152,
        "link": "",
        "finalLink": ""
    },
    {
        "date": "2010-05-31",
        "symbol": "INFO",
        "reportedCurrency": "USD",
        "cik": "0001598014",
        "fillingDate": "2010-05-31",
        "acceptedDate": "2010-05-30 20:00:00",
        "calendarYear": "2010",
        "period": "Q2",
        "revenue": 266480000,
        "costOfRevenue": 112938000,
        "grossProfit": 153542000,
        "grossProfitRatio": 0.5761858301,
        "researchAndDevelopmentExpenses": 0,
        "generalAndAdministrativeExpenses": 90253000,
        "sellingAndMarketingExpenses": 14040000,
        "sellingGeneralAndAdministrativeExpenses": 104293000,
        "otherExpenses": 0,
        "operatingExpenses": 104293000,
        "costAndExpenses": 217231000,
        "interestIncome": 94000,
        "interestExpense": 295000,
        "depreciationAndAmortization": 14269000,
        "ebitda": 63694000,
        "ebitdaratio": 0.2390198139,
        "operatingIncome": 49331000,
        "operatingIncomeRatio": 0.1851208346,
        "totalOtherIncomeExpensesNet": -201000,
        "incomeBeforeTax": 49130000,
        "incomeBeforeTaxRatio": 0.1843665566,
        "incomeTaxExpense": 10652000,
        "netIncome": 38478000,
        "netIncomeRatio": 0.1443935755,
        "eps": 0.17,
        "epsdiluted": 0.17,
        "weightedAverageShsOut": 227554824,
        "weightedAverageShsOutDil": 229646105,
        "link": "",
        "finalLink": ""
    },
    {
        "date": "2010-02-28",
        "symbol": "INFO",
        "reportedCurrency": "USD",
        "cik": "0001598014",
        "fillingDate": "2010-02-28",
        "acceptedDate": "2010-02-27 19:00:00",
        "calendarYear": "2010",
        "period": "Q1",
        "revenue": 240735000,
        "costOfRevenue": 105206000,
        "grossProfit": 135529000,
        "grossProfitRatio": 0.5629800403,
        "researchAndDevelopmentExpenses": 0,
        "generalAndAdministrativeExpenses": 85846000,
        "sellingAndMarketingExpenses": 12945000,
        "sellingGeneralAndAdministrativeExpenses": 98791000,
        "otherExpenses": 0,
        "operatingExpenses": 98791000,
        "costAndExpenses": 203997000,
        "interestIncome": 104000,
        "interestExpense": 365000,
        "depreciationAndAmortization": 13830000,
        "ebitda": 50546000,
        "ebitdaratio": 0.2099653146,
        "operatingIncome": 36738000,
        "operatingIncomeRatio": 0.1526076391,
        "totalOtherIncomeExpensesNet": -261000,
        "incomeBeforeTax": 36477000,
        "incomeBeforeTaxRatio": 0.1515234594,
        "incomeTaxExpense": 9528000,
        "netIncome": 26823000,
        "netIncomeRatio": 0.1114212724,
        "eps": 0.12,
        "epsdiluted": 0.12,
        "weightedAverageShsOut": 225982807,
        "weightedAverageShsOutDil": 229148181,
        "link": "",
        "finalLink": ""
    },
    {
        "date": "2009-11-30",
        "symbol": "INFO",
        "reportedCurrency": "USD",
        "cik": "0001598014",
        "fillingDate": "2009-11-30",
        "acceptedDate": "2009-11-29 19:00:00",
        "calendarYear": "2009",
        "period": "Q4",
        "revenue": 257128000,
        "costOfRevenue": 107437000,
        "grossProfit": 149691000,
        "grossProfitRatio": 0.5821653029,
        "researchAndDevelopmentExpenses": 0,
        "generalAndAdministrativeExpenses": 86152000,
        "sellingAndMarketingExpenses": 10063000,
        "sellingGeneralAndAdministrativeExpenses": 96215000,
        "otherExpenses": 0,
        "operatingExpenses": 96215000,
        "costAndExpenses": 203652000,
        "interestIncome": 306000,
        "interestExpense": 540000,
        "depreciationAndAmortization": 13115000,
        "ebitda": 67216000,
        "ebitdaratio": 0.2614106593,
        "operatingIncome": 53795000,
        "operatingIncomeRatio": 0.2092148657,
        "totalOtherIncomeExpensesNet": -234000,
        "incomeBeforeTax": 53561000,
        "incomeBeforeTaxRatio": 0.2083048132,
        "incomeTaxExpense": 12362000,
        "netIncome": 41199000,
        "netIncomeRatio": 0.1602275909,
        "eps": 0.18,
        "epsdiluted": 0.18,
        "weightedAverageShsOut": 224634856,
        "weightedAverageShsOutDil": 224634856,
        "link": "",
        "finalLink": ""
    },
    {
        "date": "2009-08-31",
        "symbol": "INFO",
        "reportedCurrency": "USD",
        "cik": "0001598014",
        "fillingDate": "2009-08-31",
        "acceptedDate": "2009-08-30 20:00:00",
        "calendarYear": "2009",
        "period": "Q3",
        "revenue": 239485000,
        "costOfRevenue": 101748000,
        "grossProfit": 137737000,
        "grossProfitRatio": 0.5751383176,
        "researchAndDevelopmentExpenses": 0,
        "generalAndAdministrativeExpenses": 78690000,
        "sellingAndMarketingExpenses": 12831000,
        "sellingGeneralAndAdministrativeExpenses": 91521000,
        "otherExpenses": 0,
        "operatingExpenses": 91521000,
        "costAndExpenses": 193269000,
        "interestIncome": 219000,
        "interestExpense": 416000,
        "depreciationAndAmortization": 12771000,
        "ebitda": 59206000,
        "ebitdaratio": 0.2472221642,
        "operatingIncome": 46216000,
        "operatingIncomeRatio": 0.1929807712,
        "totalOtherIncomeExpensesNet": -197000,
        "incomeBeforeTax": 46019000,
        "incomeBeforeTaxRatio": 0.1921581727,
        "incomeTaxExpense": 11313000,
        "netIncome": 34706000,
        "netIncomeRatio": 0.144919306,
        "eps": 0.15,
        "epsdiluted": 0.15,
        "weightedAverageShsOut": 224634856,
        "weightedAverageShsOutDil": 227707758,
        "link": "",
        "finalLink": ""
    },
    {
        "date": "2009-05-31",
        "symbol": "INFO",
        "reportedCurrency": "USD",
        "cik": "0001598014",
        "fillingDate": "2009-05-31",
        "acceptedDate": "2009-05-30 20:00:00",
        "calendarYear": "2009",
        "period": "Q2",
        "revenue": 235276000,
        "costOfRevenue": 97928000,
        "grossProfit": 137348000,
        "grossProfitRatio": 0.5837739506,
        "researchAndDevelopmentExpenses": 0,
        "generalAndAdministrativeExpenses": 81909000,
        "sellingAndMarketingExpenses": 13241000,
        "sellingGeneralAndAdministrativeExpenses": 95150000,
        "otherExpenses": 0,
        "operatingExpenses": 95150000,
        "costAndExpenses": 193078000,
        "interestIncome": 209000,
        "interestExpense": 512000,
        "depreciationAndAmortization": 11636000,
        "ebitda": 53000000,
        "ebitdaratio": 0.2252673456,
        "operatingIncome": 42259000,
        "operatingIncomeRatio": 0.1796145803,
        "totalOtherIncomeExpensesNet": -303000,
        "incomeBeforeTax": 41956000,
        "incomeBeforeTaxRatio": 0.1783267312,
        "incomeTaxExpense": 8898000,
        "netIncome": 31954000,
        "netIncomeRatio": 0.1358149578,
        "eps": 0.14,
        "epsdiluted": 0.14,
        "weightedAverageShsOut": 224115592,
        "weightedAverageShsOutDil": 227014221,
        "link": "",
        "finalLink": ""
    },
    {
        "date": "2009-02-28",
        "symbol": "INFO",
        "reportedCurrency": "USD",
        "cik": "0001598014",
        "fillingDate": "2009-02-28",
        "acceptedDate": "2009-02-27 19:00:00",
        "calendarYear": "2009",
        "period": "Q1",
        "revenue": 235411000,
        "costOfRevenue": 0,
        "grossProfit": 235411000,
        "grossProfitRatio": 1,
        "researchAndDevelopmentExpenses": 0,
        "generalAndAdministrativeExpenses": -85767000,
        "sellingAndMarketingExpenses": 0,
        "sellingGeneralAndAdministrativeExpenses": -95317000,
        "otherExpenses": 0,
        "operatingExpenses": -95317000,
        "costAndExpenses": 197865000,
        "interestIncome": 354000,
        "interestExpense": 749000,
        "depreciationAndAmortization": 11624000,
        "ebitda": 48484000,
        "ebitdaratio": 0.205954692,
        "operatingIncome": 37546000,
        "operatingIncomeRatio": 0.1594912727,
        "totalOtherIncomeExpensesNet": -395000,
        "incomeBeforeTax": 37151000,
        "incomeBeforeTaxRatio": 0.1578133562,
        "incomeTaxExpense": 9007000,
        "netIncome": 27104000,
        "netIncomeRatio": 0.1151348068,
        "eps": 0.12,
        "epsdiluted": 0.12,
        "weightedAverageShsOut": 223407829,
        "weightedAverageShsOutDil": 226516297,
        "link": "",
        "finalLink": ""
    },
    {
        "date": "2008-11-30",
        "symbol": "INFO",
        "reportedCurrency": "USD",
        "cik": "0001598014",
        "fillingDate": "2008-11-30",
        "acceptedDate": "2008-11-29 19:00:00",
        "calendarYear": "2008",
        "period": "Q4",
        "revenue": 230626000,
        "costOfRevenue": 99050000,
        "grossProfit": 131576000,
        "grossProfitRatio": 0.5705167674,
        "researchAndDevelopmentExpenses": 0,
        "generalAndAdministrativeExpenses": 0,
        "sellingAndMarketingExpenses": 0,
        "sellingGeneralAndAdministrativeExpenses": 86295000,
        "otherExpenses": 0,
        "operatingExpenses": 86295000,
        "costAndExpenses": 185345000,
        "interestIncome": 0,
        "interestExpense": 0,
        "depreciationAndAmortization": 11229000,
        "ebitda": 57412000,
        "ebitdaratio": 0.248939842,
        "operatingIncome": 45671000,
        "operatingIncomeRatio": 0.1980305776,
        "totalOtherIncomeExpensesNet": -646000,
        "incomeBeforeTax": 45025000,
        "incomeBeforeTaxRatio": 0.1952295058,
        "incomeTaxExpense": 12903000,
        "netIncome": 33280000,
        "netIncomeRatio": 0.1443028973,
        "eps": 0.15,
        "epsdiluted": 0.15,
        "weightedAverageShsOut": 220125087,
        "weightedAverageShsOutDil": 220125087,
        "link": "",
        "finalLink": ""
    },
    {
        "date": "2008-08-31",
        "symbol": "INFO",
        "reportedCurrency": "USD",
        "cik": "0001598014",
        "fillingDate": "2008-08-31",
        "acceptedDate": "2008-08-30 20:00:00",
        "calendarYear": "2008",
        "period": "Q3",
        "revenue": 207434000,
        "costOfRevenue": 91341000,
        "grossProfit": 116093000,
        "grossProfitRatio": 0.5596623504,
        "researchAndDevelopmentExpenses": 0,
        "generalAndAdministrativeExpenses": 0,
        "sellingAndMarketingExpenses": 0,
        "sellingGeneralAndAdministrativeExpenses": 79523000,
        "otherExpenses": 0,
        "operatingExpenses": 79523000,
        "costAndExpenses": 170864000,
        "interestIncome": 0,
        "interestExpense": 0,
        "depreciationAndAmortization": 9675000,
        "ebitda": 35284000,
        "ebitdaratio": 0.1700974768,
        "operatingIncome": 24091000,
        "operatingIncomeRatio": 0.1161381451,
        "totalOtherIncomeExpensesNet": 391000,
        "incomeBeforeTax": 24482000,
        "incomeBeforeTaxRatio": 0.118023082,
        "incomeTaxExpense": 4585000,
        "netIncome": 21024000,
        "netIncomeRatio": 0.1013527194,
        "eps": 0.0955,
        "epsdiluted": 0.0773,
        "weightedAverageShsOut": 220125087,
        "weightedAverageShsOutDil": 272151032,
        "link": "",
        "finalLink": ""
    },
    {
        "date": "2008-05-31",
        "symbol": "INFO",
        "reportedCurrency": "USD",
        "cik": "0001598014",
        "fillingDate": "2008-05-31",
        "acceptedDate": "2008-05-30 20:00:00",
        "calendarYear": "2008",
        "period": "Q2",
        "revenue": 207193000,
        "costOfRevenue": 93180000,
        "grossProfit": 114013000,
        "grossProfitRatio": 0.5502743819,
        "researchAndDevelopmentExpenses": 0,
        "generalAndAdministrativeExpenses": 0,
        "sellingAndMarketingExpenses": 0,
        "sellingGeneralAndAdministrativeExpenses": 81197000,
        "otherExpenses": 0,
        "operatingExpenses": 81197000,
        "costAndExpenses": 174377000,
        "interestIncome": 0,
        "interestExpense": 0,
        "depreciationAndAmortization": 9683000,
        "ebitda": 43366000,
        "ebitdaratio": 0.2093024378,
        "operatingIncome": 32816000,
        "operatingIncomeRatio": 0.1583837292,
        "totalOtherIncomeExpensesNet": -146000,
        "incomeBeforeTax": 32670000,
        "incomeBeforeTaxRatio": 0.1576790722,
        "incomeTaxExpense": 10425000,
        "netIncome": 23258000,
        "netIncomeRatio": 0.1122528271,
        "eps": 0.11,
        "epsdiluted": 0.0851,
        "weightedAverageShsOut": 221295208,
        "weightedAverageShsOutDil": 273274917,
        "link": "",
        "finalLink": ""
    },
    {
        "date": "2008-02-29",
        "symbol": "INFO",
        "reportedCurrency": "USD",
        "cik": "0001598014",
        "fillingDate": "2008-02-29",
        "acceptedDate": "2008-02-28 19:00:00",
        "calendarYear": "2008",
        "period": "Q1",
        "revenue": 198777000,
        "costOfRevenue": 89160000,
        "grossProfit": 109617000,
        "grossProfitRatio": 0.5514571605,
        "researchAndDevelopmentExpenses": 0,
        "generalAndAdministrativeExpenses": 0,
        "sellingAndMarketingExpenses": 0,
        "sellingGeneralAndAdministrativeExpenses": 78684000,
        "otherExpenses": 0,
        "operatingExpenses": 78684000,
        "costAndExpenses": 167844000,
        "interestIncome": 0,
        "interestExpense": 0,
        "depreciationAndAmortization": 8823000,
        "ebitda": 40853000,
        "ebitdaratio": 0.2055217656,
        "operatingIncome": 30933000,
        "operatingIncomeRatio": 0.1556165955,
        "totalOtherIncomeExpensesNet": 1081000,
        "incomeBeforeTax": 32014000,
        "incomeBeforeTaxRatio": 0.1610548504,
        "incomeTaxExpense": 10599000,
        "netIncome": 21431000,
        "netIncomeRatio": 0.1078142843,
        "eps": 0.0972,
        "epsdiluted": 0.0786,
        "weightedAverageShsOut": 220406058,
        "weightedAverageShsOutDil": 272599163,
        "link": "",
        "finalLink": ""
    },
    {
        "date": "2007-11-30",
        "symbol": "INFO",
        "reportedCurrency": "USD",
        "cik": "0001598014",
        "fillingDate": "2007-11-30",
        "acceptedDate": "2007-11-29 19:00:00",
        "calendarYear": "2007",
        "period": "Q4",
        "revenue": 197515000,
        "costOfRevenue": 86018000,
        "grossProfit": 111497000,
        "grossProfitRatio": 0.5644988988,
        "researchAndDevelopmentExpenses": 0,
        "generalAndAdministrativeExpenses": 0,
        "sellingAndMarketingExpenses": 0,
        "sellingGeneralAndAdministrativeExpenses": 76290000,
        "otherExpenses": 0,
        "operatingExpenses": 76290000,
        "costAndExpenses": 162308000,
        "interestIncome": 0,
        "interestExpense": 0,
        "depreciationAndAmortization": 8859000,
        "ebitda": 45239000,
        "ebitdaratio": 0.2290408323,
        "operatingIncome": 35361000,
        "operatingIncomeRatio": 0.1790294408,
        "totalOtherIncomeExpensesNet": 1054000,
        "incomeBeforeTax": 36415000,
        "incomeBeforeTaxRatio": 0.1843657444,
        "incomeTaxExpense": 11295000,
        "netIncome": 25085000,
        "netIncomeRatio": 0.1270030124,
        "eps": 0.12,
        "epsdiluted": 0.12,
        "weightedAverageShsOut": 217368722,
        "weightedAverageShsOutDil": 217368722,
        "link": "",
        "finalLink": ""
    },
    {
        "date": "2007-08-31",
        "symbol": "INFO",
        "reportedCurrency": "USD",
        "cik": "0001598014",
        "fillingDate": "2007-08-31",
        "acceptedDate": "2007-08-30 20:00:00",
        "calendarYear": "2007",
        "period": "Q3",
        "revenue": 183356000,
        "costOfRevenue": 83049000,
        "grossProfit": 100307000,
        "grossProfitRatio": 0.5470614542,
        "researchAndDevelopmentExpenses": 0,
        "generalAndAdministrativeExpenses": 0,
        "sellingAndMarketingExpenses": 0,
        "sellingGeneralAndAdministrativeExpenses": 70835000,
        "otherExpenses": 0,
        "operatingExpenses": 70835000,
        "costAndExpenses": 153884000,
        "interestIncome": 0,
        "interestExpense": 0,
        "depreciationAndAmortization": 7118000,
        "ebitda": 38429000,
        "ebitdaratio": 0.2095868147,
        "operatingIncome": 29472000,
        "operatingIncomeRatio": 0.1607364908,
        "totalOtherIncomeExpensesNet": 1871000,
        "incomeBeforeTax": 31343000,
        "incomeBeforeTaxRatio": 0.1709406837,
        "incomeTaxExpense": 9580000,
        "netIncome": 21731000,
        "netIncomeRatio": 0.1185180741,
        "eps": 0.1,
        "epsdiluted": 0.0805,
        "weightedAverageShsOut": 217368722,
        "weightedAverageShsOutDil": 270113100,
        "link": "",
        "finalLink": ""
    },
    {
        "date": "2007-05-31",
        "symbol": "INFO",
        "reportedCurrency": "USD",
        "cik": "0001598014",
        "fillingDate": "2007-05-31",
        "acceptedDate": "2007-05-30 20:00:00",
        "calendarYear": "2007",
        "period": "Q2",
        "revenue": 154900000,
        "costOfRevenue": 67753000,
        "grossProfit": 87147000,
        "grossProfitRatio": 0.5626016785,
        "researchAndDevelopmentExpenses": 0,
        "generalAndAdministrativeExpenses": 0,
        "sellingAndMarketingExpenses": 0,
        "sellingGeneralAndAdministrativeExpenses": 61253000,
        "otherExpenses": 0,
        "operatingExpenses": 61253000,
        "costAndExpenses": 129006000,
        "interestIncome": 0,
        "interestExpense": 0,
        "depreciationAndAmortization": 4921000,
        "ebitda": 32412000,
        "ebitdaratio": 0.209244674,
        "operatingIncome": 25885000,
        "operatingIncomeRatio": 0.1671078115,
        "totalOtherIncomeExpensesNet": 1618000,
        "incomeBeforeTax": 27503000,
        "incomeBeforeTaxRatio": 0.1775532602,
        "incomeTaxExpense": 8909000,
        "netIncome": 18582000,
        "netIncomeRatio": 0.1199612653,
        "eps": 0.0911,
        "epsdiluted": 0.0725,
        "weightedAverageShsOut": 204063481,
        "weightedAverageShsOutDil": 256185454,
        "link": "",
        "finalLink": ""
    },
    {
        "date": "2007-02-28",
        "symbol": "INFO",
        "reportedCurrency": "USD",
        "cik": "0001598014",
        "fillingDate": "2007-02-28",
        "acceptedDate": "2007-02-27 19:00:00",
        "calendarYear": "2007",
        "period": "Q1",
        "revenue": 152621000,
        "costOfRevenue": 65738000,
        "grossProfit": 86883000,
        "grossProfitRatio": 0.5692729048,
        "researchAndDevelopmentExpenses": 0,
        "generalAndAdministrativeExpenses": 0,
        "sellingAndMarketingExpenses": 0,
        "sellingGeneralAndAdministrativeExpenses": 61008000,
        "otherExpenses": 0,
        "operatingExpenses": 61008000,
        "costAndExpenses": 126746000,
        "interestIncome": 0,
        "interestExpense": 0,
        "depreciationAndAmortization": 4580000,
        "ebitda": 32000000,
        "ebitdaratio": 0.2096697047,
        "operatingIncome": 25884000,
        "operatingIncomeRatio": 0.1695965824,
        "totalOtherIncomeExpensesNet": 1521000,
        "incomeBeforeTax": 27405000,
        "incomeBeforeTaxRatio": 0.1795624455,
        "incomeTaxExpense": 9043000,
        "netIncome": 18377000,
        "netIncomeRatio": 0.1204093801,
        "eps": 0.0897,
        "epsdiluted": 0.0723,
        "weightedAverageShsOut": 204838820,
        "weightedAverageShsOutDil": 254111956,
        "link": "",
        "finalLink": ""
    },
    {
        "date": "2006-11-30",
        "symbol": "INFO",
        "reportedCurrency": "USD",
        "cik": "0001598014",
        "fillingDate": "2006-11-30",
        "acceptedDate": "2006-11-29 19:00:00",
        "calendarYear": "2006",
        "period": "Q4",
        "revenue": 148126000,
        "costOfRevenue": 64072000,
        "grossProfit": 84054000,
        "grossProfitRatio": 0.5674493337,
        "researchAndDevelopmentExpenses": 0,
        "generalAndAdministrativeExpenses": 0,
        "sellingAndMarketingExpenses": 0,
        "sellingGeneralAndAdministrativeExpenses": 62520000,
        "otherExpenses": 0,
        "operatingExpenses": 62520000,
        "costAndExpenses": 126592000,
        "interestIncome": 0,
        "interestExpense": 0,
        "depreciationAndAmortization": 4784000,
        "ebitda": 24457000,
        "ebitdaratio": 0.1651094339,
        "operatingIncome": 18433000,
        "operatingIncomeRatio": 0.124441354,
        "totalOtherIncomeExpensesNet": 1238000,
        "incomeBeforeTax": 19671000,
        "incomeBeforeTaxRatio": 0.1327991035,
        "incomeTaxExpense": 5800000,
        "netIncome": 13873000,
        "netIncomeRatio": 0.0936567517,
        "eps": 0.0684,
        "epsdiluted": 0.0684,
        "weightedAverageShsOut": 202900473,
        "weightedAverageShsOutDil": 202900473,
        "link": "",
        "finalLink": ""
    },
    {
        "date": "2006-08-31",
        "symbol": "INFO",
        "reportedCurrency": "USD",
        "cik": "0001598014",
        "fillingDate": "2006-08-31",
        "acceptedDate": "2006-08-30 20:00:00",
        "calendarYear": "2006",
        "period": "Q3",
        "revenue": 139923000,
        "costOfRevenue": 64306000,
        "grossProfit": 75617000,
        "grossProfitRatio": 0.5404186588,
        "researchAndDevelopmentExpenses": 0,
        "generalAndAdministrativeExpenses": 0,
        "sellingAndMarketingExpenses": 0,
        "sellingGeneralAndAdministrativeExpenses": 53838000,
        "otherExpenses": 0,
        "operatingExpenses": 53838000,
        "costAndExpenses": 118144000,
        "interestIncome": 0,
        "interestExpense": 0,
        "depreciationAndAmortization": 4218000,
        "ebitda": 27279000,
        "ebitdaratio": 0.1949572265,
        "operatingIncome": 21779000,
        "operatingIncomeRatio": 0.1556498932,
        "totalOtherIncomeExpensesNet": 1669000,
        "incomeBeforeTax": 23448000,
        "incomeBeforeTaxRatio": 0.1675778821,
        "incomeTaxExpense": 6987000,
        "netIncome": 16074000,
        "netIncomeRatio": 0.1148774683,
        "eps": 0.0792,
        "epsdiluted": 0.0638,
        "weightedAverageShsOut": 202900473,
        "weightedAverageShsOutDil": 251949544,
        "link": "",
        "finalLink": ""
    },
    {
        "date": "2006-05-31",
        "symbol": "INFO",
        "reportedCurrency": "USD",
        "cik": "0001598014",
        "fillingDate": "2006-05-31",
        "acceptedDate": "2006-05-30 20:00:00",
        "calendarYear": "2006",
        "period": "Q2",
        "revenue": 132855000,
        "costOfRevenue": 63182000,
        "grossProfit": 69673000,
        "grossProfitRatio": 0.5244288886,
        "researchAndDevelopmentExpenses": 0,
        "generalAndAdministrativeExpenses": 0,
        "sellingAndMarketingExpenses": 0,
        "sellingGeneralAndAdministrativeExpenses": 51113000,
        "otherExpenses": 0,
        "operatingExpenses": 51113000,
        "costAndExpenses": 114295000,
        "interestIncome": 0,
        "interestExpense": 0,
        "depreciationAndAmortization": 3342000,
        "ebitda": 22895000,
        "ebitdaratio": 0.1723307365,
        "operatingIncome": 18560000,
        "operatingIncomeRatio": 0.139701178,
        "totalOtherIncomeExpensesNet": 1391000,
        "incomeBeforeTax": 19951000,
        "incomeBeforeTaxRatio": 0.1501712393,
        "incomeTaxExpense": 6619000,
        "netIncome": 12934000,
        "netIncomeRatio": 0.0973542584,
        "eps": 0.0649,
        "epsdiluted": 0.052,
        "weightedAverageShsOut": 199244288,
        "weightedAverageShsOutDil": 248535208,
        "link": "",
        "finalLink": ""
    },
    {
        "date": "2006-02-28",
        "symbol": "INFO",
        "reportedCurrency": "USD",
        "cik": "0001598014",
        "fillingDate": "2006-02-28",
        "acceptedDate": "2006-02-27 19:00:00",
        "calendarYear": "2006",
        "period": "Q1",
        "revenue": 129866000,
        "costOfRevenue": 60863000,
        "grossProfit": 69003000,
        "grossProfitRatio": 0.5313399966,
        "researchAndDevelopmentExpenses": 0,
        "generalAndAdministrativeExpenses": 0,
        "sellingAndMarketingExpenses": 0,
        "sellingGeneralAndAdministrativeExpenses": 47588000,
        "otherExpenses": 0,
        "operatingExpenses": 47588000,
        "costAndExpenses": 108451000,
        "interestIncome": 0,
        "interestExpense": 0,
        "depreciationAndAmortization": 3370000,
        "ebitda": 24307000,
        "ebitdaratio": 0.187169852,
        "operatingIncome": 21413000,
        "operatingIncomeRatio": 0.1648853434,
        "totalOtherIncomeExpensesNet": 829000,
        "incomeBeforeTax": 22242000,
        "incomeBeforeTaxRatio": 0.1712688463,
        "incomeTaxExpense": 7473000,
        "netIncome": 13464000,
        "netIncomeRatio": 0.1036760969,
        "eps": 0.0678,
        "epsdiluted": 0.0542,
        "weightedAverageShsOut": 198725025,
        "weightedAverageShsOutDil": 248293359,
        "link": "",
        "finalLink": ""
    },
    {
        "date": "2005-11-30",
        "symbol": "INFO",
        "reportedCurrency": "USD",
        "cik": "0001598014",
        "fillingDate": "2005-11-30",
        "acceptedDate": "2005-11-29 19:00:00",
        "calendarYear": "2005",
        "period": "Q4",
        "revenue": 126032000,
        "costOfRevenue": 58174000,
        "grossProfit": 67858000,
        "grossProfitRatio": 0.5384188143,
        "researchAndDevelopmentExpenses": 0,
        "generalAndAdministrativeExpenses": 0,
        "sellingAndMarketingExpenses": 0,
        "sellingGeneralAndAdministrativeExpenses": 42443000,
        "otherExpenses": 0,
        "operatingExpenses": 42443000,
        "costAndExpenses": 100617000,
        "interestIncome": 0,
        "interestExpense": 0,
        "depreciationAndAmortization": 2939000,
        "ebitda": 27175000,
        "ebitdaratio": 0.2156198426,
        "operatingIncome": 24109000,
        "operatingIncomeRatio": 0.1912926876,
        "totalOtherIncomeExpensesNet": 857000,
        "incomeBeforeTax": 24966000,
        "incomeBeforeTaxRatio": 0.1980925479,
        "incomeTaxExpense": 7878000,
        "netIncome": 16358000,
        "netIncomeRatio": 0.1297924337,
        "eps": 0.0835,
        "epsdiluted": 0.0835,
        "weightedAverageShsOut": 195847735,
        "weightedAverageShsOutDil": 195847735,
        "link": "",
        "finalLink": ""
    },
    {
        "date": "2005-08-31",
        "symbol": "INFO",
        "reportedCurrency": "USD",
        "cik": "0001598014",
        "fillingDate": "2005-08-31",
        "acceptedDate": "2005-08-30 20:00:00",
        "calendarYear": "2005",
        "period": "Q3",
        "revenue": 117760000,
        "costOfRevenue": 56225000,
        "grossProfit": 61535000,
        "grossProfitRatio": 0.522545856,
        "researchAndDevelopmentExpenses": 0,
        "generalAndAdministrativeExpenses": 0,
        "sellingAndMarketingExpenses": 0,
        "sellingGeneralAndAdministrativeExpenses": 41378000,
        "otherExpenses": 0,
        "operatingExpenses": 41378000,
        "costAndExpenses": 97603000,
        "interestIncome": 0,
        "interestExpense": 0,
        "depreciationAndAmortization": 2831000,
        "ebitda": 9698000,
        "ebitdaratio": 0.0823539402,
        "operatingIncome": 7760000,
        "operatingIncomeRatio": 0.0658967391,
        "totalOtherIncomeExpensesNet": 791000,
        "incomeBeforeTax": 8551000,
        "incomeBeforeTaxRatio": 0.0726137908,
        "incomeTaxExpense": 3207000,
        "netIncome": 3660000,
        "netIncomeRatio": 0.031080163,
        "eps": 0.0187,
        "epsdiluted": 0.0148,
        "weightedAverageShsOut": 195847735,
        "weightedAverageShsOutDil": 247496680,
        "link": "",
        "finalLink": ""
    },
    {
        "date": "2005-05-31",
        "symbol": "INFO",
        "reportedCurrency": "USD",
        "cik": "0001598014",
        "fillingDate": "2005-05-31",
        "acceptedDate": "2005-05-30 20:00:00",
        "calendarYear": "2005",
        "period": "Q2",
        "revenue": 115288000,
        "costOfRevenue": 57847000,
        "grossProfit": 57441000,
        "grossProfitRatio": 0.4982391923,
        "researchAndDevelopmentExpenses": 0,
        "generalAndAdministrativeExpenses": 0,
        "sellingAndMarketingExpenses": 0,
        "sellingGeneralAndAdministrativeExpenses": 45503000,
        "otherExpenses": 0,
        "operatingExpenses": 45503000,
        "costAndExpenses": 103350000,
        "interestIncome": 0,
        "interestExpense": 0,
        "depreciationAndAmortization": 2918000,
        "ebitda": 15720000,
        "ebitdaratio": 0.1363541739,
        "operatingIncome": 11938000,
        "operatingIncomeRatio": 0.103549372,
        "totalOtherIncomeExpensesNet": 853000,
        "incomeBeforeTax": 12791000,
        "incomeBeforeTaxRatio": 0.110948234,
        "incomeTaxExpense": 4156000,
        "netIncome": 8646000,
        "netIncomeRatio": 0.0749947956,
        "eps": 0.0442,
        "epsdiluted": 0.0436,
        "weightedAverageShsOut": 195787273,
        "weightedAverageShsOutDil": 198504515,
        "link": "",
        "finalLink": ""
    },
    {
        "date": "2005-02-28",
        "symbol": "INFO",
        "reportedCurrency": "USD",
        "cik": "0001598014",
        "fillingDate": "2005-02-28",
        "acceptedDate": "2005-02-27 19:00:00",
        "calendarYear": "2005",
        "period": "Q1",
        "revenue": 117037000,
        "costOfRevenue": 55926000,
        "grossProfit": 61111000,
        "grossProfitRatio": 0.5221511146,
        "researchAndDevelopmentExpenses": 0,
        "generalAndAdministrativeExpenses": 0,
        "sellingAndMarketingExpenses": 0,
        "sellingGeneralAndAdministrativeExpenses": 43066000,
        "otherExpenses": 0,
        "operatingExpenses": 43066000,
        "costAndExpenses": 98992000,
        "interestIncome": 0,
        "interestExpense": 0,
        "depreciationAndAmortization": 2967000,
        "ebitda": 21235000,
        "ebitdaratio": 0.1814383486,
        "operatingIncome": 18045000,
        "operatingIncomeRatio": 0.1541820108,
        "totalOtherIncomeExpensesNet": 216000,
        "incomeBeforeTax": 18261000,
        "incomeBeforeTaxRatio": 0.156027581,
        "incomeTaxExpense": 5135000,
        "netIncome": 13133000,
        "netIncomeRatio": 0.1122123773,
        "eps": 0.0671,
        "epsdiluted": 0.0658,
        "weightedAverageShsOut": 195634339,
        "weightedAverageShsOutDil": 199706646,
        "link": "",
        "finalLink": ""
    }
]