[
    {
        "date": "2020-08-01",
        "symbol": "JCP",
        "reportedCurrency": "USD",
        "cik": "0001166126",
        "fillingDate": "2020-09-10",
        "acceptedDate": "2020-09-10 13:17:52",
        "calendarYear": "2020",
        "period": "Q3",
        "revenue": 1459000000,
        "costOfRevenue": 919000000,
        "grossProfit": 540000000,
        "grossProfitRatio": 0.3701165182,
        "researchAndDevelopmentExpenses": 0,
        "generalAndAdministrativeExpenses": 470000000,
        "sellingAndMarketingExpenses": 156000000,
        "sellingGeneralAndAdministrativeExpenses": 626000000,
        "otherExpenses": 0,
        "operatingExpenses": 626000000,
        "costAndExpenses": 1545000000,
        "interestIncome": 0,
        "interestExpense": 67000000,
        "depreciationAndAmortization": 161000000,
        "ebitda": -177000000,
        "ebitdaratio": -0.1213159698,
        "operatingIncome": -338000000,
        "operatingIncomeRatio": -0.2316655243,
        "totalOtherIncomeExpensesNet": -67000000,
        "incomeBeforeTax": -405000000,
        "incomeBeforeTaxRatio": -0.2775873886,
        "incomeTaxExpense": -7000000,
        "netIncome": -398000000,
        "netIncomeRatio": -0.2727895819,
        "eps": -1.23,
        "epsdiluted": -1.23,
        "weightedAverageShsOut": 324600000,
        "weightedAverageShsOutDil": 324600000,
        "link": "https://www.sec.gov/Archives/edgar/data/1166126/000116612620000086/0001166126-20-000086-index.htm",
        "finalLink": "https://www.sec.gov/Archives/edgar/data/1166126/000116612620000086/jcp-20200801.htm"
    },
    {
        "date": "2020-02-01",
        "symbol": "JCP",
        "reportedCurrency": "USD",
        "cik": "0001166126",
        "fillingDate": "2020-03-20",
        "acceptedDate": "2020-03-20 08:08:49",
        "calendarYear": "2020",
        "period": "Q1",
        "revenue": 3493000000,
        "costOfRevenue": 2257000000,
        "grossProfit": 1236000000,
        "grossProfitRatio": 0.3538505583,
        "researchAndDevelopmentExpenses": 0,
        "generalAndAdministrativeExpenses": 1005000000,
        "sellingAndMarketingExpenses": 129000000,
        "sellingGeneralAndAdministrativeExpenses": 1134000000,
        "otherExpenses": 0,
        "operatingExpenses": 1134000000,
        "costAndExpenses": 10404000000,
        "interestIncome": 0,
        "interestExpense": 73000000,
        "depreciationAndAmortization": 129000000,
        "ebitda": 227000000,
        "ebitdaratio": 0.0649871171,
        "operatingIncome": 98000000,
        "operatingIncomeRatio": 0.0280561122,
        "totalOtherIncomeExpensesNet": -73000000,
        "incomeBeforeTax": 25000000,
        "incomeBeforeTaxRatio": 0.0071571715,
        "incomeTaxExpense": -2000000,
        "netIncome": 27000000,
        "netIncomeRatio": 0.0077297452,
        "eps": 0.0836,
        "epsdiluted": 0.0836,
        "weightedAverageShsOut": 322900000,
        "weightedAverageShsOutDil": 322900000,
        "link": "https://www.sec.gov/Archives/edgar/data/1166126/000116612620000022/0001166126-20-000022-index.htm",
        "finalLink": "https://www.sec.gov/Archives/edgar/data/1166126/000116612620000022/jcp-0201202010k.htm"
    },
    {
        "date": "2019-11-02",
        "symbol": "JCP",
        "reportedCurrency": "USD",
        "cik": "0001166126",
        "fillingDate": "2019-12-04",
        "acceptedDate": "2019-12-04 11:30:46",
        "calendarYear": "2019",
        "period": "Q4",
        "revenue": 2500000000,
        "costOfRevenue": 1541000000,
        "grossProfit": 959000000,
        "grossProfitRatio": 0.3836,
        "researchAndDevelopmentExpenses": 0,
        "generalAndAdministrativeExpenses": 854000000,
        "sellingAndMarketingExpenses": 139000000,
        "sellingGeneralAndAdministrativeExpenses": 993000000,
        "otherExpenses": 0,
        "operatingExpenses": 993000000,
        "costAndExpenses": 2534000000,
        "interestIncome": 0,
        "interestExpense": 73000000,
        "depreciationAndAmortization": 131000000,
        "ebitda": 110000000,
        "ebitdaratio": 0.044,
        "operatingIncome": -21000000,
        "operatingIncomeRatio": -0.0084,
        "totalOtherIncomeExpensesNet": -73000000,
        "incomeBeforeTax": -94000000,
        "incomeBeforeTaxRatio": -0.0376,
        "incomeTaxExpense": -1000000,
        "netIncome": -93000000,
        "netIncomeRatio": -0.0372,
        "eps": -0.29,
        "epsdiluted": -0.29,
        "weightedAverageShsOut": 320900000,
        "weightedAverageShsOutDil": 320900000,
        "link": "https://www.sec.gov/Archives/edgar/data/1166126/000116612619000063/0001166126-19-000063-index.htm",
        "finalLink": "https://www.sec.gov/Archives/edgar/data/1166126/000116612619000063/jcp-11022019x10q.htm"
    },
    {
        "date": "2019-08-03",
        "symbol": "JCP",
        "reportedCurrency": "USD",
        "cik": "0001166126",
        "fillingDate": "2019-08-28",
        "acceptedDate": "2019-08-28 12:57:27",
        "calendarYear": "2019",
        "period": "Q3",
        "revenue": 2619000000,
        "costOfRevenue": 1585000000,
        "grossProfit": 1034000000,
        "grossProfitRatio": 0.3948071783,
        "researchAndDevelopmentExpenses": 0,
        "generalAndAdministrativeExpenses": 870000000,
        "sellingAndMarketingExpenses": 146000000,
        "sellingGeneralAndAdministrativeExpenses": 1016000000,
        "otherExpenses": 0,
        "operatingExpenses": 1016000000,
        "costAndExpenses": 2602000000,
        "interestIncome": 0,
        "interestExpense": 74000000,
        "depreciationAndAmortization": 137000000,
        "ebitda": 168000000,
        "ebitdaratio": 0.0641466208,
        "operatingIncome": 31000000,
        "operatingIncomeRatio": 0.0118365788,
        "totalOtherIncomeExpensesNet": -74000000,
        "incomeBeforeTax": -43000000,
        "incomeBeforeTaxRatio": -0.0164184803,
        "incomeTaxExpense": 5000000,
        "netIncome": -48000000,
        "netIncomeRatio": -0.018327606,
        "eps": -0.15,
        "epsdiluted": -0.15,
        "weightedAverageShsOut": 319400000,
        "weightedAverageShsOutDil": 319400000,
        "link": "https://www.sec.gov/Archives/edgar/data/1166126/000116612619000054/0001166126-19-000054-index.html",
        "finalLink": "https://www.sec.gov/Archives/edgar/data/1166126/000116612619000054/jcp-08032019x10q.htm"
    },
    {
        "date": "2019-05-04",
        "symbol": "JCP",
        "reportedCurrency": "USD",
        "cik": "0001166126",
        "fillingDate": "2019-05-29",
        "acceptedDate": "2019-05-29 12:31:20",
        "calendarYear": "2019",
        "period": "Q2",
        "revenue": 2555000000,
        "costOfRevenue": 1630000000,
        "grossProfit": 925000000,
        "grossProfitRatio": 0.362035225,
        "researchAndDevelopmentExpenses": 0,
        "generalAndAdministrativeExpenses": 856000000,
        "sellingAndMarketingExpenses": 162000000,
        "sellingGeneralAndAdministrativeExpenses": 1018000000,
        "otherExpenses": 0,
        "operatingExpenses": 1018000000,
        "costAndExpenses": 2648000000,
        "interestIncome": 0,
        "interestExpense": 73000000,
        "depreciationAndAmortization": 147000000,
        "ebitda": 67000000,
        "ebitdaratio": 0.026223092,
        "operatingIncome": -80000000,
        "operatingIncomeRatio": -0.0313111546,
        "totalOtherIncomeExpensesNet": -73000000,
        "incomeBeforeTax": -153000000,
        "incomeBeforeTaxRatio": -0.0598825832,
        "incomeTaxExpense": 1000000,
        "netIncome": -154000000,
        "netIncomeRatio": -0.0602739726,
        "eps": -0.48,
        "epsdiluted": -0.48,
        "weightedAverageShsOut": 317700000,
        "weightedAverageShsOutDil": 317700000,
        "link": "https://www.sec.gov/Archives/edgar/data/1166126/000116612619000030/0001166126-19-000030-index.html",
        "finalLink": "https://www.sec.gov/Archives/edgar/data/1166126/000116612619000030/jcp-05042019x10q.htm"
    },
    {
        "date": "2019-02-02",
        "symbol": "JCP",
        "reportedCurrency": "USD",
        "cik": "0001166126",
        "fillingDate": "2019-03-19",
        "acceptedDate": "2019-03-19 16:59:02",
        "calendarYear": "2019",
        "period": "Q1",
        "revenue": 3786000000,
        "costOfRevenue": 2519000000,
        "grossProfit": 1267000000,
        "grossProfitRatio": 0.3346539884,
        "researchAndDevelopmentExpenses": 0,
        "generalAndAdministrativeExpenses": 1007000000,
        "sellingAndMarketingExpenses": 133000000,
        "sellingGeneralAndAdministrativeExpenses": 1140000000,
        "otherExpenses": 0,
        "operatingExpenses": 1140000000,
        "costAndExpenses": 11529000000,
        "interestIncome": 0,
        "interestExpense": 78000000,
        "depreciationAndAmortization": 137000000,
        "ebitda": 278000000,
        "ebitdaratio": 0.0734284205,
        "operatingIncome": 141000000,
        "operatingIncomeRatio": 0.0372424723,
        "totalOtherIncomeExpensesNet": -78000000,
        "incomeBeforeTax": 63000000,
        "incomeBeforeTaxRatio": 0.0166402536,
        "incomeTaxExpense": -12000000,
        "netIncome": 75000000,
        "netIncomeRatio": 0.0198098257,
        "eps": 0.24,
        "epsdiluted": 0.24,
        "weightedAverageShsOut": 316900000,
        "weightedAverageShsOutDil": 316900000,
        "link": "https://www.sec.gov/Archives/edgar/data/1166126/000116612619000012/0001166126-19-000012-index.html",
        "finalLink": "https://www.sec.gov/Archives/edgar/data/1166126/000116612619000012/jcp-0202201910k.htm"
    },
    {
        "date": "2018-11-03",
        "symbol": "JCP",
        "reportedCurrency": "USD",
        "cik": "0001166126",
        "fillingDate": "2018-11-28",
        "acceptedDate": "2018-11-28 11:29:16",
        "calendarYear": "2018",
        "period": "Q4",
        "revenue": 2733000000,
        "costOfRevenue": 1808000000,
        "grossProfit": 925000000,
        "grossProfitRatio": 0.3384559093,
        "researchAndDevelopmentExpenses": 0,
        "generalAndAdministrativeExpenses": 883000000,
        "sellingAndMarketingExpenses": 142000000,
        "sellingGeneralAndAdministrativeExpenses": 1025000000,
        "otherExpenses": 0,
        "operatingExpenses": 1025000000,
        "costAndExpenses": 2833000000,
        "interestIncome": 0,
        "interestExpense": 78000000,
        "depreciationAndAmortization": 138000000,
        "ebitda": 57000000,
        "ebitdaratio": 0.020856202,
        "operatingIncome": -81000000,
        "operatingIncomeRatio": -0.0296377607,
        "totalOtherIncomeExpensesNet": -78000000,
        "incomeBeforeTax": -159000000,
        "incomeBeforeTaxRatio": -0.0581778266,
        "incomeTaxExpense": -8000000,
        "netIncome": -151000000,
        "netIncomeRatio": -0.0552506403,
        "eps": -0.48,
        "epsdiluted": -0.48,
        "weightedAverageShsOut": 316300000,
        "weightedAverageShsOutDil": 316300000,
        "link": "https://www.sec.gov/Archives/edgar/data/1166126/000116612618000076/0001166126-18-000076-index.html",
        "finalLink": "https://www.sec.gov/Archives/edgar/data/1166126/000116612618000076/jcp-11032018x10q.htm"
    },
    {
        "date": "2018-08-04",
        "symbol": "JCP",
        "reportedCurrency": "USD",
        "cik": "0001166126",
        "fillingDate": "2018-09-05",
        "acceptedDate": "2018-09-05 12:29:30",
        "calendarYear": "2018",
        "period": "Q3",
        "revenue": 2829000000,
        "costOfRevenue": 1831000000,
        "grossProfit": 998000000,
        "grossProfitRatio": 0.3527748321,
        "researchAndDevelopmentExpenses": 0,
        "generalAndAdministrativeExpenses": 880000000,
        "sellingAndMarketingExpenses": 154000000,
        "sellingGeneralAndAdministrativeExpenses": 1034000000,
        "otherExpenses": 0,
        "operatingExpenses": 1034000000,
        "costAndExpenses": 2865000000,
        "interestIncome": 0,
        "interestExpense": 79000000,
        "depreciationAndAmortization": 140000000,
        "ebitda": 123000000,
        "ebitdaratio": 0.0434782609,
        "operatingIncome": -17000000,
        "operatingIncomeRatio": -0.0060091905,
        "totalOtherIncomeExpensesNet": -79000000,
        "incomeBeforeTax": -96000000,
        "incomeBeforeTaxRatio": -0.0339342524,
        "incomeTaxExpense": 5000000,
        "netIncome": -101000000,
        "netIncomeRatio": -0.0357016614,
        "eps": -0.32,
        "epsdiluted": -0.32,
        "weightedAverageShsOut": 315700000,
        "weightedAverageShsOutDil": 315700000,
        "link": "https://www.sec.gov/Archives/edgar/data/1166126/000116612618000057/0001166126-18-000057-index.html",
        "finalLink": "https://www.sec.gov/Archives/edgar/data/1166126/000116612618000057/jcp-08042018x10q.htm"
    },
    {
        "date": "2018-05-05",
        "symbol": "JCP",
        "reportedCurrency": "USD",
        "cik": "0001166126",
        "fillingDate": "2018-05-30",
        "acceptedDate": "2018-05-30 16:46:13",
        "calendarYear": "2018",
        "period": "Q2",
        "revenue": 2671000000,
        "costOfRevenue": 1712000000,
        "grossProfit": 959000000,
        "grossProfitRatio": 0.3590415575,
        "researchAndDevelopmentExpenses": 0,
        "generalAndAdministrativeExpenses": 826000000,
        "sellingAndMarketingExpenses": 153000000,
        "sellingGeneralAndAdministrativeExpenses": 979000000,
        "otherExpenses": 0,
        "operatingExpenses": 979000000,
        "costAndExpenses": 2668000000,
        "interestIncome": 0,
        "interestExpense": 78000000,
        "depreciationAndAmortization": 141000000,
        "ebitda": 140000000,
        "ebitdaratio": 0.0524148259,
        "operatingIncome": -1000000,
        "operatingIncomeRatio": -0.0003743916,
        "totalOtherIncomeExpensesNet": -78000000,
        "incomeBeforeTax": -79000000,
        "incomeBeforeTaxRatio": -0.0295769375,
        "incomeTaxExpense": -1000000,
        "netIncome": -78000000,
        "netIncomeRatio": -0.0292025459,
        "eps": -0.25,
        "epsdiluted": -0.25,
        "weightedAverageShsOut": 313900000,
        "weightedAverageShsOutDil": 313900000,
        "link": "https://www.sec.gov/Archives/edgar/data/1166126/000116612618000034/0001166126-18-000034-index.html",
        "finalLink": "https://www.sec.gov/Archives/edgar/data/1166126/000116612618000034/jcp-05052018x10q.htm"
    },
    {
        "date": "2018-02-03",
        "symbol": "JCP",
        "reportedCurrency": "USD",
        "cik": "0001166126",
        "fillingDate": "2018-03-19",
        "acceptedDate": "2018-03-19 16:25:34",
        "calendarYear": "2018",
        "period": "Q1",
        "revenue": 4135000000,
        "costOfRevenue": 2692000000,
        "grossProfit": 1443000000,
        "grossProfitRatio": 0.3489721886,
        "researchAndDevelopmentExpenses": 0,
        "generalAndAdministrativeExpenses": 1052000000,
        "sellingAndMarketingExpenses": 146000000,
        "sellingGeneralAndAdministrativeExpenses": 1198000000,
        "otherExpenses": 0,
        "operatingExpenses": 1198000000,
        "costAndExpenses": 11958000000,
        "interestIncome": 0,
        "interestExpense": 81000000,
        "depreciationAndAmortization": 150000000,
        "ebitda": 462000000,
        "ebitdaratio": 0.1117291415,
        "operatingIncome": 312000000,
        "operatingIncomeRatio": 0.0754534462,
        "totalOtherIncomeExpensesNet": -156000000,
        "incomeBeforeTax": 156000000,
        "incomeBeforeTaxRatio": 0.0377267231,
        "incomeTaxExpense": -11000000,
        "netIncome": 167000000,
        "netIncomeRatio": 0.0403869407,
        "eps": 0.53,
        "epsdiluted": 0.53,
        "weightedAverageShsOut": 312600000,
        "weightedAverageShsOutDil": 312600000,
        "link": "https://www.sec.gov/Archives/edgar/data/1166126/000116612618000014/0001166126-18-000014-index.html",
        "finalLink": "https://www.sec.gov/Archives/edgar/data/1166126/000116612618000014/jcp-0203201810k.htm"
    },
    {
        "date": "2017-10-28",
        "symbol": "JCP",
        "reportedCurrency": "USD",
        "cik": "0001166126",
        "fillingDate": "2017-11-29",
        "acceptedDate": "2017-11-29 16:36:18",
        "calendarYear": "2017",
        "period": "Q3",
        "revenue": 2886000000,
        "costOfRevenue": 1859000000,
        "grossProfit": 1027000000,
        "grossProfitRatio": 0.3558558559,
        "researchAndDevelopmentExpenses": 0,
        "generalAndAdministrativeExpenses": 920000000,
        "sellingAndMarketingExpenses": 185000000,
        "sellingGeneralAndAdministrativeExpenses": 1105000000,
        "otherExpenses": 0,
        "operatingExpenses": 1105000000,
        "costAndExpenses": 2886000000,
        "interestIncome": 0,
        "interestExpense": 78000000,
        "depreciationAndAmortization": 131000000,
        "ebitda": 55000000,
        "ebitdaratio": 0.0190575191,
        "operatingIncome": -76000000,
        "operatingIncomeRatio": -0.0263340263,
        "totalOtherIncomeExpensesNet": -78000000,
        "incomeBeforeTax": -154000000,
        "incomeBeforeTaxRatio": -0.0533610534,
        "incomeTaxExpense": -29000000,
        "netIncome": -125000000,
        "netIncomeRatio": -0.0433125433,
        "eps": -0.4,
        "epsdiluted": -0.4,
        "weightedAverageShsOut": 311600000,
        "weightedAverageShsOutDil": 311600000,
        "link": "https://www.sec.gov/Archives/edgar/data/1166126/000116612617000066/0001166126-17-000066-index.html",
        "finalLink": "https://www.sec.gov/Archives/edgar/data/1166126/000116612617000066/jcp-10282017x10q.htm"
    },
    {
        "date": "2017-07-29",
        "symbol": "JCP",
        "reportedCurrency": "USD",
        "cik": "0001166126",
        "fillingDate": "2017-08-30",
        "acceptedDate": "2017-08-30 16:14:54",
        "calendarYear": "2017",
        "period": "Q2",
        "revenue": 3068000000,
        "costOfRevenue": 1932000000,
        "grossProfit": 1136000000,
        "grossProfitRatio": 0.370273794,
        "researchAndDevelopmentExpenses": 0,
        "generalAndAdministrativeExpenses": 935000000,
        "sellingAndMarketingExpenses": 183000000,
        "sellingGeneralAndAdministrativeExpenses": 1118000000,
        "otherExpenses": 0,
        "operatingExpenses": 1118000000,
        "costAndExpenses": 2909000000,
        "interestIncome": 0,
        "interestExpense": 79000000,
        "depreciationAndAmortization": 144000000,
        "ebitda": 176000000,
        "ebitdaratio": 0.0573663625,
        "operatingIncome": 32000000,
        "operatingIncomeRatio": 0.0104302477,
        "totalOtherIncomeExpensesNet": -79000000,
        "incomeBeforeTax": -47000000,
        "incomeBeforeTaxRatio": -0.0153194263,
        "incomeTaxExpense": 1000000,
        "netIncome": -48000000,
        "netIncomeRatio": -0.0156453716,
        "eps": -0.15,
        "epsdiluted": -0.15,
        "weightedAverageShsOut": 310800000,
        "weightedAverageShsOutDil": 310800000,
        "link": "https://www.sec.gov/Archives/edgar/data/1166126/000116612617000056/0001166126-17-000056-index.html",
        "finalLink": "https://www.sec.gov/Archives/edgar/data/1166126/000116612617000056/jcp-07292017x10q.htm"
    },
    {
        "date": "2017-04-29",
        "symbol": "JCP",
        "reportedCurrency": "USD",
        "cik": "0001166126",
        "fillingDate": "2017-06-07",
        "acceptedDate": "2017-06-07 16:42:08",
        "calendarYear": "2017",
        "period": "Q1",
        "revenue": 2784000000,
        "costOfRevenue": 1725000000,
        "grossProfit": 1059000000,
        "grossProfitRatio": 0.380387931,
        "researchAndDevelopmentExpenses": 0,
        "generalAndAdministrativeExpenses": 938000000,
        "sellingAndMarketingExpenses": 127000000,
        "sellingGeneralAndAdministrativeExpenses": 1065000000,
        "otherExpenses": 0,
        "operatingExpenses": 1065000000,
        "costAndExpenses": 2811000000,
        "interestIncome": 0,
        "interestExpense": 87000000,
        "depreciationAndAmortization": 145000000,
        "ebitda": 33000000,
        "ebitdaratio": 0.0118534483,
        "operatingIncome": -112000000,
        "operatingIncomeRatio": -0.0402298851,
        "totalOtherIncomeExpensesNet": -87000000,
        "incomeBeforeTax": -199000000,
        "incomeBeforeTaxRatio": -0.0714798851,
        "incomeTaxExpense": -12000000,
        "netIncome": -187000000,
        "netIncomeRatio": -0.0671695402,
        "eps": -0.6,
        "epsdiluted": -0.6,
        "weightedAverageShsOut": 309600000,
        "weightedAverageShsOutDil": 309600000,
        "link": "https://www.sec.gov/Archives/edgar/data/1166126/000116612617000030/0001166126-17-000030-index.html",
        "finalLink": "https://www.sec.gov/Archives/edgar/data/1166126/000116612617000030/jcp-04292017x10q.htm"
    },
    {
        "date": "2017-01-28",
        "symbol": "JCP",
        "reportedCurrency": "USD",
        "cik": "0001166126",
        "fillingDate": "2017-03-24",
        "acceptedDate": "2017-03-24 16:36:52",
        "calendarYear": "2016",
        "period": "Q4",
        "revenue": 3961000000,
        "costOfRevenue": 2649000000,
        "grossProfit": 1312000000,
        "grossProfitRatio": 0.3312294875,
        "researchAndDevelopmentExpenses": 0,
        "generalAndAdministrativeExpenses": 939000000,
        "sellingAndMarketingExpenses": 99000000,
        "sellingGeneralAndAdministrativeExpenses": 1038000000,
        "otherExpenses": 0,
        "operatingExpenses": 1038000000,
        "costAndExpenses": 3687000000,
        "interestIncome": 0,
        "interestExpense": 88000000,
        "depreciationAndAmortization": 153000000,
        "ebitda": 427000000,
        "ebitdaratio": 0.1078010603,
        "operatingIncome": 274000000,
        "operatingIncomeRatio": 0.0691744509,
        "totalOtherIncomeExpensesNet": -88000000,
        "incomeBeforeTax": 186000000,
        "incomeBeforeTaxRatio": 0.0469578389,
        "incomeTaxExpense": -6000000,
        "netIncome": 192000000,
        "netIncomeRatio": 0.0484726079,
        "eps": 0.58,
        "epsdiluted": 0.58,
        "weightedAverageShsOut": 328600000,
        "weightedAverageShsOutDil": 328600000,
        "link": "https://www.sec.gov/Archives/edgar/data/1166126/000116612617000013/0001166126-17-000013-index.html",
        "finalLink": "https://www.sec.gov/Archives/edgar/data/1166126/000116612617000013/jcp-0128201710k.htm"
    },
    {
        "date": "2016-10-29",
        "symbol": "JCP",
        "reportedCurrency": "USD",
        "cik": "0001166126",
        "fillingDate": "2016-11-30",
        "acceptedDate": "2016-11-30 17:15:27",
        "calendarYear": "2016",
        "period": "Q3",
        "revenue": 2857000000,
        "costOfRevenue": 1795000000,
        "grossProfit": 1062000000,
        "grossProfitRatio": 0.3717185859,
        "researchAndDevelopmentExpenses": 0,
        "generalAndAdministrativeExpenses": 889000000,
        "sellingAndMarketingExpenses": 150000000,
        "sellingGeneralAndAdministrativeExpenses": 1039000000,
        "otherExpenses": 0,
        "operatingExpenses": 1039000000,
        "costAndExpenses": 2834000000,
        "interestIncome": 0,
        "interestExpense": 87000000,
        "depreciationAndAmortization": 149000000,
        "ebitda": 172000000,
        "ebitdaratio": 0.0602030102,
        "operatingIncome": 23000000,
        "operatingIncomeRatio": 0.0080504025,
        "totalOtherIncomeExpensesNet": -87000000,
        "incomeBeforeTax": -64000000,
        "incomeBeforeTaxRatio": -0.0224011201,
        "incomeTaxExpense": 3000000,
        "netIncome": -67000000,
        "netIncomeRatio": -0.0234511726,
        "eps": -0.22,
        "epsdiluted": -0.22,
        "weightedAverageShsOut": 308300000,
        "weightedAverageShsOutDil": 308300000,
        "link": "https://www.sec.gov/Archives/edgar/data/1166126/000116612616000117/0001166126-16-000117-index.html",
        "finalLink": "https://www.sec.gov/Archives/edgar/data/1166126/000116612616000117/jcp-10292016x10q.htm"
    },
    {
        "date": "2016-07-30",
        "symbol": "JCP",
        "reportedCurrency": "USD",
        "cik": "0001166126",
        "fillingDate": "2016-08-30",
        "acceptedDate": "2016-08-30 16:06:42",
        "calendarYear": "2016",
        "period": "Q2",
        "revenue": 2918000000,
        "costOfRevenue": 1834000000,
        "grossProfit": 1084000000,
        "grossProfitRatio": 0.3714873201,
        "researchAndDevelopmentExpenses": 0,
        "generalAndAdministrativeExpenses": 855000000,
        "sellingAndMarketingExpenses": 187000000,
        "sellingGeneralAndAdministrativeExpenses": 1042000000,
        "otherExpenses": 0,
        "operatingExpenses": 1042000000,
        "costAndExpenses": 2842000000,
        "interestIncome": 0,
        "interestExpense": 93000000,
        "depreciationAndAmortization": 153000000,
        "ebitda": 195000000,
        "ebitdaratio": 0.0668265936,
        "operatingIncome": 42000000,
        "operatingIncomeRatio": 0.0143934202,
        "totalOtherIncomeExpensesNet": -93000000,
        "incomeBeforeTax": -51000000,
        "incomeBeforeTaxRatio": -0.0174777245,
        "incomeTaxExpense": 5000000,
        "netIncome": -56000000,
        "netIncomeRatio": -0.0191912269,
        "eps": -0.18,
        "epsdiluted": -0.18,
        "weightedAverageShsOut": 308000000,
        "weightedAverageShsOutDil": 308000000,
        "link": "https://www.sec.gov/Archives/edgar/data/1166126/000116612616000105/0001166126-16-000105-index.htm",
        "finalLink": "https://www.sec.gov/Archives/edgar/data/1166126/000116612616000105/jcp-07302016x10q.htm"
    },
    {
        "date": "2016-04-30",
        "symbol": "JCP",
        "reportedCurrency": "USD",
        "cik": "0001166126",
        "fillingDate": "2016-05-31",
        "acceptedDate": "2016-05-31 16:18:01",
        "calendarYear": "2016",
        "period": "Q1",
        "revenue": 2811000000,
        "costOfRevenue": 1793000000,
        "grossProfit": 1018000000,
        "grossProfitRatio": 0.3621487015,
        "researchAndDevelopmentExpenses": 0,
        "generalAndAdministrativeExpenses": 874000000,
        "sellingAndMarketingExpenses": 118000000,
        "sellingGeneralAndAdministrativeExpenses": 992000000,
        "otherExpenses": 0,
        "operatingExpenses": 992000000,
        "costAndExpenses": 2789000000,
        "interestIncome": 0,
        "interestExpense": 95000000,
        "depreciationAndAmortization": 154000000,
        "ebitda": 180000000,
        "ebitdaratio": 0.0640341515,
        "operatingIncome": 26000000,
        "operatingIncomeRatio": 0.0092493774,
        "totalOtherIncomeExpensesNet": -95000000,
        "incomeBeforeTax": -69000000,
        "incomeBeforeTaxRatio": -0.0245464248,
        "incomeTaxExpense": -1000000,
        "netIncome": -68000000,
        "netIncomeRatio": -0.0241906795,
        "eps": -0.22,
        "epsdiluted": -0.22,
        "weightedAverageShsOut": 307200000,
        "weightedAverageShsOutDil": 307200000,
        "link": "https://www.sec.gov/Archives/edgar/data/1166126/000116612616000084/0001166126-16-000084-index.html",
        "finalLink": "https://www.sec.gov/Archives/edgar/data/1166126/000116612616000084/jcp-04302016x10q.htm"
    },
    {
        "date": "2016-01-30",
        "symbol": "JCP",
        "reportedCurrency": "USD",
        "cik": "0001166126",
        "fillingDate": "2016-03-16",
        "acceptedDate": "2016-03-16 16:26:45",
        "calendarYear": "2015",
        "period": "Q4",
        "revenue": 3996000000,
        "costOfRevenue": 2633000000,
        "grossProfit": 1363000000,
        "grossProfitRatio": 0.3410910911,
        "researchAndDevelopmentExpenses": 0,
        "generalAndAdministrativeExpenses": 1089000000,
        "sellingAndMarketingExpenses": 215000000,
        "sellingGeneralAndAdministrativeExpenses": 1304000000,
        "otherExpenses": 0,
        "operatingExpenses": 1304000000,
        "costAndExpenses": 3927000000,
        "interestIncome": 0,
        "interestExpense": 102000000,
        "depreciationAndAmortization": 157000000,
        "ebitda": 216000000,
        "ebitdaratio": 0.0540540541,
        "operatingIncome": 59000000,
        "operatingIncomeRatio": 0.0147647648,
        "totalOtherIncomeExpensesNet": -102000000,
        "incomeBeforeTax": -43000000,
        "incomeBeforeTaxRatio": -0.0107607608,
        "incomeTaxExpense": 28000000,
        "netIncome": -71000000,
        "netIncomeRatio": -0.0177677678,
        "eps": -0.23,
        "epsdiluted": -0.23,
        "weightedAverageShsOut": 306200000,
        "weightedAverageShsOutDil": 306200000,
        "link": "https://www.sec.gov/Archives/edgar/data/1166126/000116612616000069/0001166126-16-000069-index.html",
        "finalLink": "https://www.sec.gov/Archives/edgar/data/1166126/000116612616000069/jcp-0130201610k.htm"
    },
    {
        "date": "2015-10-31",
        "symbol": "JCP",
        "reportedCurrency": "USD",
        "cik": "0001166126",
        "fillingDate": "2015-12-09",
        "acceptedDate": "2015-12-09 11:19:53",
        "calendarYear": "2015",
        "period": "Q3",
        "revenue": 2897000000,
        "costOfRevenue": 1815000000,
        "grossProfit": 1082000000,
        "grossProfitRatio": 0.3734898171,
        "researchAndDevelopmentExpenses": 0,
        "generalAndAdministrativeExpenses": 930000000,
        "sellingAndMarketingExpenses": 168000000,
        "sellingGeneralAndAdministrativeExpenses": 1098000000,
        "otherExpenses": 0,
        "operatingExpenses": 1098000000,
        "costAndExpenses": 2942000000,
        "interestIncome": 0,
        "interestExpense": 102000000,
        "depreciationAndAmortization": 152000000,
        "ebitda": 136000000,
        "ebitdaratio": 0.0469451156,
        "operatingIncome": -16000000,
        "operatingIncomeRatio": -0.0055229548,
        "totalOtherIncomeExpensesNet": -102000000,
        "incomeBeforeTax": -118000000,
        "incomeBeforeTaxRatio": -0.0407317915,
        "incomeTaxExpense": -3000000,
        "netIncome": -115000000,
        "netIncomeRatio": -0.0396962375,
        "eps": -0.38,
        "epsdiluted": -0.38,
        "weightedAverageShsOut": 306000000,
        "weightedAverageShsOutDil": 306000000,
        "link": "https://www.sec.gov/Archives/edgar/data/1166126/000116612615000055/0001166126-15-000055-index.html",
        "finalLink": "https://www.sec.gov/Archives/edgar/data/1166126/000116612615000055/jcp-10312015x10q.htm"
    },
    {
        "date": "2015-05-02",
        "symbol": "JCP",
        "reportedCurrency": "USD",
        "cik": "0001166126",
        "fillingDate": "2015-06-04",
        "acceptedDate": "2015-06-04 12:13:35",
        "calendarYear": "2015",
        "period": "Q2",
        "revenue": 2857000000,
        "costOfRevenue": 1816000000,
        "grossProfit": 1041000000,
        "grossProfitRatio": 0.3643682184,
        "researchAndDevelopmentExpenses": 0,
        "generalAndAdministrativeExpenses": 946000000,
        "sellingAndMarketingExpenses": 141000000,
        "sellingGeneralAndAdministrativeExpenses": 1087000000,
        "otherExpenses": 0,
        "operatingExpenses": 1087000000,
        "costAndExpenses": 2932000000,
        "interestIncome": 0,
        "interestExpense": 98000000,
        "depreciationAndAmortization": 154000000,
        "ebitda": 108000000,
        "ebitdaratio": 0.0378018901,
        "operatingIncome": -46000000,
        "operatingIncomeRatio": -0.016100805,
        "totalOtherIncomeExpensesNet": -98000000,
        "incomeBeforeTax": -144000000,
        "incomeBeforeTaxRatio": -0.0504025201,
        "incomeTaxExpense": 6000000,
        "netIncome": -150000000,
        "netIncomeRatio": -0.0525026251,
        "eps": -0.49,
        "epsdiluted": -0.49,
        "weightedAverageShsOut": 305500000,
        "weightedAverageShsOutDil": 305500000,
        "link": "https://www.sec.gov/Archives/edgar/data/1166126/000116612615000032/0001166126-15-000032-index.html",
        "finalLink": "https://www.sec.gov/Archives/edgar/data/1166126/000116612615000032/jcp-5022015x10q.htm"
    },
    {
        "date": "2015-01-31",
        "symbol": "JCP",
        "reportedCurrency": "USD",
        "cik": "0001166126",
        "fillingDate": "2015-03-23",
        "acceptedDate": "2015-03-23 16:16:27",
        "calendarYear": "2014",
        "period": "Q4",
        "revenue": 3893000000,
        "costOfRevenue": 2579000000,
        "grossProfit": 1314000000,
        "grossProfitRatio": 0.337528898,
        "researchAndDevelopmentExpenses": 0,
        "generalAndAdministrativeExpenses": 1034000000,
        "sellingAndMarketingExpenses": 217000000,
        "sellingGeneralAndAdministrativeExpenses": 1251000000,
        "otherExpenses": 0,
        "operatingExpenses": 1251000000,
        "costAndExpenses": 3830000000,
        "interestIncome": 0,
        "interestExpense": 100000000,
        "depreciationAndAmortization": 157000000,
        "ebitda": 220000000,
        "ebitdaratio": 0.0565116876,
        "operatingIncome": 63000000,
        "operatingIncomeRatio": 0.0161828924,
        "totalOtherIncomeExpensesNet": -100000000,
        "incomeBeforeTax": -37000000,
        "incomeBeforeTaxRatio": -0.0095042384,
        "incomeTaxExpense": 22000000,
        "netIncome": -59000000,
        "netIncomeRatio": -0.0151554071,
        "eps": -0.19,
        "epsdiluted": -0.19,
        "weightedAverageShsOut": 305500000,
        "weightedAverageShsOutDil": 305500000,
        "link": "https://www.sec.gov/Archives/edgar/data/1166126/000116612615000013/0001166126-15-000013-index.htm",
        "finalLink": "https://www.sec.gov/Archives/edgar/data/1166126/000116612615000013/jcp-0131201510k.htm"
    },
    {
        "date": "2014-08-02",
        "symbol": "JCP",
        "reportedCurrency": "USD",
        "cik": "0001166126",
        "fillingDate": "2014-09-08",
        "acceptedDate": "2014-09-08 12:15:49",
        "calendarYear": "2014",
        "period": "Q3",
        "revenue": 2799000000,
        "costOfRevenue": 1791000000,
        "grossProfit": 1008000000,
        "grossProfitRatio": 0.3601286174,
        "researchAndDevelopmentExpenses": 0,
        "generalAndAdministrativeExpenses": 966000000,
        "sellingAndMarketingExpenses": 112000000,
        "sellingGeneralAndAdministrativeExpenses": 1078000000,
        "otherExpenses": 0,
        "operatingExpenses": 1078000000,
        "costAndExpenses": 2869000000,
        "interestIncome": 0,
        "interestExpense": 106000000,
        "depreciationAndAmortization": 160000000,
        "ebitda": 90000000,
        "ebitdaratio": 0.0321543408,
        "operatingIncome": -70000000,
        "operatingIncomeRatio": -0.0250089318,
        "totalOtherIncomeExpensesNet": -106000000,
        "incomeBeforeTax": -176000000,
        "incomeBeforeTaxRatio": -0.0628795999,
        "incomeTaxExpense": -4000000,
        "netIncome": -172000000,
        "netIncomeRatio": -0.061450518,
        "eps": -0.56,
        "epsdiluted": -0.56,
        "weightedAverageShsOut": 305200000,
        "weightedAverageShsOutDil": 305200000,
        "link": "https://www.sec.gov/Archives/edgar/data/1166126/000116612614000048/0001166126-14-000048-index.html",
        "finalLink": "https://www.sec.gov/Archives/edgar/data/1166126/000116612614000048/jcp-08022014x10q.htm"
    },
    {
        "date": "2014-05-03",
        "symbol": "JCP",
        "reportedCurrency": "USD",
        "cik": "0001166126",
        "fillingDate": "2014-06-03",
        "acceptedDate": "2014-06-03 16:19:29",
        "calendarYear": "2014",
        "period": "Q2",
        "revenue": 2801000000,
        "costOfRevenue": 1875000000,
        "grossProfit": 926000000,
        "grossProfitRatio": 0.3305962156,
        "researchAndDevelopmentExpenses": 0,
        "generalAndAdministrativeExpenses": 1010000000,
        "sellingAndMarketingExpenses": 163000000,
        "sellingGeneralAndAdministrativeExpenses": 1173000000,
        "otherExpenses": 0,
        "operatingExpenses": 1173000000,
        "costAndExpenses": 3048000000,
        "interestIncome": 0,
        "interestExpense": 97000000,
        "depreciationAndAmortization": 158000000,
        "ebitda": -89000000,
        "ebitdaratio": -0.0317743663,
        "operatingIncome": -247000000,
        "operatingIncomeRatio": -0.0881827919,
        "totalOtherIncomeExpensesNet": -97000000,
        "incomeBeforeTax": -344000000,
        "incomeBeforeTaxRatio": -0.122813281,
        "incomeTaxExpense": 8000000,
        "netIncome": -352000000,
        "netIncomeRatio": -0.1256694038,
        "eps": -1.15,
        "epsdiluted": -1.15,
        "weightedAverageShsOut": 305000000,
        "weightedAverageShsOutDil": 305000000,
        "link": "https://www.sec.gov/Archives/edgar/data/1166126/000116612614000035/0001166126-14-000035-index.html",
        "finalLink": "https://www.sec.gov/Archives/edgar/data/1166126/000116612614000035/jcp-05032014x10q.htm"
    },
    {
        "date": "2014-02-01",
        "symbol": "JCP",
        "reportedCurrency": "USD",
        "cik": "0001166126",
        "fillingDate": "2014-03-21",
        "acceptedDate": "2014-03-21 16:03:55",
        "calendarYear": "2014",
        "period": "Q1",
        "revenue": 3782000000,
        "costOfRevenue": 2708000000,
        "grossProfit": 1074000000,
        "grossProfitRatio": 0.2839767319,
        "researchAndDevelopmentExpenses": 0,
        "generalAndAdministrativeExpenses": 1039000000,
        "sellingAndMarketingExpenses": 173000000,
        "sellingGeneralAndAdministrativeExpenses": 1212000000,
        "otherExpenses": 0,
        "operatingExpenses": 1212000000,
        "costAndExpenses": 3920000000,
        "interestIncome": 0,
        "interestExpense": 97000000,
        "depreciationAndAmortization": 161000000,
        "ebitda": 23000000,
        "ebitdaratio": 0.0060814384,
        "operatingIncome": -138000000,
        "operatingIncomeRatio": -0.0364886304,
        "totalOtherIncomeExpensesNet": -97000000,
        "incomeBeforeTax": -235000000,
        "incomeBeforeTaxRatio": -0.0621364357,
        "incomeTaxExpense": -270000000,
        "netIncome": 35000000,
        "netIncomeRatio": 0.0092543628,
        "eps": 0.11,
        "epsdiluted": 0.11,
        "weightedAverageShsOut": 304800000,
        "weightedAverageShsOutDil": 304800000,
        "link": "https://www.sec.gov/Archives/edgar/data/1166126/000116612614000017/0001166126-14-000017-index.htm",
        "finalLink": "https://www.sec.gov/Archives/edgar/data/1166126/000116612614000017/jcp-0201201410k.htm"
    },
    {
        "date": "2013-11-02",
        "symbol": "JCP",
        "reportedCurrency": "USD",
        "cik": "0001166126",
        "fillingDate": "2013-12-05",
        "acceptedDate": "2013-12-05 12:25:04",
        "calendarYear": "2013",
        "period": "Q4",
        "revenue": 2779000000,
        "costOfRevenue": 1960000000,
        "grossProfit": 819000000,
        "grossProfitRatio": 0.2947103275,
        "researchAndDevelopmentExpenses": 0,
        "generalAndAdministrativeExpenses": 1040000000,
        "sellingAndMarketingExpenses": 180000000,
        "sellingGeneralAndAdministrativeExpenses": 1220000000,
        "otherExpenses": 0,
        "operatingExpenses": 1220000000,
        "costAndExpenses": 3180000000,
        "interestIncome": 0,
        "interestExpense": 99000000,
        "depreciationAndAmortization": 161000000,
        "ebitda": -240000000,
        "ebitdaratio": -0.0863620007,
        "operatingIncome": -401000000,
        "operatingIncomeRatio": -0.1442965095,
        "totalOtherIncomeExpensesNet": -99000000,
        "incomeBeforeTax": -500000000,
        "incomeBeforeTaxRatio": -0.1799208348,
        "incomeTaxExpense": -11000000,
        "netIncome": -489000000,
        "netIncomeRatio": -0.1759625765,
        "eps": -1.94,
        "epsdiluted": -1.94,
        "weightedAverageShsOut": 251800000,
        "weightedAverageShsOutDil": 251800000,
        "link": "https://www.sec.gov/Archives/edgar/data/1166126/000116612613000100/0001166126-13-000100-index.html",
        "finalLink": "https://www.sec.gov/Archives/edgar/data/1166126/000116612613000100/jcp-11022013x10q.htm"
    },
    {
        "date": "2013-08-03",
        "symbol": "JCP",
        "reportedCurrency": "USD",
        "cik": "0001166126",
        "fillingDate": "2013-09-10",
        "acceptedDate": "2013-09-10 12:56:08",
        "calendarYear": "2013",
        "period": "Q3",
        "revenue": 2663000000,
        "costOfRevenue": 1876000000,
        "grossProfit": 787000000,
        "grossProfitRatio": 0.2955313556,
        "researchAndDevelopmentExpenses": 0,
        "generalAndAdministrativeExpenses": 1060000000,
        "sellingAndMarketingExpenses": 236000000,
        "sellingGeneralAndAdministrativeExpenses": 1296000000,
        "otherExpenses": 0,
        "operatingExpenses": 1296000000,
        "costAndExpenses": 3058000000,
        "interestIncome": 0,
        "interestExpense": 95000000,
        "depreciationAndAmortization": 143000000,
        "ebitda": -366000000,
        "ebitdaratio": -0.1374389786,
        "operatingIncome": -509000000,
        "operatingIncomeRatio": -0.1911378145,
        "totalOtherIncomeExpensesNet": -95000000,
        "incomeBeforeTax": -604000000,
        "incomeBeforeTaxRatio": -0.2268118663,
        "incomeTaxExpense": -18000000,
        "netIncome": -586000000,
        "netIncomeRatio": -0.2200525723,
        "eps": -2.66,
        "epsdiluted": -2.66,
        "weightedAverageShsOut": 220600000,
        "weightedAverageShsOutDil": 220600000,
        "link": "https://www.sec.gov/Archives/edgar/data/1166126/000119312513362878/0001193125-13-362878-index.html",
        "finalLink": "https://www.sec.gov/Archives/edgar/data/1166126/000119312513362878/d595705d10q.htm"
    },
    {
        "date": "2013-05-04",
        "symbol": "JCP",
        "reportedCurrency": "USD",
        "cik": "0001166126",
        "fillingDate": "2013-06-11",
        "acceptedDate": "2013-06-11 16:33:20",
        "calendarYear": "2013",
        "period": "Q2",
        "revenue": 2635000000,
        "costOfRevenue": 1823000000,
        "grossProfit": 812000000,
        "grossProfitRatio": 0.3081593928,
        "researchAndDevelopmentExpenses": 0,
        "generalAndAdministrativeExpenses": 1112000000,
        "sellingAndMarketingExpenses": 186000000,
        "sellingGeneralAndAdministrativeExpenses": 1298000000,
        "otherExpenses": 0,
        "operatingExpenses": 1298000000,
        "costAndExpenses": 3121000000,
        "interestIncome": 0,
        "interestExpense": 61000000,
        "depreciationAndAmortization": 136000000,
        "ebitda": -350000000,
        "ebitdaratio": -0.1328273245,
        "operatingIncome": -486000000,
        "operatingIncomeRatio": -0.1844402277,
        "totalOtherIncomeExpensesNet": -61000000,
        "incomeBeforeTax": -547000000,
        "incomeBeforeTaxRatio": -0.2075901328,
        "incomeTaxExpense": -199000000,
        "netIncome": -348000000,
        "netIncomeRatio": -0.1320683112,
        "eps": -1.58,
        "epsdiluted": -1.58,
        "weightedAverageShsOut": 219900000,
        "weightedAverageShsOutDil": 219900000,
        "link": "https://www.sec.gov/Archives/edgar/data/1166126/000116612613000041/0001166126-13-000041-index.html",
        "finalLink": "https://www.sec.gov/Archives/edgar/data/1166126/000116612613000041/jcp-20130504x10q.htm"
    },
    {
        "date": "2013-02-02",
        "symbol": "JCP",
        "reportedCurrency": "USD",
        "cik": "0001166126",
        "fillingDate": "2013-03-20",
        "acceptedDate": "2013-03-20 17:11:32",
        "calendarYear": "2013",
        "period": "Q1",
        "revenue": 3884000000,
        "costOfRevenue": 2960000000,
        "grossProfit": 924000000,
        "grossProfitRatio": 0.2378990731,
        "researchAndDevelopmentExpenses": 0,
        "generalAndAdministrativeExpenses": 1395000000,
        "sellingAndMarketingExpenses": 274000000,
        "sellingGeneralAndAdministrativeExpenses": 1669000000,
        "otherExpenses": 0,
        "operatingExpenses": 1669000000,
        "costAndExpenses": 4629000000,
        "interestIncome": 0,
        "interestExpense": 57000000,
        "depreciationAndAmortization": 157000000,
        "ebitda": -588000000,
        "ebitdaratio": -0.1513903193,
        "operatingIncome": -745000000,
        "operatingIncomeRatio": -0.1918125644,
        "totalOtherIncomeExpensesNet": -57000000,
        "incomeBeforeTax": -802000000,
        "incomeBeforeTaxRatio": -0.2064881565,
        "incomeTaxExpense": -250000000,
        "netIncome": -552000000,
        "netIncomeRatio": -0.1421215242,
        "eps": -2.51,
        "epsdiluted": -2.51,
        "weightedAverageShsOut": 219500000,
        "weightedAverageShsOutDil": 219500000,
        "link": "https://www.sec.gov/Archives/edgar/data/1166126/000116612613000016/0001166126-13-000016-index.html",
        "finalLink": "https://www.sec.gov/Archives/edgar/data/1166126/000116612613000016/jcp-20130202x10k.htm"
    },
    {
        "date": "2012-10-27",
        "symbol": "JCP",
        "reportedCurrency": "USD",
        "cik": "0001166126",
        "fillingDate": "2012-12-04",
        "acceptedDate": "2012-12-04 16:51:18",
        "calendarYear": "2012",
        "period": "Q3",
        "revenue": 2927000000,
        "costOfRevenue": 1975000000,
        "grossProfit": 952000000,
        "grossProfitRatio": 0.3252476939,
        "researchAndDevelopmentExpenses": 0,
        "generalAndAdministrativeExpenses": 1138000000,
        "sellingAndMarketingExpenses": -30000000,
        "sellingGeneralAndAdministrativeExpenses": 1108000000,
        "otherExpenses": 0,
        "operatingExpenses": 1108000000,
        "costAndExpenses": 3083000000,
        "interestIncome": 0,
        "interestExpense": 55000000,
        "depreciationAndAmortization": 133000000,
        "ebitda": -23000000,
        "ebitdaratio": -0.007857875,
        "operatingIncome": -156000000,
        "operatingIncomeRatio": -0.053296891,
        "totalOtherIncomeExpensesNet": -55000000,
        "incomeBeforeTax": -211000000,
        "incomeBeforeTaxRatio": -0.0720874616,
        "incomeTaxExpense": -88000000,
        "netIncome": -123000000,
        "netIncomeRatio": -0.0420225487,
        "eps": -0.56,
        "epsdiluted": -0.56,
        "weightedAverageShsOut": 219400000,
        "weightedAverageShsOutDil": 219400000,
        "link": "https://www.sec.gov/Archives/edgar/data/1166126/000116612612000084/0001166126-12-000084-index.html",
        "finalLink": "https://www.sec.gov/Archives/edgar/data/1166126/000116612612000084/jcp-20121027x10q.htm"
    },
    {
        "date": "2012-07-28",
        "symbol": "JCP",
        "reportedCurrency": "USD",
        "cik": "0001166126",
        "fillingDate": "2012-09-04",
        "acceptedDate": "2012-09-04 17:27:34",
        "calendarYear": "2012",
        "period": "Q2",
        "revenue": 3022000000,
        "costOfRevenue": 2018000000,
        "grossProfit": 1004000000,
        "grossProfitRatio": 0.3322303111,
        "researchAndDevelopmentExpenses": 0,
        "generalAndAdministrativeExpenses": 1108000000,
        "sellingAndMarketingExpenses": 79000000,
        "sellingGeneralAndAdministrativeExpenses": 1187000000,
        "otherExpenses": 0,
        "operatingExpenses": 1187000000,
        "costAndExpenses": 3205000000,
        "interestIncome": 0,
        "interestExpense": 58000000,
        "depreciationAndAmortization": 128000000,
        "ebitda": -55000000,
        "ebitdaratio": -0.0181998676,
        "operatingIncome": -183000000,
        "operatingIncomeRatio": -0.0605559232,
        "totalOtherIncomeExpensesNet": -58000000,
        "incomeBeforeTax": -241000000,
        "incomeBeforeTaxRatio": -0.0797485109,
        "incomeTaxExpense": -94000000,
        "netIncome": -147000000,
        "netIncomeRatio": -0.0486432826,
        "eps": -0.67,
        "epsdiluted": -0.67,
        "weightedAverageShsOut": 219300000,
        "weightedAverageShsOutDil": 219300000,
        "link": "https://www.sec.gov/Archives/edgar/data/1166126/000116612612000077/0001166126-12-000077-index.html",
        "finalLink": "https://www.sec.gov/Archives/edgar/data/1166126/000116612612000077/jcp-20120728x10q.htm"
    },
    {
        "date": "2012-04-28",
        "symbol": "JCP",
        "reportedCurrency": "USD",
        "cik": "0001166126",
        "fillingDate": "2012-06-06",
        "acceptedDate": "2012-06-05 17:40:15",
        "calendarYear": "2012",
        "period": "Q1",
        "revenue": 3152000000,
        "costOfRevenue": 1966000000,
        "grossProfit": 1186000000,
        "grossProfitRatio": 0.3762690355,
        "researchAndDevelopmentExpenses": 0,
        "generalAndAdministrativeExpenses": 1218000000,
        "sellingAndMarketingExpenses": 194000000,
        "sellingGeneralAndAdministrativeExpenses": 1412000000,
        "otherExpenses": 0,
        "operatingExpenses": 1412000000,
        "costAndExpenses": 3378000000,
        "interestIncome": 0,
        "interestExpense": 56000000,
        "depreciationAndAmortization": 125000000,
        "ebitda": -101000000,
        "ebitdaratio": -0.0320431472,
        "operatingIncome": -226000000,
        "operatingIncomeRatio": -0.0717005076,
        "totalOtherIncomeExpensesNet": -56000000,
        "incomeBeforeTax": -282000000,
        "incomeBeforeTaxRatio": -0.0894670051,
        "incomeTaxExpense": -119000000,
        "netIncome": -163000000,
        "netIncomeRatio": -0.051713198,
        "eps": -0.75,
        "epsdiluted": -0.75,
        "weightedAverageShsOut": 218300000,
        "weightedAverageShsOutDil": 218300000,
        "link": "https://www.sec.gov/Archives/edgar/data/1166126/000116612612000051/0001166126-12-000051-index.htm",
        "finalLink": "https://www.sec.gov/Archives/edgar/data/1166126/000116612612000051/jcp-20120428x10q.htm"
    },
    {
        "date": "2012-01-28",
        "symbol": "JCP",
        "reportedCurrency": "USD",
        "cik": "0001166126",
        "fillingDate": "2012-03-28",
        "acceptedDate": "2012-03-27 19:58:29",
        "calendarYear": "2011",
        "period": "Q4",
        "revenue": 5425000000,
        "costOfRevenue": 3788000000,
        "grossProfit": 1637000000,
        "grossProfitRatio": 0.3017511521,
        "researchAndDevelopmentExpenses": 0,
        "generalAndAdministrativeExpenses": 1376000000,
        "sellingAndMarketingExpenses": 334000000,
        "sellingGeneralAndAdministrativeExpenses": 1710000000,
        "otherExpenses": 0,
        "operatingExpenses": 1710000000,
        "costAndExpenses": 5498000000,
        "interestIncome": 0,
        "interestExpense": 57000000,
        "depreciationAndAmortization": 135000000,
        "ebitda": 62000000,
        "ebitdaratio": 0.0114285714,
        "operatingIncome": -73000000,
        "operatingIncomeRatio": -0.0134562212,
        "totalOtherIncomeExpensesNet": -57000000,
        "incomeBeforeTax": -130000000,
        "incomeBeforeTaxRatio": -0.0239631336,
        "incomeTaxExpense": -43000000,
        "netIncome": -87000000,
        "netIncomeRatio": -0.0160368664,
        "eps": -0.41,
        "epsdiluted": -0.41,
        "weightedAverageShsOut": 214400000,
        "weightedAverageShsOutDil": 214400000,
        "link": "https://www.sec.gov/Archives/edgar/data/1166126/000119312512135077/0001193125-12-135077-index.html",
        "finalLink": "https://www.sec.gov/Archives/edgar/data/1166126/000119312512135077/d298119d10k.htm"
    },
    {
        "date": "2011-10-29",
        "symbol": "JCP",
        "reportedCurrency": "USD",
        "cik": "0001166126",
        "fillingDate": "2011-12-07",
        "acceptedDate": "2011-12-07 16:11:46",
        "calendarYear": "2011",
        "period": "Q3",
        "revenue": 3986000000,
        "costOfRevenue": 2497000000,
        "grossProfit": 1489000000,
        "grossProfitRatio": 0.3735574511,
        "researchAndDevelopmentExpenses": 0,
        "generalAndAdministrativeExpenses": 1273000000,
        "sellingAndMarketingExpenses": 387000000,
        "sellingGeneralAndAdministrativeExpenses": 1660000000,
        "otherExpenses": 0,
        "operatingExpenses": 1660000000,
        "costAndExpenses": 4157000000,
        "interestIncome": 0,
        "interestExpense": 55000000,
        "depreciationAndAmortization": 127000000,
        "ebitda": -44000000,
        "ebitdaratio": -0.0110386352,
        "operatingIncome": -171000000,
        "operatingIncomeRatio": -0.0429001505,
        "totalOtherIncomeExpensesNet": -55000000,
        "incomeBeforeTax": -226000000,
        "incomeBeforeTaxRatio": -0.0566984446,
        "incomeTaxExpense": -83000000,
        "netIncome": -143000000,
        "netIncomeRatio": -0.0358755645,
        "eps": -0.67,
        "epsdiluted": -0.67,
        "weightedAverageShsOut": 213000000,
        "weightedAverageShsOutDil": 213000000,
        "link": "https://www.sec.gov/Archives/edgar/data/1166126/000116612611000069/0001166126-11-000069-index.html",
        "finalLink": "https://www.sec.gov/Archives/edgar/data/1166126/000116612611000069/jcpenney10q3rd2011.htm"
    },
    {
        "date": "2011-07-30",
        "symbol": "JCP",
        "reportedCurrency": "USD",
        "cik": "0001166126",
        "fillingDate": "2011-09-07",
        "acceptedDate": "2011-09-07 16:38:44",
        "calendarYear": "2011",
        "period": "Q2",
        "revenue": 3906000000,
        "costOfRevenue": 2409000000,
        "grossProfit": 1497000000,
        "grossProfitRatio": 0.3832565284,
        "researchAndDevelopmentExpenses": 0,
        "generalAndAdministrativeExpenses": 1271000000,
        "sellingAndMarketingExpenses": 145000000,
        "sellingGeneralAndAdministrativeExpenses": 1416000000,
        "otherExpenses": 0,
        "operatingExpenses": 1416000000,
        "costAndExpenses": 3825000000,
        "interestIncome": 0,
        "interestExpense": 57000000,
        "depreciationAndAmortization": 128000000,
        "ebitda": 209000000,
        "ebitdaratio": 0.0535074245,
        "operatingIncome": 81000000,
        "operatingIncomeRatio": 0.0207373272,
        "totalOtherIncomeExpensesNet": -57000000,
        "incomeBeforeTax": 24000000,
        "incomeBeforeTaxRatio": 0.0061443932,
        "incomeTaxExpense": 10000000,
        "netIncome": 14000000,
        "netIncomeRatio": 0.0035842294,
        "eps": 0.0648,
        "epsdiluted": 0.0648,
        "weightedAverageShsOut": 216000000,
        "weightedAverageShsOutDil": 216000000,
        "link": "https://www.sec.gov/Archives/edgar/data/1166126/000116612611000055/0001166126-11-000055-index.html",
        "finalLink": "https://www.sec.gov/Archives/edgar/data/1166126/000116612611000055/jcpenney10q2nd2011.htm"
    },
    {
        "date": "2011-04-30",
        "symbol": "JCP",
        "reportedCurrency": "USD",
        "cik": "0001166126",
        "fillingDate": "2011-06-08",
        "acceptedDate": "2011-06-08 11:48:21",
        "calendarYear": "2011",
        "period": "Q1",
        "revenue": 3943000000,
        "costOfRevenue": 2348000000,
        "grossProfit": 1595000000,
        "grossProfitRatio": 0.4045143292,
        "researchAndDevelopmentExpenses": 0,
        "generalAndAdministrativeExpenses": 1310000000,
        "sellingAndMarketingExpenses": 124000000,
        "sellingGeneralAndAdministrativeExpenses": 1434000000,
        "otherExpenses": 0,
        "operatingExpenses": 1434000000,
        "costAndExpenses": 3782000000,
        "interestIncome": 0,
        "interestExpense": 58000000,
        "depreciationAndAmortization": 128000000,
        "ebitda": 289000000,
        "ebitdaratio": 0.0732944459,
        "operatingIncome": 161000000,
        "operatingIncomeRatio": 0.0408318539,
        "totalOtherIncomeExpensesNet": -58000000,
        "incomeBeforeTax": 103000000,
        "incomeBeforeTaxRatio": 0.0261222419,
        "incomeTaxExpense": 39000000,
        "netIncome": 64000000,
        "netIncomeRatio": 0.016231296,
        "eps": 0.28,
        "epsdiluted": 0.28,
        "weightedAverageShsOut": 231700000,
        "weightedAverageShsOutDil": 231700000,
        "link": "https://www.sec.gov/Archives/edgar/data/1166126/000116612611000036/0001166126-11-000036-index.html",
        "finalLink": "https://www.sec.gov/Archives/edgar/data/1166126/000116612611000036/jcpenney10qfirst2011.htm"
    },
    {
        "date": "2011-01-29",
        "symbol": "JCP",
        "reportedCurrency": "USD",
        "cik": "0001166126",
        "fillingDate": "2011-03-29",
        "acceptedDate": "2011-03-29 17:04:09",
        "calendarYear": "2010",
        "period": "Q4",
        "revenue": 5703000000,
        "costOfRevenue": 3560000000,
        "grossProfit": 2143000000,
        "grossProfitRatio": 0.3757671401,
        "researchAndDevelopmentExpenses": 0,
        "generalAndAdministrativeExpenses": 1529000000,
        "sellingAndMarketingExpenses": 156000000,
        "sellingGeneralAndAdministrativeExpenses": 1685000000,
        "otherExpenses": 0,
        "operatingExpenses": 1685000000,
        "costAndExpenses": 5245000000,
        "interestIncome": 0,
        "interestExpense": 58000000,
        "depreciationAndAmortization": 132000000,
        "ebitda": 601000000,
        "ebitdaratio": 0.1053831317,
        "operatingIncome": 469000000,
        "operatingIncomeRatio": 0.0822374189,
        "totalOtherIncomeExpensesNet": -69000000,
        "incomeBeforeTax": 400000000,
        "incomeBeforeTaxRatio": 0.0701385236,
        "incomeTaxExpense": 140000000,
        "netIncome": 260000000,
        "netIncomeRatio": 0.0455900403,
        "eps": 1.09,
        "epsdiluted": 1.09,
        "weightedAverageShsOut": 239000000,
        "weightedAverageShsOutDil": 239000000,
        "link": "https://www.sec.gov/Archives/edgar/data/1166126/000119312511081412/0001193125-11-081412-index.htm",
        "finalLink": "https://www.sec.gov/Archives/edgar/data/1166126/000119312511081412/d10k.htm"
    },
    {
        "date": "2010-10-30",
        "symbol": "JCP",
        "reportedCurrency": "USD",
        "cik": "0001166126",
        "fillingDate": "2010-12-08",
        "acceptedDate": "2010-12-08 16:44:48",
        "calendarYear": "2010",
        "period": "Q3",
        "revenue": 4189000000,
        "costOfRevenue": 2554000000,
        "grossProfit": 1635000000,
        "grossProfitRatio": 0.3903079494,
        "researchAndDevelopmentExpenses": 0,
        "generalAndAdministrativeExpenses": 1390000000,
        "sellingAndMarketingExpenses": 121000000,
        "sellingGeneralAndAdministrativeExpenses": 1511000000,
        "otherExpenses": 0,
        "operatingExpenses": 1511000000,
        "costAndExpenses": 4065000000,
        "interestIncome": 0,
        "interestExpense": 57000000,
        "depreciationAndAmortization": 128000000,
        "ebitda": 252000000,
        "ebitdaratio": 0.0601575555,
        "operatingIncome": 124000000,
        "operatingIncomeRatio": 0.0296013368,
        "totalOtherIncomeExpensesNet": -57000000,
        "incomeBeforeTax": 67000000,
        "incomeBeforeTaxRatio": 0.0159942707,
        "incomeTaxExpense": 23000000,
        "netIncome": 44000000,
        "netIncomeRatio": 0.0105037002,
        "eps": 0.19,
        "epsdiluted": 0.19,
        "weightedAverageShsOut": 237800000,
        "weightedAverageShsOutDil": 237800000,
        "link": "https://www.sec.gov/Archives/edgar/data/1166126/000116612610000055/0001166126-10-000055-index.html",
        "finalLink": "https://www.sec.gov/Archives/edgar/data/1166126/000116612610000055/jcpenney10q3rd2010.htm"
    },
    {
        "date": "2010-07-31",
        "symbol": "JCP",
        "reportedCurrency": "USD",
        "cik": "0001166126",
        "fillingDate": "2010-09-08",
        "acceptedDate": "2010-09-08 17:01:10",
        "calendarYear": "2010",
        "period": "Q2",
        "revenue": 3938000000,
        "costOfRevenue": 2386000000,
        "grossProfit": 1552000000,
        "grossProfitRatio": 0.3941086846,
        "researchAndDevelopmentExpenses": 0,
        "generalAndAdministrativeExpenses": 1338000000,
        "sellingAndMarketingExpenses": 119000000,
        "sellingGeneralAndAdministrativeExpenses": 1457000000,
        "otherExpenses": 0,
        "operatingExpenses": 1457000000,
        "costAndExpenses": 3843000000,
        "interestIncome": 0,
        "interestExpense": 57000000,
        "depreciationAndAmortization": 126000000,
        "ebitda": 201000000,
        "ebitdaratio": 0.0510411376,
        "operatingIncome": 75000000,
        "operatingIncomeRatio": 0.0190452006,
        "totalOtherIncomeExpensesNet": -57000000,
        "incomeBeforeTax": 18000000,
        "incomeBeforeTaxRatio": 0.0045708481,
        "incomeTaxExpense": 4000000,
        "netIncome": 14000000,
        "netIncomeRatio": 0.0035551041,
        "eps": 0.0589,
        "epsdiluted": 0.0589,
        "weightedAverageShsOut": 237600000,
        "weightedAverageShsOutDil": 237600000,
        "link": "https://www.sec.gov/Archives/edgar/data/1166126/000116612610000040/0001166126-10-000040-index.html",
        "finalLink": "https://www.sec.gov/Archives/edgar/data/1166126/000116612610000040/jcpenney10q2nd2010.htm"
    },
    {
        "date": "2010-01-30",
        "symbol": "JCP",
        "reportedCurrency": "USD",
        "cik": "0001166126",
        "fillingDate": "2010-03-30",
        "acceptedDate": "2010-03-30 16:21:58",
        "calendarYear": "2009",
        "period": "Q4",
        "revenue": 5550000000,
        "costOfRevenue": 3430000000,
        "grossProfit": 2120000000,
        "grossProfitRatio": 0.381981982,
        "researchAndDevelopmentExpenses": 0,
        "generalAndAdministrativeExpenses": 1970183000,
        "sellingAndMarketingExpenses": -379183000,
        "sellingGeneralAndAdministrativeExpenses": 1591000000,
        "otherExpenses": 146000000,
        "operatingExpenses": 1737000000,
        "costAndExpenses": 5152026000,
        "interestIncome": 0,
        "interestExpense": -70200000,
        "depreciationAndAmortization": 131000000,
        "ebitda": 380800000,
        "ebitdaratio": 0.0686126126,
        "operatingIncome": 249800000,
        "operatingIncomeRatio": 0.045009009,
        "totalOtherIncomeExpensesNet": 68200000,
        "incomeBeforeTax": 318000000,
        "incomeBeforeTaxRatio": 0.0572972973,
        "incomeTaxExpense": 120000000,
        "netIncome": 198000000,
        "netIncomeRatio": 0.0356756757,
        "eps": 0.83,
        "epsdiluted": 0.83,
        "weightedAverageShsOut": 237300000,
        "weightedAverageShsOutDil": 237300000,
        "link": "https://www.sec.gov/Archives/edgar/data/1166126/000119312510071527/0001193125-10-071527-index.html",
        "finalLink": "https://www.sec.gov/Archives/edgar/data/1166126/000119312510071527/d10k.htm"
    },
    {
        "date": "2009-10-31",
        "symbol": "JCP",
        "reportedCurrency": "USD",
        "cik": "0001166126",
        "fillingDate": "2009-12-09",
        "acceptedDate": "2009-12-09 12:11:21",
        "calendarYear": "2009",
        "period": "Q3",
        "revenue": 4179000000,
        "costOfRevenue": 2483000000,
        "grossProfit": 1696000000,
        "grossProfitRatio": 0.4058387174,
        "researchAndDevelopmentExpenses": 0,
        "generalAndAdministrativeExpenses": 1463000000,
        "sellingAndMarketingExpenses": 126000000,
        "sellingGeneralAndAdministrativeExpenses": 1589000000,
        "otherExpenses": 0,
        "operatingExpenses": 1589000000,
        "costAndExpenses": 4072000000,
        "interestIncome": 0,
        "interestExpense": -64000000,
        "depreciationAndAmortization": 123000000,
        "ebitda": 102000000,
        "ebitdaratio": 0.0244077531,
        "operatingIncome": -21000000,
        "operatingIncomeRatio": -0.0050251256,
        "totalOtherIncomeExpensesNet": 64000000,
        "incomeBeforeTax": 43000000,
        "incomeBeforeTaxRatio": 0.010289543,
        "incomeTaxExpense": 16000000,
        "netIncome": 27000000,
        "netIncomeRatio": 0.0064608758,
        "eps": 0.11,
        "epsdiluted": 0.11,
        "weightedAverageShsOut": 237600000,
        "weightedAverageShsOutDil": 237600000,
        "link": "https://www.sec.gov/Archives/edgar/data/1166126/000116612609000060/0001166126-09-000060-index.html",
        "finalLink": "https://www.sec.gov/Archives/edgar/data/1166126/000116612609000060/jcpenney10q3rd2009.htm"
    },
    {
        "date": "2009-05-02",
        "symbol": "JCP",
        "reportedCurrency": "USD",
        "cik": "0001166126",
        "fillingDate": "2009-06-10",
        "acceptedDate": "2009-06-10 16:35:14",
        "calendarYear": "2009",
        "period": "Q2",
        "revenue": 3884000000,
        "costOfRevenue": 2310000000,
        "grossProfit": 1574000000,
        "grossProfitRatio": 0.4052523172,
        "researchAndDevelopmentExpenses": 0,
        "generalAndAdministrativeExpenses": 1354000000,
        "sellingAndMarketingExpenses": 114000000,
        "sellingGeneralAndAdministrativeExpenses": 1468000000,
        "otherExpenses": 0,
        "operatingExpenses": 1468000000,
        "costAndExpenses": 3778000000,
        "interestIncome": 0,
        "interestExpense": -63000000,
        "depreciationAndAmortization": 120000000,
        "ebitda": 100000000,
        "ebitdaratio": 0.0257466529,
        "operatingIncome": -20000000,
        "operatingIncomeRatio": -0.0051493306,
        "totalOtherIncomeExpensesNet": 63000000,
        "incomeBeforeTax": 43000000,
        "incomeBeforeTaxRatio": 0.0110710608,
        "incomeTaxExpense": 18000000,
        "netIncome": 25000000,
        "netIncomeRatio": 0.0064366632,
        "eps": 0.11,
        "epsdiluted": 0.11,
        "weightedAverageShsOut": 223000000,
        "weightedAverageShsOutDil": 223000000,
        "link": "https://www.sec.gov/Archives/edgar/data/1166126/000116612609000037/0001166126-09-000037-index.html",
        "finalLink": "https://www.sec.gov/Archives/edgar/data/1166126/000116612609000037/jcpenney10qfirst2009.htm"
    },
    {
        "date": "2009-01-31",
        "symbol": "JCP",
        "reportedCurrency": "USD",
        "cik": "0001166126",
        "fillingDate": "2009-03-31",
        "acceptedDate": "2009-03-31 12:40:00",
        "calendarYear": "2008",
        "period": "Q4",
        "revenue": 5759000000,
        "costOfRevenue": 3764000000,
        "grossProfit": 1995000000,
        "grossProfitRatio": 0.346414308,
        "researchAndDevelopmentExpenses": 0,
        "generalAndAdministrativeExpenses": 1469000000,
        "sellingAndMarketingExpenses": 137000000,
        "sellingGeneralAndAdministrativeExpenses": 1606000000,
        "otherExpenses": 0,
        "operatingExpenses": 1606000000,
        "costAndExpenses": 5370000000,
        "interestIncome": 0,
        "interestExpense": -61000000,
        "depreciationAndAmortization": 126000000,
        "ebitda": 396000000,
        "ebitdaratio": 0.0687619378,
        "operatingIncome": 270000000,
        "operatingIncomeRatio": 0.0468831394,
        "totalOtherIncomeExpensesNet": 58000000,
        "incomeBeforeTax": 328000000,
        "incomeBeforeTaxRatio": 0.0569543323,
        "incomeTaxExpense": 120000000,
        "netIncome": 208000000,
        "netIncomeRatio": 0.0361173815,
        "eps": 0.93,
        "epsdiluted": 0.93,
        "weightedAverageShsOut": 222600000,
        "weightedAverageShsOutDil": 222600000,
        "link": "https://www.sec.gov/Archives/edgar/data/1166126/000119312509069467/0001193125-09-069467-index.html",
        "finalLink": "https://www.sec.gov/Archives/edgar/data/1166126/000119312509069467/d10k.htm"
    },
    {
        "date": "2008-08-02",
        "symbol": "JCP",
        "reportedCurrency": "USD",
        "cik": "0001166126",
        "fillingDate": "2008-09-10",
        "acceptedDate": "2008-09-10 12:23:09",
        "calendarYear": "2008",
        "period": "Q3",
        "revenue": 4282000000,
        "costOfRevenue": 2676000000,
        "grossProfit": 1606000000,
        "grossProfitRatio": 0.3750583839,
        "researchAndDevelopmentExpenses": 0,
        "generalAndAdministrativeExpenses": 1257000000,
        "sellingAndMarketingExpenses": 106000000,
        "sellingGeneralAndAdministrativeExpenses": 1363000000,
        "otherExpenses": 0,
        "operatingExpenses": 1363000000,
        "costAndExpenses": 4039000000,
        "interestIncome": 0,
        "interestExpense": -55000000,
        "depreciationAndAmortization": 115000000,
        "ebitda": 249000000,
        "ebitdaratio": 0.058150397,
        "operatingIncome": 134000000,
        "operatingIncomeRatio": 0.0312937879,
        "totalOtherIncomeExpensesNet": 54000000,
        "incomeBeforeTax": 188000000,
        "incomeBeforeTaxRatio": 0.0439047174,
        "incomeTaxExpense": 72000000,
        "netIncome": 116000000,
        "netIncomeRatio": 0.0270901448,
        "eps": 0.52,
        "epsdiluted": 0.52,
        "weightedAverageShsOut": 223000000,
        "weightedAverageShsOutDil": 223000000,
        "link": "https://www.sec.gov/Archives/edgar/data/1166126/000116612608000033/0001166126-08-000033-index.html",
        "finalLink": "https://www.sec.gov/Archives/edgar/data/1166126/000116612608000033/jcpenney10q2nd08.htm"
    },
    {
        "date": "2008-05-03",
        "symbol": "JCP",
        "reportedCurrency": "USD",
        "cik": "0001166126",
        "fillingDate": "2008-06-10",
        "acceptedDate": "2008-06-10 17:28:05",
        "calendarYear": "2008",
        "period": "Q2",
        "revenue": 4127000000,
        "costOfRevenue": 2477000000,
        "grossProfit": 1650000000,
        "grossProfitRatio": 0.3998061546,
        "researchAndDevelopmentExpenses": 0,
        "generalAndAdministrativeExpenses": 1301000000,
        "sellingAndMarketingExpenses": 101000000,
        "sellingGeneralAndAdministrativeExpenses": 1402000000,
        "otherExpenses": 0,
        "operatingExpenses": 1402000000,
        "costAndExpenses": 3879000000,
        "interestIncome": 0,
        "interestExpense": -53000000,
        "depreciationAndAmortization": 110000000,
        "ebitda": 252000000,
        "ebitdaratio": 0.0610613036,
        "operatingIncome": 142000000,
        "operatingIncomeRatio": 0.03440756,
        "totalOtherIncomeExpensesNet": 53000000,
        "incomeBeforeTax": 195000000,
        "incomeBeforeTaxRatio": 0.0472498183,
        "incomeTaxExpense": 75000000,
        "netIncome": 120000000,
        "netIncomeRatio": 0.0290768112,
        "eps": 0.54,
        "epsdiluted": 0.54,
        "weightedAverageShsOut": 223000000,
        "weightedAverageShsOutDil": 223000000,
        "link": "https://www.sec.gov/Archives/edgar/data/1166126/000116612608000025/0001166126-08-000025-index.html",
        "finalLink": "https://www.sec.gov/Archives/edgar/data/1166126/000116612608000025/jcpenney10qfirstquarter08.htm"
    },
    {
        "date": "2007-02-03",
        "symbol": "JCP",
        "reportedCurrency": "USD",
        "cik": "0001166126",
        "fillingDate": "2007-04-04",
        "acceptedDate": "2007-04-04 15:41:57",
        "calendarYear": "2007",
        "period": "Q1",
        "revenue": 6664000000,
        "costOfRevenue": 4129000000,
        "grossProfit": 2535000000,
        "grossProfitRatio": 0.3804021609,
        "researchAndDevelopmentExpenses": 0,
        "generalAndAdministrativeExpenses": 1668000000,
        "sellingAndMarketingExpenses": 139000000,
        "sellingGeneralAndAdministrativeExpenses": 1807000000,
        "otherExpenses": 0,
        "operatingExpenses": 1807000000,
        "costAndExpenses": 5878000000,
        "interestIncome": 0,
        "interestExpense": -28000000,
        "depreciationAndAmortization": 115000000,
        "ebitda": 835000000,
        "ebitdaratio": 0.12530012,
        "operatingIncome": 720000000,
        "operatingIncomeRatio": 0.1080432173,
        "totalOtherIncomeExpensesNet": 8000000,
        "incomeBeforeTax": 728000000,
        "incomeBeforeTaxRatio": 0.1092436975,
        "incomeTaxExpense": 271000000,
        "netIncome": 457000000,
        "netIncomeRatio": 0.068577431,
        "eps": 2,
        "epsdiluted": 2,
        "weightedAverageShsOut": 228400000,
        "weightedAverageShsOutDil": 228400000,
        "link": "https://www.sec.gov/Archives/edgar/data/1166126/000095013407007548/0000950134-07-007548-index.html",
        "finalLink": "https://www.sec.gov/Archives/edgar/data/1166126/000095013407007548/d44721e10vk.htm"
    },
    {
        "date": "2006-10-28",
        "symbol": "JCP",
        "reportedCurrency": "USD",
        "cik": "0001166126",
        "fillingDate": "2006-12-06",
        "acceptedDate": "2006-12-06 16:01:24",
        "calendarYear": "2006",
        "period": "Q3",
        "revenue": 4781000000,
        "costOfRevenue": 2796000000,
        "grossProfit": 1985000000,
        "grossProfitRatio": 0.4151851077,
        "researchAndDevelopmentExpenses": 0,
        "generalAndAdministrativeExpenses": 1391000000,
        "sellingAndMarketingExpenses": 126000000,
        "sellingGeneralAndAdministrativeExpenses": 1517000000,
        "otherExpenses": 0,
        "operatingExpenses": 1517000000,
        "costAndExpenses": 12103000000,
        "interestIncome": 0,
        "interestExpense": -102000000,
        "depreciationAndAmortization": 98000000,
        "ebitda": 465000000,
        "ebitdaratio": 0.0972599875,
        "operatingIncome": 367000000,
        "operatingIncomeRatio": 0.0767621836,
        "totalOtherIncomeExpensesNet": 101000000,
        "incomeBeforeTax": 468000000,
        "incomeBeforeTaxRatio": 0.0978874712,
        "incomeTaxExpense": 182000000,
        "netIncome": 286000000,
        "netIncomeRatio": 0.0598201213,
        "eps": 1.25,
        "epsdiluted": 1.25,
        "weightedAverageShsOut": 228000000,
        "weightedAverageShsOutDil": 228000000,
        "link": "https://www.sec.gov/Archives/edgar/data/1166126/000116612606000126/0001166126-06-000126-index.htm",
        "finalLink": "https://www.sec.gov/Archives/edgar/data/1166126/000116612606000126/jcpenney10qthird2006.htm"
    },
    {
        "date": "2006-07-29",
        "symbol": "JCP",
        "reportedCurrency": "USD",
        "cik": "0001166126",
        "fillingDate": "2006-07-29",
        "acceptedDate": "2006-07-28 20:00:00",
        "calendarYear": "2006",
        "period": "Q2",
        "revenue": 4238000000,
        "costOfRevenue": 2655000000,
        "grossProfit": 1583000000,
        "grossProfitRatio": 0.3735252478,
        "researchAndDevelopmentExpenses": 0,
        "generalAndAdministrativeExpenses": 1224000000,
        "sellingAndMarketingExpenses": 111000000,
        "sellingGeneralAndAdministrativeExpenses": 1335000000,
        "otherExpenses": 0,
        "operatingExpenses": 1335000000,
        "costAndExpenses": 3990000000,
        "interestIncome": 0,
        "interestExpense": 1000000,
        "depreciationAndAmortization": 88000000,
        "ebitda": 337000000,
        "ebitdaratio": 0.0795186409,
        "operatingIncome": 249000000,
        "operatingIncomeRatio": 0.0587541293,
        "totalOtherIncomeExpensesNet": -1000000,
        "incomeBeforeTax": 248000000,
        "incomeBeforeTaxRatio": 0.0585181689,
        "incomeTaxExpense": 70000000,
        "netIncome": 178000000,
        "netIncomeRatio": 0.0420009438,
        "eps": 0.76,
        "epsdiluted": 0.76,
        "weightedAverageShsOut": 235400000,
        "weightedAverageShsOutDil": 235400000,
        "link": "",
        "finalLink": ""
    },
    {
        "date": "2006-04-29",
        "symbol": "JCP",
        "reportedCurrency": "USD",
        "cik": "0001166126",
        "fillingDate": "2006-04-29",
        "acceptedDate": "2006-04-28 20:00:00",
        "calendarYear": "2006",
        "period": "Q1",
        "revenue": 4220000000,
        "costOfRevenue": 2498000000,
        "grossProfit": 1722000000,
        "grossProfitRatio": 0.408056872,
        "researchAndDevelopmentExpenses": 0,
        "generalAndAdministrativeExpenses": 1265000000,
        "sellingAndMarketingExpenses": 109000000,
        "sellingGeneralAndAdministrativeExpenses": 1374000000,
        "otherExpenses": 0,
        "operatingExpenses": 1374000000,
        "costAndExpenses": 3872000000,
        "interestIncome": 0,
        "interestExpense": -28000000,
        "depreciationAndAmortization": 88000000,
        "ebitda": 433000000,
        "ebitdaratio": 0.1026066351,
        "operatingIncome": 345000000,
        "operatingIncomeRatio": 0.0817535545,
        "totalOtherIncomeExpensesNet": 3000000,
        "incomeBeforeTax": 348000000,
        "incomeBeforeTaxRatio": 0.082464455,
        "incomeTaxExpense": 135000000,
        "netIncome": 213000000,
        "netIncomeRatio": 0.0504739336,
        "eps": 0.9,
        "epsdiluted": 0.9,
        "weightedAverageShsOut": 236300000,
        "weightedAverageShsOutDil": 236300000,
        "link": "",
        "finalLink": ""
    },
    {
        "date": "2006-01-28",
        "symbol": "JCP",
        "reportedCurrency": "USD",
        "cik": "0001166126",
        "fillingDate": "2006-04-06",
        "acceptedDate": "2006-04-06 15:47:31",
        "calendarYear": "2005",
        "period": "Q4",
        "revenue": 6203000000,
        "costOfRevenue": 3957000000,
        "grossProfit": 2246000000,
        "grossProfitRatio": 0.3620828631,
        "researchAndDevelopmentExpenses": 0,
        "generalAndAdministrativeExpenses": 1490000000,
        "sellingAndMarketingExpenses": 127000000,
        "sellingGeneralAndAdministrativeExpenses": 1617000000,
        "otherExpenses": 0,
        "operatingExpenses": 1617000000,
        "costAndExpenses": 5574000000,
        "interestIncome": 0,
        "interestExpense": 101000000,
        "depreciationAndAmortization": 101000000,
        "ebitda": 831000000,
        "ebitdaratio": 0.1339674351,
        "operatingIncome": 730000000,
        "operatingIncomeRatio": 0.1176849911,
        "totalOtherIncomeExpensesNet": -101000000,
        "incomeBeforeTax": 629000000,
        "incomeBeforeTaxRatio": 0.1014025472,
        "incomeTaxExpense": 179000000,
        "netIncome": 450000000,
        "netIncomeRatio": 0.0725455425,
        "eps": 1.92,
        "epsdiluted": 1.92,
        "weightedAverageShsOut": 234900000,
        "weightedAverageShsOutDil": 234900000,
        "link": "https://www.sec.gov/Archives/edgar/data/1166126/000119312506074761/0001193125-06-074761-index.htm",
        "finalLink": "https://www.sec.gov/Archives/edgar/data/1166126/000119312506074761/d10k.htm"
    },
    {
        "date": "2005-10-29",
        "symbol": "JCP",
        "reportedCurrency": "USD",
        "cik": "0001166126",
        "fillingDate": "2005-10-29",
        "acceptedDate": "2005-10-28 20:00:00",
        "calendarYear": "2005",
        "period": "Q3",
        "revenue": 4479000000,
        "costOfRevenue": 2655000000,
        "grossProfit": 1824000000,
        "grossProfitRatio": 0.4072337575,
        "researchAndDevelopmentExpenses": 0,
        "generalAndAdministrativeExpenses": 1327000000,
        "sellingAndMarketingExpenses": 132000000,
        "sellingGeneralAndAdministrativeExpenses": 1459000000,
        "otherExpenses": 0,
        "operatingExpenses": 1459000000,
        "costAndExpenses": 4114000000,
        "interestIncome": 0,
        "interestExpense": -102000000,
        "depreciationAndAmortization": 96000000,
        "ebitda": 461000000,
        "ebitdaratio": 0.10292476,
        "operatingIncome": 365000000,
        "operatingIncomeRatio": 0.0814914043,
        "totalOtherIncomeExpensesNet": 0,
        "incomeBeforeTax": 365000000,
        "incomeBeforeTaxRatio": 0.0814914043,
        "incomeTaxExpense": 131000000,
        "netIncome": 234000000,
        "netIncomeRatio": 0.0522438044,
        "eps": 0.94,
        "epsdiluted": 0.94,
        "weightedAverageShsOut": 249000000,
        "weightedAverageShsOutDil": 249000000,
        "link": "",
        "finalLink": ""
    },
    {
        "date": "2005-07-30",
        "symbol": "JCP",
        "reportedCurrency": "USD",
        "cik": "0001166126",
        "fillingDate": "2005-07-30",
        "acceptedDate": "2005-07-29 20:00:00",
        "calendarYear": "2005",
        "period": "Q2",
        "revenue": 3981000000,
        "costOfRevenue": 2508000000,
        "grossProfit": 1473000000,
        "grossProfitRatio": 0.3700075358,
        "researchAndDevelopmentExpenses": 0,
        "generalAndAdministrativeExpenses": 1177000000,
        "sellingAndMarketingExpenses": 114000000,
        "sellingGeneralAndAdministrativeExpenses": 1291000000,
        "otherExpenses": 0,
        "operatingExpenses": 1291000000,
        "costAndExpenses": 3799000000,
        "interestIncome": 0,
        "interestExpense": 9000000,
        "depreciationAndAmortization": 88000000,
        "ebitda": 279000000,
        "ebitdaratio": 0.0700828937,
        "operatingIncome": 191000000,
        "operatingIncomeRatio": 0.047977895,
        "totalOtherIncomeExpensesNet": -9000000,
        "incomeBeforeTax": 182000000,
        "incomeBeforeTaxRatio": 0.0457171565,
        "incomeTaxExpense": 60000000,
        "netIncome": 122000000,
        "netIncomeRatio": 0.0306455664,
        "eps": 0.46,
        "epsdiluted": 0.46,
        "weightedAverageShsOut": 265000000,
        "weightedAverageShsOutDil": 265000000,
        "link": "",
        "finalLink": ""
    },
    {
        "date": "2005-04-30",
        "symbol": "JCP",
        "reportedCurrency": "USD",
        "cik": "0001166126",
        "fillingDate": "2005-04-30",
        "acceptedDate": "2005-04-29 20:00:00",
        "calendarYear": "2005",
        "period": "Q1",
        "revenue": 4118000000,
        "costOfRevenue": 2470000000,
        "grossProfit": 1648000000,
        "grossProfitRatio": 0.4001942691,
        "researchAndDevelopmentExpenses": 0,
        "generalAndAdministrativeExpenses": 1266000000,
        "sellingAndMarketingExpenses": 114000000,
        "sellingGeneralAndAdministrativeExpenses": 1380000000,
        "otherExpenses": 0,
        "operatingExpenses": 1380000000,
        "costAndExpenses": 3850000000,
        "interestIncome": 0,
        "interestExpense": 1000000,
        "depreciationAndAmortization": 87000000,
        "ebitda": 356000000,
        "ebitdaratio": 0.0864497329,
        "operatingIncome": 269000000,
        "operatingIncomeRatio": 0.0653229723,
        "totalOtherIncomeExpensesNet": -1000000,
        "incomeBeforeTax": 268000000,
        "incomeBeforeTaxRatio": 0.065080136,
        "incomeTaxExpense": 97000000,
        "netIncome": 171000000,
        "netIncomeRatio": 0.0415250121,
        "eps": 0.62,
        "epsdiluted": 0.62,
        "weightedAverageShsOut": 274000000,
        "weightedAverageShsOutDil": 274000000,
        "link": "",
        "finalLink": ""
    },
    {
        "date": "2005-01-29",
        "symbol": "JCP",
        "reportedCurrency": "USD",
        "cik": "0001166126",
        "fillingDate": "2005-04-08",
        "acceptedDate": "2005-04-08 09:35:45",
        "calendarYear": "2004",
        "period": "Q4",
        "revenue": 5955000000,
        "costOfRevenue": 3794000000,
        "grossProfit": 2161000000,
        "grossProfitRatio": 0.3628883291,
        "researchAndDevelopmentExpenses": 0,
        "generalAndAdministrativeExpenses": 1487000000,
        "sellingAndMarketingExpenses": 180000000,
        "sellingGeneralAndAdministrativeExpenses": 1667000000,
        "otherExpenses": 0,
        "operatingExpenses": 1667000000,
        "costAndExpenses": 7213000000,
        "interestIncome": 0,
        "interestExpense": -97000000,
        "depreciationAndAmortization": 102000000,
        "ebitda": 508000000,
        "ebitdaratio": 0.0853064652,
        "operatingIncome": 406000000,
        "operatingIncomeRatio": 0.0681780017,
        "totalOtherIncomeExpensesNet": 88000000,
        "incomeBeforeTax": 494000000,
        "incomeBeforeTaxRatio": 0.0829554996,
        "incomeTaxExpense": 170000000,
        "netIncome": 324000000,
        "netIncomeRatio": 0.0544080605,
        "eps": 1.14,
        "epsdiluted": 1.14,
        "weightedAverageShsOut": 284900000,
        "weightedAverageShsOutDil": 284900000,
        "link": "https://www.sec.gov/Archives/edgar/data/1166126/000095013405007107/0000950134-05-007107-index.htm",
        "finalLink": "https://www.sec.gov/Archives/edgar/data/1166126/000095013405007107/d23808e10vk.htm"
    },
    {
        "date": "2004-10-30",
        "symbol": "JCP",
        "reportedCurrency": "USD",
        "cik": "0001166126",
        "fillingDate": "2004-12-07",
        "acceptedDate": "2004-12-07 13:00:25",
        "calendarYear": "2004",
        "period": "Q3",
        "revenue": 4391000000,
        "costOfRevenue": 2656000000,
        "grossProfit": 1735000000,
        "grossProfitRatio": 0.3951263949,
        "researchAndDevelopmentExpenses": 0,
        "generalAndAdministrativeExpenses": 1351000000,
        "sellingAndMarketingExpenses": 157000000,
        "sellingGeneralAndAdministrativeExpenses": 1508000000,
        "otherExpenses": 0,
        "operatingExpenses": 1508000000,
        "costAndExpenses": 4164000000,
        "interestIncome": 0,
        "interestExpense": 1000000,
        "depreciationAndAmortization": 89000000,
        "ebitda": 317000000,
        "ebitdaratio": 0.0721931223,
        "operatingIncome": 228000000,
        "operatingIncomeRatio": 0.0519243908,
        "totalOtherIncomeExpensesNet": -1000000,
        "incomeBeforeTax": 227000000,
        "incomeBeforeTaxRatio": 0.0516966522,
        "incomeTaxExpense": 79000000,
        "netIncome": 148000000,
        "netIncomeRatio": 0.0337053063,
        "eps": 0.48,
        "epsdiluted": 0.48,
        "weightedAverageShsOut": 309000000,
        "weightedAverageShsOutDil": 309000000,
        "link": "https://www.sec.gov/Archives/edgar/data/1166126/000116612604000113/0001166126-04-000113-index.html",
        "finalLink": "https://www.sec.gov/Archives/edgar/data/1166126/000116612604000113/jcp10q3rdquarter.txt"
    },
    {
        "date": "2004-05-01",
        "symbol": "JCP",
        "reportedCurrency": "USD",
        "cik": "0001166126",
        "fillingDate": "2004-09-08",
        "acceptedDate": "2004-09-08 13:31:31",
        "calendarYear": "2004",
        "period": "Q2",
        "revenue": 3972000000,
        "costOfRevenue": 2438000000,
        "grossProfit": 1534000000,
        "grossProfitRatio": 0.386203424,
        "researchAndDevelopmentExpenses": 0,
        "generalAndAdministrativeExpenses": 1225000000,
        "sellingAndMarketingExpenses": 131000000,
        "sellingGeneralAndAdministrativeExpenses": 1356000000,
        "otherExpenses": 0,
        "operatingExpenses": 1356000000,
        "costAndExpenses": 3794000000,
        "interestIncome": 0,
        "interestExpense": -76000000,
        "depreciationAndAmortization": 87000000,
        "ebitda": 189000000,
        "ebitdaratio": 0.0475830816,
        "operatingIncome": 102000000,
        "operatingIncomeRatio": 0.0256797583,
        "totalOtherIncomeExpensesNet": 76000000,
        "incomeBeforeTax": 178000000,
        "incomeBeforeTaxRatio": 0.0448136959,
        "incomeTaxExpense": 61000000,
        "netIncome": 117000000,
        "netIncomeRatio": 0.0294561934,
        "eps": 0.38,
        "epsdiluted": 0.38,
        "weightedAverageShsOut": 305800000,
        "weightedAverageShsOutDil": 305800000,
        "link": "https://www.sec.gov/Archives/edgar/data/1166126/000116612604000081/0001166126-04-000081-index.html",
        "finalLink": "https://www.sec.gov/Archives/edgar/data/1166126/000116612604000081/penney10q9804.txt"
    },
    {
        "date": "2004-01-31",
        "symbol": "JCP",
        "reportedCurrency": "USD",
        "cik": "0001166126",
        "fillingDate": "2004-01-31",
        "acceptedDate": "2004-01-30 19:00:00",
        "calendarYear": "2003",
        "period": "Q4",
        "revenue": 6098000000,
        "costOfRevenue": 3910000000,
        "grossProfit": 2188000000,
        "grossProfitRatio": 0.358806166,
        "researchAndDevelopmentExpenses": 0,
        "generalAndAdministrativeExpenses": 1743000000,
        "sellingAndMarketingExpenses": 62000000,
        "sellingGeneralAndAdministrativeExpenses": 1805000000,
        "otherExpenses": 0,
        "operatingExpenses": 1805000000,
        "costAndExpenses": 5715000000,
        "interestIncome": 0,
        "interestExpense": -97000000,
        "depreciationAndAmortization": 95000000,
        "ebitda": -844000000,
        "ebitdaratio": -0.1384060348,
        "operatingIncome": -939000000,
        "operatingIncomeRatio": -0.1539849131,
        "totalOtherIncomeExpensesNet": 1322000000,
        "incomeBeforeTax": 383000000,
        "incomeBeforeTaxRatio": 0.0628074779,
        "incomeTaxExpense": 130000000,
        "netIncome": 253000000,
        "netIncomeRatio": 0.0414890128,
        "eps": 0.81,
        "epsdiluted": 0.81,
        "weightedAverageShsOut": 311100000,
        "weightedAverageShsOutDil": 311100000,
        "link": "",
        "finalLink": ""
    },
    {
        "date": "2003-10-25",
        "symbol": "JCP",
        "reportedCurrency": "USD",
        "cik": "0001166126",
        "fillingDate": "2003-12-08",
        "acceptedDate": "2003-12-08 16:47:05",
        "calendarYear": "2003",
        "period": "Q3",
        "revenue": 4332000000,
        "costOfRevenue": 2666000000,
        "grossProfit": 1666000000,
        "grossProfitRatio": 0.3845798707,
        "researchAndDevelopmentExpenses": 0,
        "generalAndAdministrativeExpenses": 1458000000,
        "sellingAndMarketingExpenses": 68000000,
        "sellingGeneralAndAdministrativeExpenses": 1526000000,
        "otherExpenses": 0,
        "operatingExpenses": 1526000000,
        "costAndExpenses": 4192000000,
        "interestIncome": 0,
        "interestExpense": -14000000,
        "depreciationAndAmortization": 92000000,
        "ebitda": 218000000,
        "ebitdaratio": 0.0503231764,
        "operatingIncome": 126000000,
        "operatingIncomeRatio": 0.0290858726,
        "totalOtherIncomeExpensesNet": 14000000,
        "incomeBeforeTax": 140000000,
        "incomeBeforeTaxRatio": 0.0323176362,
        "incomeTaxExpense": 46000000,
        "netIncome": 94000000,
        "netIncomeRatio": 0.0216989843,
        "eps": 0.32,
        "epsdiluted": 0.32,
        "weightedAverageShsOut": 298000000,
        "weightedAverageShsOutDil": 298000000,
        "link": "https://www.sec.gov/Archives/edgar/data/1166126/000116612603000029/0001166126-03-000029-index.html",
        "finalLink": "https://www.sec.gov/Archives/edgar/data/1166126/000116612603000029/jcpcompany10q3rd.txt"
    },
    {
        "date": "2003-07-26",
        "symbol": "JCP",
        "reportedCurrency": "USD",
        "cik": "0001166126",
        "fillingDate": "2003-09-08",
        "acceptedDate": "2003-09-08 13:38:30",
        "calendarYear": "2003",
        "period": "Q2",
        "revenue": 3645000000,
        "costOfRevenue": 2335000000,
        "grossProfit": 1310000000,
        "grossProfitRatio": 0.3593964335,
        "researchAndDevelopmentExpenses": 0,
        "generalAndAdministrativeExpenses": 1257000000,
        "sellingAndMarketingExpenses": 58000000,
        "sellingGeneralAndAdministrativeExpenses": 1315000000,
        "otherExpenses": 0,
        "operatingExpenses": 1315000000,
        "costAndExpenses": 3650000000,
        "interestIncome": 0,
        "interestExpense": -4000000,
        "depreciationAndAmortization": 98000000,
        "ebitda": 93000000,
        "ebitdaratio": 0.0255144033,
        "operatingIncome": -5000000,
        "operatingIncomeRatio": -0.0013717421,
        "totalOtherIncomeExpensesNet": 0,
        "incomeBeforeTax": -5000000,
        "incomeBeforeTaxRatio": -0.0013717421,
        "incomeTaxExpense": -2000000,
        "netIncome": -3000000,
        "netIncomeRatio": -0.0008230453,
        "eps": -0.011,
        "epsdiluted": -0.011,
        "weightedAverageShsOut": 271500000,
        "weightedAverageShsOutDil": 271500000,
        "link": "https://www.sec.gov/Archives/edgar/data/1166126/000116612603000017/0001166126-03-000017-index.html",
        "finalLink": "https://www.sec.gov/Archives/edgar/data/1166126/000116612603000017/jcpenneyco10q2nd03.txt"
    },
    {
        "date": "2003-04-26",
        "symbol": "JCP",
        "reportedCurrency": "USD",
        "cik": "0001166126",
        "fillingDate": "2003-06-10",
        "acceptedDate": "2003-06-10 11:07:07",
        "calendarYear": "2003",
        "period": "Q1",
        "revenue": 3711000000,
        "costOfRevenue": 2255000000,
        "grossProfit": 1456000000,
        "grossProfitRatio": 0.3923470763,
        "researchAndDevelopmentExpenses": 0,
        "generalAndAdministrativeExpenses": 1372000000,
        "sellingAndMarketingExpenses": 56000000,
        "sellingGeneralAndAdministrativeExpenses": 1428000000,
        "otherExpenses": 0,
        "operatingExpenses": 1428000000,
        "costAndExpenses": 3683000000,
        "interestIncome": 0,
        "interestExpense": 41000000,
        "depreciationAndAmortization": 101000000,
        "ebitda": 170000000,
        "ebitdaratio": 0.0458097548,
        "operatingIncome": 69000000,
        "operatingIncomeRatio": 0.0185933711,
        "totalOtherIncomeExpensesNet": -41000000,
        "incomeBeforeTax": 28000000,
        "incomeBeforeTaxRatio": 0.0075451361,
        "incomeTaxExpense": 8000000,
        "netIncome": 20000000,
        "netIncomeRatio": 0.0053893829,
        "eps": 0.0733,
        "epsdiluted": 0.0733,
        "weightedAverageShsOut": 272700000,
        "weightedAverageShsOutDil": 272700000,
        "link": "https://www.sec.gov/Archives/edgar/data/1166126/000116612603000013/0001166126-03-000013-index.html",
        "finalLink": "https://www.sec.gov/Archives/edgar/data/1166126/000116612603000013/jcpcompany10q1st.txt"
    },
    {
        "date": "2003-01-25",
        "symbol": "JCP",
        "reportedCurrency": "USD",
        "cik": "0001166126",
        "fillingDate": "2003-04-10",
        "acceptedDate": "2003-04-10 11:16:32",
        "calendarYear": "2002",
        "period": "Q4",
        "revenue": 9549000000,
        "costOfRevenue": 6665000000,
        "grossProfit": 2884000000,
        "grossProfitRatio": 0.302021154,
        "researchAndDevelopmentExpenses": 0,
        "generalAndAdministrativeExpenses": 2378000000,
        "sellingAndMarketingExpenses": 188000000,
        "sellingGeneralAndAdministrativeExpenses": 2566000000,
        "otherExpenses": 0,
        "operatingExpenses": 2566000000,
        "costAndExpenses": 9231000000,
        "interestIncome": 0,
        "interestExpense": 0,
        "depreciationAndAmortization": 95000000,
        "ebitda": 413000000,
        "ebitdaratio": 0.0432506022,
        "operatingIncome": 318000000,
        "operatingIncomeRatio": 0.0333019164,
        "totalOtherIncomeExpensesNet": 0,
        "incomeBeforeTax": 318000000,
        "incomeBeforeTaxRatio": 0.0333019164,
        "incomeTaxExpense": 116000000,
        "netIncome": 202000000,
        "netIncomeRatio": 0.0211540475,
        "eps": 0.67,
        "epsdiluted": 0.67,
        "weightedAverageShsOut": 303000000,
        "weightedAverageShsOutDil": 303000000,
        "link": "https://www.sec.gov/Archives/edgar/data/1166126/000095013403005593/0000950134-03-005593-index.html",
        "finalLink": "https://www.sec.gov/Archives/edgar/data/1166126/000095013403005593/d04357e10vk.htm"
    },
    {
        "date": "2002-10-26",
        "symbol": "JCP",
        "reportedCurrency": "USD",
        "cik": "0001166126",
        "fillingDate": "2002-12-06",
        "acceptedDate": "2002-12-06 09:57:56",
        "calendarYear": "2002",
        "period": "Q3",
        "revenue": 7872000000,
        "costOfRevenue": 5470000000,
        "grossProfit": 2402000000,
        "grossProfitRatio": 0.3051321138,
        "researchAndDevelopmentExpenses": 0,
        "generalAndAdministrativeExpenses": 2153000000,
        "sellingAndMarketingExpenses": 109000000,
        "sellingGeneralAndAdministrativeExpenses": 2262000000,
        "otherExpenses": 0,
        "operatingExpenses": 2262000000,
        "costAndExpenses": 7732000000,
        "interestIncome": 0,
        "interestExpense": 34000000,
        "depreciationAndAmortization": 89000000,
        "ebitda": 263000000,
        "ebitdaratio": 0.0334095528,
        "operatingIncome": 174000000,
        "operatingIncomeRatio": 0.0221036585,
        "totalOtherIncomeExpensesNet": -34000000,
        "incomeBeforeTax": 140000000,
        "incomeBeforeTaxRatio": 0.0177845528,
        "incomeTaxExpense": 51000000,
        "netIncome": 89000000,
        "netIncomeRatio": 0.0113058943,
        "eps": 0.3,
        "epsdiluted": 0.3,
        "weightedAverageShsOut": 292000000,
        "weightedAverageShsOutDil": 292000000,
        "link": "https://www.sec.gov/Archives/edgar/data/1166126/000116612602000076/0001166126-02-000076-index.html",
        "finalLink": "https://www.sec.gov/Archives/edgar/data/1166126/000116612602000076/jcpcompany3rdq10q.txt"
    },
    {
        "date": "2002-07-27",
        "symbol": "JCP",
        "reportedCurrency": "USD",
        "cik": "0001166126",
        "fillingDate": "2002-09-06",
        "acceptedDate": "2002-09-06 13:12:28",
        "calendarYear": "2002",
        "period": "Q2",
        "revenue": 7198000000,
        "costOfRevenue": 5063000000,
        "grossProfit": 2135000000,
        "grossProfitRatio": 0.2966101695,
        "researchAndDevelopmentExpenses": 0,
        "generalAndAdministrativeExpenses": 2040000000,
        "sellingAndMarketingExpenses": 104000000,
        "sellingGeneralAndAdministrativeExpenses": 2144000000,
        "otherExpenses": 0,
        "operatingExpenses": 2144000000,
        "costAndExpenses": 7207000000,
        "interestIncome": 0,
        "interestExpense": 0,
        "depreciationAndAmortization": 94000000,
        "ebitda": 85000000,
        "ebitdaratio": 0.0118088358,
        "operatingIncome": -9000000,
        "operatingIncomeRatio": -0.0012503473,
        "totalOtherIncomeExpensesNet": 0,
        "incomeBeforeTax": -9000000,
        "incomeBeforeTaxRatio": -0.0012503473,
        "incomeTaxExpense": -3000000,
        "netIncome": -6000000,
        "netIncomeRatio": -0.0008335649,
        "eps": -0.0224,
        "epsdiluted": -0.0224,
        "weightedAverageShsOut": 268000000,
        "weightedAverageShsOutDil": 268000000,
        "link": "https://www.sec.gov/Archives/edgar/data/1166126/000116612602000048/0001166126-02-000048-index.html",
        "finalLink": "https://www.sec.gov/Archives/edgar/data/1166126/000116612602000048/jcpcompany10q2ndq.txt"
    },
    {
        "date": "2002-04-27",
        "symbol": "JCP",
        "reportedCurrency": "USD",
        "cik": "0001166126",
        "fillingDate": "2002-06-11",
        "acceptedDate": "2002-06-11 13:11:33",
        "calendarYear": "2002",
        "period": "Q1",
        "revenue": 7728000000,
        "costOfRevenue": 5360000000,
        "grossProfit": 2368000000,
        "grossProfitRatio": 0.3064182195,
        "researchAndDevelopmentExpenses": 0,
        "generalAndAdministrativeExpenses": 2097000000,
        "sellingAndMarketingExpenses": 136000000,
        "sellingGeneralAndAdministrativeExpenses": 2233000000,
        "otherExpenses": 0,
        "operatingExpenses": 2233000000,
        "costAndExpenses": 7593000000,
        "interestIncome": 0,
        "interestExpense": 0,
        "depreciationAndAmortization": 91000000,
        "ebitda": 226000000,
        "ebitdaratio": 0.0292443064,
        "operatingIncome": 135000000,
        "operatingIncomeRatio": 0.0174689441,
        "totalOtherIncomeExpensesNet": 0,
        "incomeBeforeTax": 135000000,
        "incomeBeforeTaxRatio": 0.0174689441,
        "incomeTaxExpense": 49000000,
        "netIncome": 86000000,
        "netIncomeRatio": 0.0111283644,
        "eps": 0.29,
        "epsdiluted": 0.29,
        "weightedAverageShsOut": 292000000,
        "weightedAverageShsOutDil": 292000000,
        "link": "https://www.sec.gov/Archives/edgar/data/1166126/000116612602000015/0001166126-02-000015-index.html",
        "finalLink": "https://www.sec.gov/Archives/edgar/data/1166126/000116612602000015/jcpenneycompany10q.txt"
    }
]