[
    {
        "date": "2025-08-31",
        "symbol": "JEF",
        "reportedCurrency": "USD",
        "cik": "0000096223",
        "fillingDate": "2025-10-09",
        "acceptedDate": "2025-10-09 16:20:55",
        "calendarYear": "2025",
        "period": "Q3",
        "revenue": 2907674000,
        "costOfRevenue": 1154299000,
        "grossProfit": 1753375000,
        "grossProfitRatio": 0.6030163629,
        "researchAndDevelopmentExpenses": 144582000,
        "generalAndAdministrativeExpenses": 484280000,
        "sellingAndMarketingExpenses": 0,
        "sellingGeneralAndAdministrativeExpenses": 484280000,
        "otherExpenses": 882009000,
        "operatingExpenses": 1510871000,
        "costAndExpenses": 2665170000,
        "interestIncome": 0,
        "interestExpense": 860242000,
        "depreciationAndAmortization": 53230000,
        "ebitda": 385045000,
        "ebitdaratio": 0.1324237174,
        "operatingIncome": 242504000,
        "operatingIncomeRatio": 0.0834013717,
        "totalOtherIncomeExpensesNet": 89311000,
        "incomeBeforeTax": 331815000,
        "incomeBeforeTaxRatio": 0.1141169884,
        "incomeTaxExpense": 89311000,
        "netIncome": 252545000,
        "netIncomeRatio": 0.0868546474,
        "eps": 1.04,
        "epsdiluted": 1.01,
        "weightedAverageShsOut": 215293000,
        "weightedAverageShsOutDil": 222715000,
        "link": "https://www.sec.gov/Archives/edgar/data/96223/000009622325000014/0000096223-25-000014-index.htm",
        "finalLink": "https://www.sec.gov/Archives/edgar/data/96223/000009622325000014/jef-20250831.htm"
    },
    {
        "date": "2025-05-31",
        "symbol": "JEF",
        "reportedCurrency": "USD",
        "cik": "0000096223",
        "fillingDate": "2025-07-09",
        "acceptedDate": "2025-07-09 16:12:32",
        "calendarYear": "2025",
        "period": "Q2",
        "revenue": 2494315000,
        "costOfRevenue": 975568000,
        "grossProfit": 1518747000,
        "grossProfitRatio": 0.6088834009,
        "researchAndDevelopmentExpenses": 72291000,
        "generalAndAdministrativeExpenses": 242140000,
        "sellingAndMarketingExpenses": 0,
        "sellingGeneralAndAdministrativeExpenses": 242140000,
        "otherExpenses": 1112921000,
        "operatingExpenses": 1427352000,
        "costAndExpenses": 2402920000,
        "interestIncome": 0,
        "interestExpense": 859868000,
        "depreciationAndAmortization": 52253000,
        "ebitda": 187154000,
        "ebitdaratio": 0.0750322233,
        "operatingIncome": 91395000,
        "operatingIncomeRatio": 0.0366413224,
        "totalOtherIncomeExpensesNet": 43506000,
        "incomeBeforeTax": 134901000,
        "incomeBeforeTaxRatio": 0.0540833856,
        "incomeTaxExpense": 43506000,
        "netIncome": 99063000,
        "netIncomeRatio": 0.0397155131,
        "eps": 0.41,
        "epsdiluted": 0.4,
        "weightedAverageShsOut": 215097000,
        "weightedAverageShsOutDil": 221897000,
        "link": "https://www.sec.gov/Archives/edgar/data/96223/000009622325000007/0000096223-25-000007-index.htm",
        "finalLink": "https://www.sec.gov/Archives/edgar/data/96223/000009622325000007/jef-20250531.htm"
    },
    {
        "date": "2025-02-28",
        "symbol": "JEF",
        "reportedCurrency": "USD",
        "cik": "0000096223",
        "fillingDate": "2025-04-09",
        "acceptedDate": "2025-04-09 16:19:43",
        "calendarYear": "2025",
        "period": "Q1",
        "revenue": 2472864000,
        "costOfRevenue": 992131000,
        "grossProfit": 1480733000,
        "grossProfitRatio": 0.5987927359,
        "researchAndDevelopmentExpenses": 72291000,
        "generalAndAdministrativeExpenses": 242140000,
        "sellingAndMarketingExpenses": 0,
        "sellingGeneralAndAdministrativeExpenses": 242140000,
        "otherExpenses": 48834000,
        "operatingExpenses": 363265000,
        "costAndExpenses": 2336015000,
        "interestIncome": 0,
        "interestExpense": 879845000,
        "depreciationAndAmortization": 32995000,
        "ebitda": 1063905000,
        "ebitdaratio": 0.4302319092,
        "operatingIncome": 136849000,
        "operatingIncomeRatio": 0.0553402856,
        "totalOtherIncomeExpensesNet": 14216000,
        "incomeBeforeTax": 151065000,
        "incomeBeforeTaxRatio": 0.0610890854,
        "incomeTaxExpense": 14216000,
        "netIncome": 127793000,
        "netIncomeRatio": 0.0516781352,
        "eps": 0.6,
        "epsdiluted": 0.57,
        "weightedAverageShsOut": 214536000,
        "weightedAverageShsOutDil": 222448000,
        "link": "https://www.sec.gov/Archives/edgar/data/96223/000162828025017192/0001628280-25-017192-index.htm",
        "finalLink": "https://www.sec.gov/Archives/edgar/data/96223/000162828025017192/jef-20250228.htm"
    },
    {
        "date": "2024-11-30",
        "symbol": "JEF",
        "reportedCurrency": "USD",
        "cik": "0000096223",
        "fillingDate": "2025-01-28",
        "acceptedDate": "2025-01-28 17:10:56",
        "calendarYear": "2024",
        "period": "Q4",
        "revenue": 2851242000,
        "costOfRevenue": 1983267000,
        "grossProfit": 867975000,
        "grossProfitRatio": 0.3044199686,
        "researchAndDevelopmentExpenses": 126281000,
        "generalAndAdministrativeExpenses": 246242000,
        "sellingAndMarketingExpenses": 0,
        "sellingGeneralAndAdministrativeExpenses": 246242000,
        "otherExpenses": 31385000,
        "operatingExpenses": 403908000,
        "costAndExpenses": 1593680000,
        "interestIncome": 0,
        "interestExpense": 894639000,
        "depreciationAndAmortization": 56266000,
        "ebitda": 1255768000,
        "ebitdaratio": 0.4404284168,
        "operatingIncome": -2524859000,
        "operatingIncomeRatio": -0.8855295341,
        "totalOtherIncomeExpensesNet": 2829722000,
        "incomeBeforeTax": 304863000,
        "incomeBeforeTaxRatio": 0.1069228778,
        "incomeTaxExpense": 86117000,
        "netIncome": 232163000,
        "netIncomeRatio": 0.0814252175,
        "eps": 0.96,
        "epsdiluted": 0.93,
        "weightedAverageShsOut": 213747000,
        "weightedAverageShsOutDil": 223650000,
        "link": "https://www.sec.gov/Archives/edgar/data/96223/000162828025002833/0001628280-25-002833-index.htm",
        "finalLink": "https://www.sec.gov/Archives/edgar/data/96223/000162828025002833/jef-20241130.htm"
    },
    {
        "date": "2024-08-31",
        "symbol": "JEF",
        "reportedCurrency": "USD",
        "cik": "0000096223",
        "fillingDate": "2024-10-09",
        "acceptedDate": "2024-10-09 16:30:45",
        "calendarYear": "2024",
        "period": "Q3",
        "revenue": 2595589000,
        "costOfRevenue": 1027617000,
        "grossProfit": 1567972000,
        "grossProfitRatio": 0.6040910175,
        "researchAndDevelopmentExpenses": 68152000,
        "generalAndAdministrativeExpenses": 231661000,
        "sellingAndMarketingExpenses": 0,
        "sellingGeneralAndAdministrativeExpenses": 231661000,
        "otherExpenses": 59994000,
        "operatingExpenses": 359807000,
        "costAndExpenses": 2420913000,
        "interestIncome": 0,
        "interestExpense": 912037000,
        "depreciationAndAmortization": 45977000,
        "ebitda": 1193398000,
        "ebitdaratio": 0.459779264,
        "operatingIncome": 174676000,
        "operatingIncomeRatio": 0.0672972493,
        "totalOtherIncomeExpensesNet": 78011000,
        "incomeBeforeTax": 252687000,
        "incomeBeforeTaxRatio": 0.0973524699,
        "incomeTaxExpense": 78011000,
        "netIncome": 187913000,
        "netIncomeRatio": 0.0723970552,
        "eps": 0.78,
        "epsdiluted": 0.75,
        "weightedAverageShsOut": 214452000,
        "weightedAverageShsOutDil": 221699000,
        "link": "https://www.sec.gov/Archives/edgar/data/96223/000162828024042612/0001628280-24-042612-index.htm",
        "finalLink": "https://www.sec.gov/Archives/edgar/data/96223/000162828024042612/jef-20240831.htm"
    },
    {
        "date": "2024-05-31",
        "symbol": "JEF",
        "reportedCurrency": "USD",
        "cik": "0000096223",
        "fillingDate": "2024-07-09",
        "acceptedDate": "2024-07-09 16:16:48",
        "calendarYear": "2024",
        "period": "Q2",
        "revenue": 2246282000,
        "costOfRevenue": 1009991000,
        "grossProfit": 1102452000,
        "grossProfitRatio": 0.4907896693,
        "researchAndDevelopmentExpenses": 68630000,
        "generalAndAdministrativeExpenses": 240058000,
        "sellingAndMarketingExpenses": 0,
        "sellingGeneralAndAdministrativeExpenses": 240058000,
        "otherExpenses": 68498000,
        "operatingExpenses": 377186000,
        "costAndExpenses": 1387177000,
        "interestIncome": 0,
        "interestExpense": 859851000,
        "depreciationAndAmortization": 49946000,
        "ebitda": 1121580000,
        "ebitdaratio": 0.4993050739,
        "operatingIncome": 1071634000,
        "operatingIncomeRatio": 0.4770701096,
        "totalOtherIncomeExpensesNet": 0,
        "incomeBeforeTax": 227754000,
        "incomeBeforeTaxRatio": 0.1013915439,
        "incomeTaxExpense": 73107000,
        "netIncome": 159477000,
        "netIncomeRatio": 0.0709959836,
        "eps": 0.66,
        "epsdiluted": 0.64,
        "weightedAverageShsOut": 219971000,
        "weightedAverageShsOutDil": 226146000,
        "link": "https://www.sec.gov/Archives/edgar/data/96223/000009622324000024/0000096223-24-000024-index.htm",
        "finalLink": "https://www.sec.gov/Archives/edgar/data/96223/000009622324000024/jef-20240531.htm"
    },
    {
        "date": "2024-02-29",
        "symbol": "JEF",
        "reportedCurrency": "USD",
        "cik": "0000096223",
        "fillingDate": "2024-04-05",
        "acceptedDate": "2024-04-05 16:22:26",
        "calendarYear": "2024",
        "period": "Q1",
        "revenue": 2551942000,
        "costOfRevenue": 1998546000,
        "grossProfit": 553396000,
        "grossProfitRatio": 0.2168528909,
        "researchAndDevelopmentExpenses": 57651000,
        "generalAndAdministrativeExpenses": 243509000,
        "sellingAndMarketingExpenses": 0,
        "sellingGeneralAndAdministrativeExpenses": 243509000,
        "otherExpenses": 789359000,
        "operatingExpenses": 1090519000,
        "costAndExpenses": 1434058000,
        "interestIncome": 0,
        "interestExpense": 813739000,
        "depreciationAndAmortization": 44199000,
        "ebitda": 1062541000,
        "ebitdaratio": 0.4163656541,
        "operatingIncome": 1018156000,
        "operatingIncomeRatio": 0.3989730174,
        "totalOtherIncomeExpensesNet": -797914000,
        "incomeBeforeTax": 220242000,
        "incomeBeforeTaxRatio": 0.0863036856,
        "incomeTaxExpense": 55959000,
        "netIncome": 163830000,
        "netIncomeRatio": 0.0641981675,
        "eps": 0.68,
        "epsdiluted": 0.66,
        "weightedAverageShsOut": 220046000,
        "weightedAverageShsOutDil": 225291000,
        "link": "https://www.sec.gov/Archives/edgar/data/96223/000009622324000015/0000096223-24-000015-index.htm",
        "finalLink": "https://www.sec.gov/Archives/edgar/data/96223/000009622324000015/jef-20240229.htm"
    },
    {
        "date": "2023-11-30",
        "symbol": "JEF",
        "reportedCurrency": "USD",
        "cik": "0000096223",
        "fillingDate": "2024-01-26",
        "acceptedDate": "2024-01-26 16:44:19",
        "calendarYear": "2023",
        "period": "Q4",
        "revenue": 1925272000,
        "costOfRevenue": 733984000,
        "grossProfit": 1234754000,
        "grossProfitRatio": 0.6413400288,
        "researchAndDevelopmentExpenses": 0,
        "generalAndAdministrativeExpenses": 219633000,
        "sellingAndMarketingExpenses": 0,
        "sellingGeneralAndAdministrativeExpenses": 219633000,
        "otherExpenses": 103789000,
        "operatingExpenses": 323422000,
        "costAndExpenses": 1079649000,
        "interestIncome": 0,
        "interestExpense": 771532000,
        "depreciationAndAmortization": 28582000,
        "ebitda": 872933000,
        "ebitdaratio": 0.4534076224,
        "operatingIncome": 1380393000,
        "operatingIncomeRatio": 0.7169859635,
        "totalOtherIncomeExpensesNet": -1293132000,
        "incomeBeforeTax": 87261000,
        "incomeBeforeTaxRatio": 0.0453239854,
        "incomeTaxExpense": 16828000,
        "netIncome": 71939000,
        "netIncomeRatio": 0.0373656294,
        "eps": 0.29,
        "epsdiluted": 0.29,
        "weightedAverageShsOut": 220441000,
        "weightedAverageShsOutDil": 224584000,
        "link": "https://www.sec.gov/Archives/edgar/data/96223/000009622324000006/0000096223-24-000006-index.htm",
        "finalLink": "https://www.sec.gov/Archives/edgar/data/96223/000009622324000006/jef-20231130.htm"
    },
    {
        "date": "2023-08-31",
        "symbol": "JEF",
        "reportedCurrency": "USD",
        "cik": "0000096223",
        "fillingDate": "2023-10-06",
        "acceptedDate": "2023-10-06 16:16:36",
        "calendarYear": "2023",
        "period": "Q3",
        "revenue": 1283492000,
        "costOfRevenue": 785700000,
        "grossProfit": 497792000,
        "grossProfitRatio": 0.3878419188,
        "researchAndDevelopmentExpenses": 41467000,
        "generalAndAdministrativeExpenses": 215187000,
        "sellingAndMarketingExpenses": 0,
        "sellingGeneralAndAdministrativeExpenses": 215187000,
        "otherExpenses": 29544000,
        "operatingExpenses": 286198000,
        "costAndExpenses": 1071898000,
        "interestIncome": 0,
        "interestExpense": 858806000,
        "depreciationAndAmortization": 25440000,
        "ebitda": 972637000,
        "ebitdaratio": 0.7578052688,
        "operatingIncome": 905639000,
        "operatingIncomeRatio": 0.7056054888,
        "totalOtherIncomeExpensesNet": -120523000,
        "incomeBeforeTax": 91071000,
        "incomeBeforeTaxRatio": 0.0709556429,
        "incomeTaxExpense": 37124000,
        "netIncome": 57719000,
        "netIncomeRatio": 0.0449702842,
        "eps": 0.22,
        "epsdiluted": 0.22,
        "weightedAverageShsOut": 228353000,
        "weightedAverageShsOutDil": 232041000,
        "link": "https://www.sec.gov/Archives/edgar/data/96223/000009622323000033/0000096223-23-000033-index.htm",
        "finalLink": "https://www.sec.gov/Archives/edgar/data/96223/000009622323000033/jef-20230831.htm"
    },
    {
        "date": "2023-05-31",
        "symbol": "JEF",
        "reportedCurrency": "USD",
        "cik": "0000096223",
        "fillingDate": "2023-07-07",
        "acceptedDate": "2023-07-07 16:21:44",
        "calendarYear": "2023",
        "period": "Q2",
        "revenue": 1651182000,
        "costOfRevenue": 790075000,
        "grossProfit": 861107000,
        "grossProfitRatio": 0.5215094399,
        "researchAndDevelopmentExpenses": 0,
        "generalAndAdministrativeExpenses": 211845000,
        "sellingAndMarketingExpenses": 0,
        "sellingGeneralAndAdministrativeExpenses": 211845000,
        "otherExpenses": 0,
        "operatingExpenses": 17268000,
        "costAndExpenses": 1225931000,
        "interestIncome": 0,
        "interestExpense": 613572000,
        "depreciationAndAmortization": 25866000,
        "ebitda": 660512000,
        "ebitdaratio": 0.4000237406,
        "operatingIncome": 682449000,
        "operatingIncomeRatio": 0.4133093747,
        "totalOtherIncomeExpensesNet": -664530000,
        "incomeBeforeTax": 17919000,
        "incomeBeforeTaxRatio": 0.0108522259,
        "incomeTaxExpense": 9235000,
        "netIncome": 12395000,
        "netIncomeRatio": 0.0075067437,
        "eps": 0.05,
        "epsdiluted": 0.05,
        "weightedAverageShsOut": 242568000,
        "weightedAverageShsOutDil": 245413000,
        "link": "https://www.sec.gov/Archives/edgar/data/96223/000009622323000026/0000096223-23-000026-index.htm",
        "finalLink": "https://www.sec.gov/Archives/edgar/data/96223/000009622323000026/jef-20230531.htm"
    },
    {
        "date": "2023-02-28",
        "symbol": "JEF",
        "reportedCurrency": "USD",
        "cik": "0000096223",
        "fillingDate": "2023-04-10",
        "acceptedDate": "2023-04-10 16:57:22",
        "calendarYear": "2023",
        "period": "Q1",
        "revenue": 1780564000,
        "costOfRevenue": 908087000,
        "grossProfit": 872477000,
        "grossProfitRatio": 0.4900003594,
        "researchAndDevelopmentExpenses": 0,
        "generalAndAdministrativeExpenses": 202861000,
        "sellingAndMarketingExpenses": 0,
        "sellingGeneralAndAdministrativeExpenses": 202861000,
        "otherExpenses": 0,
        "operatingExpenses": 829372000,
        "costAndExpenses": 1071898000,
        "interestIncome": 0,
        "interestExpense": 497072000,
        "depreciationAndAmortization": 33585000,
        "ebitda": 692677000,
        "ebitdaratio": 0.3890211192,
        "operatingIncome": 708666000,
        "operatingIncomeRatio": 0.3980008582,
        "totalOtherIncomeExpensesNet": -550648000,
        "incomeBeforeTax": 158018000,
        "incomeBeforeTaxRatio": 0.0887460378,
        "incomeTaxExpense": 28694000,
        "netIncome": 135635000,
        "netIncomeRatio": 0.0761753018,
        "eps": 0.56,
        "epsdiluted": 0.54,
        "weightedAverageShsOut": 239101000,
        "weightedAverageShsOutDil": 248095000,
        "link": "https://www.sec.gov/Archives/edgar/data/96223/000009622323000017/0000096223-23-000017-index.htm",
        "finalLink": "https://www.sec.gov/Archives/edgar/data/96223/000009622323000017/jef-20230228.htm"
    },
    {
        "date": "2022-11-30",
        "symbol": "JEF",
        "reportedCurrency": "USD",
        "cik": "0000096223",
        "fillingDate": "2023-01-27",
        "acceptedDate": "2023-01-27 16:59:59",
        "calendarYear": "2022",
        "period": "Q4",
        "revenue": 1751389000,
        "costOfRevenue": 810225000,
        "grossProfit": 941164000,
        "grossProfitRatio": 0.5373814726,
        "researchAndDevelopmentExpenses": 0,
        "generalAndAdministrativeExpenses": 0,
        "sellingAndMarketingExpenses": 0,
        "sellingGeneralAndAdministrativeExpenses": -218770000,
        "otherExpenses": 236038000,
        "operatingExpenses": 941164000,
        "costAndExpenses": 1225931000,
        "interestIncome": 0,
        "interestExpense": 398438000,
        "depreciationAndAmortization": 56262000,
        "ebitda": 649539000,
        "ebitdaratio": 0.3708707774,
        "operatingIncome": 636888000,
        "operatingIncomeRatio": 0.3636473679,
        "totalOtherIncomeExpensesNet": -442049000,
        "incomeBeforeTax": 194839000,
        "incomeBeforeTaxRatio": 0.1112482721,
        "incomeTaxExpense": 53903000,
        "netIncome": 142318000,
        "netIncomeRatio": 0.0812600741,
        "eps": 0.58,
        "epsdiluted": 0.57,
        "weightedAverageShsOut": 254768016,
        "weightedAverageShsOutDil": 248338000,
        "link": "https://www.sec.gov/Archives/edgar/data/96223/000009622323000009/0000096223-23-000009-index.htm",
        "finalLink": "https://www.sec.gov/Archives/edgar/data/96223/000009622323000009/jef-20221130.htm"
    },
    {
        "date": "2022-08-31",
        "symbol": "JEF",
        "reportedCurrency": "USD",
        "cik": "0000096223",
        "fillingDate": "2022-10-07",
        "acceptedDate": "2022-10-07 16:28:59",
        "calendarYear": "2022",
        "period": "Q3",
        "revenue": 1524890000,
        "costOfRevenue": 776804000,
        "grossProfit": 748086000,
        "grossProfitRatio": 0.4905835831,
        "researchAndDevelopmentExpenses": 0,
        "generalAndAdministrativeExpenses": 199396000,
        "sellingAndMarketingExpenses": 198826000,
        "sellingGeneralAndAdministrativeExpenses": 398222000,
        "otherExpenses": 0,
        "operatingExpenses": 441409000,
        "costAndExpenses": 1218213000,
        "interestIncome": 0,
        "interestExpense": 322257000,
        "depreciationAndAmortization": 43187000,
        "ebitda": 656592000,
        "ebitdaratio": 0.4305831896,
        "operatingIncome": 773809000,
        "operatingIncomeRatio": 0.5074523408,
        "totalOtherIncomeExpensesNet": -471959000,
        "incomeBeforeTax": 301850000,
        "incomeBeforeTaxRatio": 0.1979487045,
        "incomeTaxExpense": 105909000,
        "netIncome": 197529000,
        "netIncomeRatio": 0.1295365567,
        "eps": 0.81,
        "epsdiluted": 0.78,
        "weightedAverageShsOut": 243853000,
        "weightedAverageShsOutDil": 251239000,
        "link": "https://www.sec.gov/Archives/edgar/data/96223/000009622322000044/0000096223-22-000044-index.htm",
        "finalLink": "https://www.sec.gov/Archives/edgar/data/96223/000009622322000044/jef-20220831.htm"
    },
    {
        "date": "2022-05-31",
        "symbol": "JEF",
        "reportedCurrency": "USD",
        "cik": "0000096223",
        "fillingDate": "2022-07-08",
        "acceptedDate": "2022-07-08 16:23:34",
        "calendarYear": "2022",
        "period": "Q2",
        "revenue": 1338070000,
        "costOfRevenue": 812253000,
        "grossProfit": 525817000,
        "grossProfitRatio": 0.3929667357,
        "researchAndDevelopmentExpenses": 0,
        "generalAndAdministrativeExpenses": 192906000,
        "sellingAndMarketingExpenses": 0,
        "sellingGeneralAndAdministrativeExpenses": 192906000,
        "otherExpenses": 0,
        "operatingExpenses": 792403000,
        "costAndExpenses": 1596446000,
        "interestIncome": 0,
        "interestExpense": 258376000,
        "depreciationAndAmortization": 40307000,
        "ebitda": 453069000,
        "ebitdaratio": 0.3385988775,
        "operatingIncome": 501304000,
        "operatingIncomeRatio": 0.3746470663,
        "totalOtherIncomeExpensesNet": -334763000,
        "incomeBeforeTax": 166541000,
        "incomeBeforeTaxRatio": 0.1244635931,
        "incomeTaxExpense": 49683000,
        "netIncome": 116085000,
        "netIncomeRatio": 0.0867555509,
        "eps": 0.46,
        "epsdiluted": 0.46,
        "weightedAverageShsOut": 249142000,
        "weightedAverageShsOutDil": 251979000,
        "link": "https://www.sec.gov/Archives/edgar/data/96223/000009622322000031/0000096223-22-000031-index.htm",
        "finalLink": "https://www.sec.gov/Archives/edgar/data/96223/000009622322000031/jef-20220531.htm"
    },
    {
        "date": "2022-02-28",
        "symbol": "JEF",
        "reportedCurrency": "USD",
        "cik": "0000096223",
        "fillingDate": "2022-04-08",
        "acceptedDate": "2022-04-08 16:26:44",
        "calendarYear": "2022",
        "period": "Q1",
        "revenue": 1800704000,
        "costOfRevenue": 970384000,
        "grossProfit": 830320000,
        "grossProfitRatio": 0.4611085442,
        "researchAndDevelopmentExpenses": 0,
        "generalAndAdministrativeExpenses": 186723000,
        "sellingAndMarketingExpenses": 0,
        "sellingGeneralAndAdministrativeExpenses": 186723000,
        "otherExpenses": 0,
        "operatingExpenses": 942431000,
        "costAndExpenses": 1151870000,
        "interestIncome": 0,
        "interestExpense": 219973000,
        "depreciationAndAmortization": 45937000,
        "ebitda": 648626000,
        "ebitdaratio": 0.3602068969,
        "operatingIncome": 674771000,
        "operatingIncomeRatio": 0.3747262182,
        "totalOtherIncomeExpensesNet": -282439000,
        "incomeBeforeTax": 392332000,
        "incomeBeforeTaxRatio": 0.2178770081,
        "incomeTaxExpense": 64357000,
        "netIncome": 329517000,
        "netIncomeRatio": 0.1829934292,
        "eps": 1.26,
        "epsdiluted": 1.23,
        "weightedAverageShsOut": 257552000,
        "weightedAverageShsOutDil": 266571000,
        "link": "https://www.sec.gov/Archives/edgar/data/96223/000009622322000018/0000096223-22-000018-index.htm",
        "finalLink": "https://www.sec.gov/Archives/edgar/data/96223/000009622322000018/jef-20220228.htm"
    },
    {
        "date": "2021-11-30",
        "symbol": "JEF",
        "reportedCurrency": "USD",
        "cik": "0000096223",
        "fillingDate": "2022-01-28",
        "acceptedDate": "2022-01-28 16:40:50",
        "calendarYear": "2021",
        "period": "Q4",
        "revenue": 2029372000,
        "costOfRevenue": 921958000,
        "grossProfit": 1107414000,
        "grossProfitRatio": 0.5456929533,
        "researchAndDevelopmentExpenses": 0,
        "generalAndAdministrativeExpenses": 215761000,
        "sellingAndMarketingExpenses": 109772000,
        "sellingGeneralAndAdministrativeExpenses": 387688000,
        "otherExpenses": 0,
        "operatingExpenses": 1107414000,
        "costAndExpenses": 1350182000,
        "interestIncome": 0,
        "interestExpense": 220476000,
        "depreciationAndAmortization": 25212000,
        "ebitda": 686577000,
        "ebitdaratio": 0.3383199335,
        "operatingIncome": 679190000,
        "operatingIncomeRatio": 0.3346798911,
        "totalOtherIncomeExpensesNet": -253625000,
        "incomeBeforeTax": 425565000,
        "incomeBeforeTaxRatio": 0.2097028046,
        "incomeTaxExpense": 91973000,
        "netIncome": 326761000,
        "netIncomeRatio": 0.1610158216,
        "eps": 1.23,
        "epsdiluted": 1.2,
        "weightedAverageShsOut": 261637000,
        "weightedAverageShsOutDil": 270743000,
        "link": "https://www.sec.gov/Archives/edgar/data/96223/000009622322000006/0000096223-22-000006-index.htm",
        "finalLink": "https://www.sec.gov/Archives/edgar/data/96223/000009622322000006/jef-20211130.htm"
    },
    {
        "date": "2021-08-31",
        "symbol": "JEF",
        "reportedCurrency": "USD",
        "cik": "0000096223",
        "fillingDate": "2021-10-08",
        "acceptedDate": "2021-10-08 16:57:26",
        "calendarYear": "2021",
        "period": "Q3",
        "revenue": 2140594000,
        "costOfRevenue": 1042253000,
        "grossProfit": 1098341000,
        "grossProfitRatio": 0.5131010364,
        "researchAndDevelopmentExpenses": 0,
        "generalAndAdministrativeExpenses": 0,
        "sellingAndMarketingExpenses": 0,
        "sellingGeneralAndAdministrativeExpenses": 277262000,
        "otherExpenses": 0,
        "operatingExpenses": 1098341000,
        "costAndExpenses": 1358192000,
        "interestIncome": 0,
        "interestExpense": 201610000,
        "depreciationAndAmortization": 38677000,
        "ebitda": 793446000,
        "ebitdaratio": 0.370666273,
        "operatingIncome": 782402000,
        "operatingIncomeRatio": 0.3655069574,
        "totalOtherIncomeExpensesNet": -228786000,
        "incomeBeforeTax": 553616000,
        "incomeBeforeTaxRatio": 0.2586272782,
        "incomeTaxExpense": 145700000,
        "netIncome": 407459000,
        "netIncomeRatio": 0.1903485668,
        "eps": 1.54,
        "epsdiluted": 1.5,
        "weightedAverageShsOut": 263087000,
        "weightedAverageShsOutDil": 271405000,
        "link": "https://www.sec.gov/Archives/edgar/data/96223/000009622321000039/0000096223-21-000039-index.htm",
        "finalLink": "https://www.sec.gov/Archives/edgar/data/96223/000009622321000039/jef-20210831.htm"
    },
    {
        "date": "2021-05-31",
        "symbol": "JEF",
        "reportedCurrency": "USD",
        "cik": "0000096223",
        "fillingDate": "2021-07-09",
        "acceptedDate": "2021-07-09 16:32:36",
        "calendarYear": "2021",
        "period": "Q2",
        "revenue": 2166329000,
        "costOfRevenue": 1071842000,
        "grossProfit": 1094487000,
        "grossProfitRatio": 0.5052265838,
        "researchAndDevelopmentExpenses": 0,
        "generalAndAdministrativeExpenses": 0,
        "sellingAndMarketingExpenses": 0,
        "sellingGeneralAndAdministrativeExpenses": 341560000,
        "otherExpenses": 0,
        "operatingExpenses": 1094487000,
        "costAndExpenses": 1396647000,
        "interestIncome": 0,
        "interestExpense": 215822000,
        "depreciationAndAmortization": 39440000,
        "ebitda": 728678000,
        "ebitdaratio": 0.3363653443,
        "operatingIncome": 713487000,
        "operatingIncomeRatio": 0.3293530207,
        "totalOtherIncomeExpensesNet": -239348000,
        "incomeBeforeTax": 474139000,
        "incomeBeforeTaxRatio": 0.2188674943,
        "incomeTaxExpense": 120820000,
        "netIncome": 350970000,
        "netIncomeRatio": 0.1620114027,
        "eps": 1.33,
        "epsdiluted": 1.3,
        "weightedAverageShsOut": 270282758,
        "weightedAverageShsOutDil": 271092000,
        "link": "https://www.sec.gov/Archives/edgar/data/96223/000009622321000030/0000096223-21-000030-index.htm",
        "finalLink": "https://www.sec.gov/Archives/edgar/data/96223/000009622321000030/jef-20210531.htm"
    },
    {
        "date": "2021-02-28",
        "symbol": "JEF",
        "reportedCurrency": "USD",
        "cik": "0000096223",
        "fillingDate": "2021-04-08",
        "acceptedDate": "2021-04-08 16:33:09",
        "calendarYear": "2021",
        "period": "Q1",
        "revenue": 2703588000,
        "costOfRevenue": 1364885000,
        "grossProfit": 1338703000,
        "grossProfitRatio": 0.4951579161,
        "researchAndDevelopmentExpenses": 0,
        "generalAndAdministrativeExpenses": 0,
        "sellingAndMarketingExpenses": 0,
        "sellingGeneralAndAdministrativeExpenses": 271937000,
        "otherExpenses": 0,
        "operatingExpenses": 310704000,
        "costAndExpenses": 1754722000,
        "interestIncome": 0,
        "interestExpense": 216646000,
        "depreciationAndAmortization": 38767000,
        "ebitda": 1056084000,
        "ebitdaratio": 0.3906231275,
        "operatingIncome": 1027999000,
        "operatingIncomeRatio": 0.3802350802,
        "totalOtherIncomeExpensesNet": -227214000,
        "incomeBeforeTax": 800785000,
        "incomeBeforeTaxRatio": 0.2961934289,
        "incomeTaxExpense": 218236000,
        "netIncome": 584061000,
        "netIncomeRatio": 0.2160318066,
        "eps": 2.17,
        "epsdiluted": 2.13,
        "weightedAverageShsOut": 266386000,
        "weightedAverageShsOutDil": 272881000,
        "link": "https://www.sec.gov/Archives/edgar/data/96223/000009622321000020/0000096223-21-000020-index.htm",
        "finalLink": "https://www.sec.gov/Archives/edgar/data/96223/000009622321000020/jef-20210228.htm"
    },
    {
        "date": "2020-11-30",
        "symbol": "JEF",
        "reportedCurrency": "USD",
        "cik": "0000096223",
        "fillingDate": "2021-01-29",
        "acceptedDate": "2021-01-28 21:37:36",
        "calendarYear": "2020",
        "period": "Q4",
        "revenue": 2060636000,
        "costOfRevenue": 1099916000,
        "grossProfit": 960720000,
        "grossProfitRatio": 0.4662249907,
        "researchAndDevelopmentExpenses": 0,
        "generalAndAdministrativeExpenses": 0,
        "sellingAndMarketingExpenses": 0,
        "sellingGeneralAndAdministrativeExpenses": 294288000,
        "otherExpenses": 0,
        "operatingExpenses": 960720000,
        "costAndExpenses": 1433287000,
        "interestIncome": 0,
        "interestExpense": 199849000,
        "depreciationAndAmortization": 39083000,
        "ebitda": 667886000,
        "ebitdaratio": 0.3241164378,
        "operatingIncome": 627349000,
        "operatingIncomeRatio": 0.304444356,
        "totalOtherIncomeExpensesNet": -205809000,
        "incomeBeforeTax": 421540000,
        "incomeBeforeTaxRatio": 0.2045679101,
        "incomeTaxExpense": 113535000,
        "netIncome": 308671000,
        "netIncomeRatio": 0.1497940442,
        "eps": 1.12,
        "epsdiluted": 1.11,
        "weightedAverageShsOut": 272901000,
        "weightedAverageShsOutDil": 277342000,
        "link": "https://www.sec.gov/Archives/edgar/data/96223/000009622321000009/0000096223-21-000009-index.htm",
        "finalLink": "https://www.sec.gov/Archives/edgar/data/96223/000009622321000009/jef-20201130.htm"
    },
    {
        "date": "2020-08-31",
        "symbol": "JEF",
        "reportedCurrency": "USD",
        "cik": "0000096223",
        "fillingDate": "2020-10-09",
        "acceptedDate": "2020-10-09 16:24:40",
        "calendarYear": "2020",
        "period": "Q3",
        "revenue": 1825499000,
        "costOfRevenue": 931749000,
        "grossProfit": 893750000,
        "grossProfitRatio": 0.4895921608,
        "researchAndDevelopmentExpenses": 0,
        "generalAndAdministrativeExpenses": 0,
        "sellingAndMarketingExpenses": 0,
        "sellingGeneralAndAdministrativeExpenses": 237712000,
        "otherExpenses": 0,
        "operatingExpenses": 893750000,
        "costAndExpenses": 1208981000,
        "interestIncome": 0,
        "interestExpense": 209329000,
        "depreciationAndAmortization": 39520000,
        "ebitda": 660661000,
        "ebitdaratio": 0.3619070731,
        "operatingIncome": 616518000,
        "operatingIncomeRatio": 0.3377257396,
        "totalOtherIncomeExpensesNet": -204276000,
        "incomeBeforeTax": 412242000,
        "incomeBeforeTaxRatio": 0.2258242815,
        "incomeTaxExpense": 107403000,
        "netIncome": 304409000,
        "netIncomeRatio": 0.1667538574,
        "eps": 1.08,
        "epsdiluted": 1.07,
        "weightedAverageShsOut": 280695000,
        "weightedAverageShsOutDil": 285136000,
        "link": "https://www.sec.gov/Archives/edgar/data/96223/000009622320000050/0000096223-20-000050-index.htm",
        "finalLink": "https://www.sec.gov/Archives/edgar/data/96223/000009622320000050/jef-20200831.htm"
    },
    {
        "date": "2020-05-31",
        "symbol": "JEF",
        "reportedCurrency": "USD",
        "cik": "0000096223",
        "fillingDate": "2020-07-09",
        "acceptedDate": "2020-07-09 16:27:43",
        "calendarYear": "2020",
        "period": "Q2",
        "revenue": 1377531000,
        "costOfRevenue": 775877000,
        "grossProfit": 601654000,
        "grossProfitRatio": 0.4367625847,
        "researchAndDevelopmentExpenses": 0,
        "generalAndAdministrativeExpenses": 0,
        "sellingAndMarketingExpenses": 0,
        "sellingGeneralAndAdministrativeExpenses": 598467000,
        "otherExpenses": 0,
        "operatingExpenses": 601654000,
        "costAndExpenses": 1065361000,
        "interestIncome": 0,
        "interestExpense": 229942000,
        "depreciationAndAmortization": 40366000,
        "ebitda": 347189000,
        "ebitdaratio": 0.2520371592,
        "operatingIncome": 312170000,
        "operatingIncomeRatio": 0.2266155898,
        "totalOtherIncomeExpensesNet": -236663000,
        "incomeBeforeTax": 75507000,
        "incomeBeforeTaxRatio": 0.0548132855,
        "incomeTaxExpense": 31962000,
        "netIncome": 44919000,
        "netIncomeRatio": 0.0326083406,
        "eps": 0.16,
        "epsdiluted": 0.16,
        "weightedAverageShsOut": 286764000,
        "weightedAverageShsOutDil": 286764000,
        "link": "https://www.sec.gov/Archives/edgar/data/96223/000009622320000041/0000096223-20-000041-index.htm",
        "finalLink": "https://www.sec.gov/Archives/edgar/data/96223/000009622320000041/jef-20200531.htm"
    },
    {
        "date": "2020-02-29",
        "symbol": "JEF",
        "reportedCurrency": "USD",
        "cik": "0000096223",
        "fillingDate": "2020-04-08",
        "acceptedDate": "2020-04-08 16:29:12",
        "calendarYear": "2020",
        "period": "Q1",
        "revenue": 1364774000,
        "costOfRevenue": 823371000,
        "grossProfit": 541403000,
        "grossProfitRatio": 0.3966979148,
        "researchAndDevelopmentExpenses": 0,
        "generalAndAdministrativeExpenses": 0,
        "sellingAndMarketingExpenses": 0,
        "sellingGeneralAndAdministrativeExpenses": 297838000,
        "otherExpenses": 0,
        "operatingExpenses": 868893000,
        "costAndExpenses": 1160679000,
        "interestIncome": 0,
        "interestExpense": 305936000,
        "depreciationAndAmortization": 39470000,
        "ebitda": 504189000,
        "ebitdaratio": 0.3694303965,
        "operatingIncome": 531585000,
        "operatingIncomeRatio": 0.3895040498,
        "totalOtherIncomeExpensesNet": -373791000,
        "incomeBeforeTax": 157794000,
        "incomeBeforeTaxRatio": 0.1156191428,
        "incomeTaxExpense": 45773000,
        "netIncome": 114432000,
        "netIncomeRatio": 0.0838468494,
        "eps": 0.37,
        "epsdiluted": 0.37,
        "weightedAverageShsOut": 302406000,
        "weightedAverageShsOutDil": 308280000,
        "link": "https://www.sec.gov/Archives/edgar/data/96223/000009622320000025/0000096223-20-000025-index.htm",
        "finalLink": "https://www.sec.gov/Archives/edgar/data/96223/000009622320000025/jfg10q2292020.htm"
    },
    {
        "date": "2019-11-30",
        "symbol": "JEF",
        "reportedCurrency": "USD",
        "cik": "0000096223",
        "fillingDate": "2020-03-26",
        "acceptedDate": "2020-03-26 16:27:19",
        "calendarYear": "2019",
        "period": "Q4",
        "revenue": 1416562000,
        "costOfRevenue": 621774000,
        "grossProfit": 794788000,
        "grossProfitRatio": 0.5610682766,
        "researchAndDevelopmentExpenses": 0,
        "generalAndAdministrativeExpenses": 186822000,
        "sellingAndMarketingExpenses": 103911000,
        "sellingGeneralAndAdministrativeExpenses": 290733000,
        "otherExpenses": 517610000,
        "operatingExpenses": 808343000,
        "costAndExpenses": 1430117000,
        "interestIncome": 0,
        "interestExpense": 324019000,
        "depreciationAndAmortization": 42271000,
        "ebitda": 521312000,
        "ebitdaratio": 0.3680121308,
        "operatingIncome": 475339000,
        "operatingIncomeRatio": 0.3355582036,
        "totalOtherIncomeExpensesNet": -242790000,
        "incomeBeforeTax": 232549000,
        "incomeBeforeTaxRatio": 0.1641643641,
        "incomeTaxExpense": 38671000,
        "netIncome": 196817000,
        "netIncomeRatio": 0.1389399123,
        "eps": 0.63,
        "epsdiluted": 0.62,
        "weightedAverageShsOut": 310266000,
        "weightedAverageShsOutDil": 316566000,
        "link": "https://www.sec.gov/Archives/edgar/data/96223/000009622320000020/0000096223-20-000020-index.htm",
        "finalLink": "https://www.sec.gov/Archives/edgar/data/96223/000009622320000020/jfg-2019113010ka.htm"
    },
    {
        "date": "2019-08-31",
        "symbol": "JEF",
        "reportedCurrency": "USD",
        "cik": "0000096223",
        "fillingDate": "2019-10-08",
        "acceptedDate": "2019-10-08 16:38:11",
        "calendarYear": "2019",
        "period": "Q3",
        "revenue": 1223156000,
        "costOfRevenue": 607176000,
        "grossProfit": 615980000,
        "grossProfitRatio": 0.5035988868,
        "researchAndDevelopmentExpenses": 0,
        "generalAndAdministrativeExpenses": 0,
        "sellingAndMarketingExpenses": 0,
        "sellingGeneralAndAdministrativeExpenses": 615980000,
        "otherExpenses": 0,
        "operatingExpenses": 615980000,
        "costAndExpenses": 1223156000,
        "interestIncome": 0,
        "interestExpense": 366378000,
        "depreciationAndAmortization": 39880000,
        "ebitda": 418604000,
        "ebitdaratio": 0.342232716,
        "operatingIncome": 386233000,
        "operatingIncomeRatio": 0.3157675718,
        "totalOtherIncomeExpensesNet": -372970000,
        "incomeBeforeTax": 13263000,
        "incomeBeforeTaxRatio": 0.0108432612,
        "incomeTaxExpense": -36131000,
        "netIncome": 49752000,
        "netIncomeRatio": 0.040675106,
        "eps": 0.16,
        "epsdiluted": 0.15,
        "weightedAverageShsOut": 310288000,
        "weightedAverageShsOutDil": 311897000,
        "link": "https://www.sec.gov/Archives/edgar/data/96223/000009622319000042/0000096223-19-000042-index.htm",
        "finalLink": "https://www.sec.gov/Archives/edgar/data/96223/000009622319000042/jfg10q8312019.htm"
    },
    {
        "date": "2019-05-31",
        "symbol": "JEF",
        "reportedCurrency": "USD",
        "cik": "0000096223",
        "fillingDate": "2019-07-09",
        "acceptedDate": "2019-07-09 16:50:23",
        "calendarYear": "2019",
        "period": "Q2",
        "revenue": 1101657000,
        "costOfRevenue": 674500000,
        "grossProfit": 427157000,
        "grossProfitRatio": 0.3877404673,
        "researchAndDevelopmentExpenses": 0,
        "generalAndAdministrativeExpenses": 0,
        "sellingAndMarketingExpenses": 0,
        "sellingGeneralAndAdministrativeExpenses": 229062000,
        "otherExpenses": 0,
        "operatingExpenses": 835871000,
        "costAndExpenses": 940348000,
        "interestIncome": 0,
        "interestExpense": 408714000,
        "depreciationAndAmortization": 36786000,
        "ebitda": 627467000,
        "ebitdaratio": 0.5695665711,
        "operatingIncome": 567959000,
        "operatingIncomeRatio": 0.5155497582,
        "totalOtherIncomeExpensesNet": -384480000,
        "incomeBeforeTax": 183479000,
        "incomeBeforeTaxRatio": 0.1665482087,
        "incomeTaxExpense": -488797000,
        "netIncome": 672040000,
        "netIncomeRatio": 0.6100265328,
        "eps": 2.17,
        "epsdiluted": 2.14,
        "weightedAverageShsOut": 307010000,
        "weightedAverageShsOutDil": 312527000,
        "link": "https://www.sec.gov/Archives/edgar/data/96223/000009622319000033/0000096223-19-000033-index.htm",
        "finalLink": "https://www.sec.gov/Archives/edgar/data/96223/000009622319000033/jfg10q5312019.htm"
    },
    {
        "date": "2019-02-28",
        "symbol": "JEF",
        "reportedCurrency": "USD",
        "cik": "0000096223",
        "fillingDate": "2019-04-09",
        "acceptedDate": "2019-04-09 16:21:56",
        "calendarYear": "2019",
        "period": "Q1",
        "revenue": 1195012000,
        "costOfRevenue": 551399000,
        "grossProfit": 643613000,
        "grossProfitRatio": 0.5385828762,
        "researchAndDevelopmentExpenses": 0,
        "generalAndAdministrativeExpenses": 0,
        "sellingAndMarketingExpenses": 0,
        "sellingGeneralAndAdministrativeExpenses": 643613000,
        "otherExpenses": 0,
        "operatingExpenses": 643613000,
        "costAndExpenses": 1173008000,
        "interestIncome": 0,
        "interestExpense": 366569000,
        "depreciationAndAmortization": 33934000,
        "ebitda": 447616000,
        "ebitdaratio": 0.3745702972,
        "operatingIncome": 395833000,
        "operatingIncomeRatio": 0.3312376779,
        "totalOtherIncomeExpensesNet": -346516000,
        "incomeBeforeTax": 49317000,
        "incomeBeforeTaxRatio": 0.0412690416,
        "incomeTaxExpense": 2302000,
        "netIncome": 46087000,
        "netIncomeRatio": 0.0385661399,
        "eps": 0.14,
        "epsdiluted": 0.14,
        "weightedAverageShsOut": 315175000,
        "weightedAverageShsOutDil": 318752000,
        "link": "https://www.sec.gov/Archives/edgar/data/96223/000009622319000022/0000096223-19-000022-index.htm",
        "finalLink": "https://www.sec.gov/Archives/edgar/data/96223/000009622319000022/jfg10q2282019.htm"
    },
    {
        "date": "2018-11-30",
        "symbol": "JEF",
        "reportedCurrency": "USD",
        "cik": "0000096223",
        "fillingDate": "2018-11-30",
        "acceptedDate": "2018-11-30 00:00:00",
        "calendarYear": "2018",
        "period": "Q4",
        "revenue": 761958000,
        "costOfRevenue": 461764000,
        "grossProfit": 300194000,
        "grossProfitRatio": 0.3939770959,
        "researchAndDevelopmentExpenses": 0,
        "generalAndAdministrativeExpenses": 186822000,
        "sellingAndMarketingExpenses": 0,
        "sellingGeneralAndAdministrativeExpenses": 186822000,
        "otherExpenses": 0,
        "operatingExpenses": 433343000,
        "costAndExpenses": 433343000,
        "interestIncome": 0,
        "interestExpense": 0,
        "depreciationAndAmortization": 24556000,
        "ebitda": 0,
        "ebitdaratio": 0,
        "operatingIncome": 81268000,
        "operatingIncomeRatio": 0.1066567974,
        "totalOtherIncomeExpensesNet": -3305000,
        "incomeBeforeTax": 77963000,
        "incomeBeforeTaxRatio": 0.1023192879,
        "incomeTaxExpense": -38020000,
        "netIncome": 61393000,
        "netIncomeRatio": 0.0805726825,
        "eps": 0.2,
        "epsdiluted": 0.2,
        "weightedAverageShsOut": 307515472,
        "weightedAverageShsOutDil": 307515472,
        "link": null,
        "finalLink": null
    },
    {
        "date": "2018-09-30",
        "symbol": "JEF",
        "reportedCurrency": "USD",
        "cik": "0000096223",
        "fillingDate": "2018-11-01",
        "acceptedDate": "2018-11-01 16:25:50",
        "calendarYear": "2018",
        "period": "Q3",
        "revenue": 1458977000,
        "costOfRevenue": 927679000,
        "grossProfit": 531298000,
        "grossProfitRatio": 0.3641578997,
        "researchAndDevelopmentExpenses": 0,
        "generalAndAdministrativeExpenses": 0,
        "sellingAndMarketingExpenses": 0,
        "sellingGeneralAndAdministrativeExpenses": 245178000,
        "otherExpenses": 0,
        "operatingExpenses": 730535000,
        "costAndExpenses": 1205152000,
        "interestIncome": 0,
        "interestExpense": 308131000,
        "depreciationAndAmortization": 32295000,
        "ebitda": 623452000,
        "ebitdaratio": 0.4273213354,
        "operatingIncome": 561956000,
        "operatingIncomeRatio": 0.3851712536,
        "totalOtherIncomeExpensesNet": -289264000,
        "incomeBeforeTax": 272692000,
        "incomeBeforeTaxRatio": 0.1869063049,
        "incomeTaxExpense": 90391000,
        "netIncome": 193911000,
        "netIncomeRatio": 0.1329088807,
        "eps": 0.56,
        "epsdiluted": 0.55,
        "weightedAverageShsOut": 341434000,
        "weightedAverageShsOutDil": 350307000,
        "link": "https://www.sec.gov/Archives/edgar/data/96223/000009622318000035/0000096223-18-000035-index.htm",
        "finalLink": "https://www.sec.gov/Archives/edgar/data/96223/000009622318000035/jfg10q9302018.htm"
    },
    {
        "date": "2018-06-30",
        "symbol": "JEF",
        "reportedCurrency": "USD",
        "cik": "0000096223",
        "fillingDate": "2018-08-01",
        "acceptedDate": "2018-08-01 16:41:07",
        "calendarYear": "2018",
        "period": "Q2",
        "revenue": 1243826000,
        "costOfRevenue": 638530000,
        "grossProfit": 605296000,
        "grossProfitRatio": 0.4866404143,
        "researchAndDevelopmentExpenses": 0,
        "generalAndAdministrativeExpenses": 0,
        "sellingAndMarketingExpenses": 0,
        "sellingGeneralAndAdministrativeExpenses": 236562000,
        "otherExpenses": 0,
        "operatingExpenses": 605296000,
        "costAndExpenses": 1239664000,
        "interestIncome": 0,
        "interestExpense": 332667000,
        "depreciationAndAmortization": 31905000,
        "ebitda": 402087000,
        "ebitdaratio": 0.3232662768,
        "operatingIncome": 409537000,
        "operatingIncomeRatio": 0.3292558605,
        "totalOtherIncomeExpensesNet": -372022000,
        "incomeBeforeTax": 37515000,
        "incomeBeforeTaxRatio": 0.0301609711,
        "incomeTaxExpense": 9598000,
        "netIncome": 726700000,
        "netIncomeRatio": 0.5842457064,
        "eps": 2.05,
        "epsdiluted": 2.03,
        "weightedAverageShsOut": 352049000,
        "weightedAverageShsOutDil": 356075000,
        "link": "https://www.sec.gov/Archives/edgar/data/96223/000009622318000025/0000096223-18-000025-index.htm",
        "finalLink": "https://www.sec.gov/Archives/edgar/data/96223/000009622318000025/jef10q6302018.htm"
    },
    {
        "date": "2018-03-31",
        "symbol": "JEF",
        "reportedCurrency": "USD",
        "cik": "0000096223",
        "fillingDate": "2018-05-02",
        "acceptedDate": "2018-05-02 16:17:39",
        "calendarYear": "2018",
        "period": "Q1",
        "revenue": 2946469000,
        "costOfRevenue": 2252577000,
        "grossProfit": 693892000,
        "grossProfitRatio": 0.2354995081,
        "researchAndDevelopmentExpenses": 0,
        "generalAndAdministrativeExpenses": 0,
        "sellingAndMarketingExpenses": 0,
        "sellingGeneralAndAdministrativeExpenses": 489659000,
        "otherExpenses": 0,
        "operatingExpenses": 287879000,
        "costAndExpenses": 2603853000,
        "interestIncome": 0,
        "interestExpense": 265676000,
        "depreciationAndAmortization": 16395000,
        "ebitda": 331599000,
        "ebitdaratio": 0.1125411467,
        "operatingIncome": 271339000,
        "operatingIncomeRatio": 0.0920895485,
        "totalOtherIncomeExpensesNet": -233576000,
        "incomeBeforeTax": 37763000,
        "incomeBeforeTaxRatio": 0.0128163575,
        "incomeTaxExpense": -48429000,
        "netIncome": 125697000,
        "netIncomeRatio": 0.0426602147,
        "eps": 0.34,
        "epsdiluted": 0.34,
        "weightedAverageShsOut": 366427000,
        "weightedAverageShsOutDil": 373461000,
        "link": "https://www.sec.gov/Archives/edgar/data/96223/000009622318000015/0000096223-18-000015-index.htm",
        "finalLink": "https://www.sec.gov/Archives/edgar/data/96223/000009622318000015/luk10q3312018.htm"
    },
    {
        "date": "2017-12-31",
        "symbol": "JEF",
        "reportedCurrency": "USD",
        "cik": "0000096223",
        "fillingDate": "2018-02-27",
        "acceptedDate": "2018-02-26 18:28:55",
        "calendarYear": "2017",
        "period": "Q4",
        "revenue": 3195878000,
        "costOfRevenue": 2363152000,
        "grossProfit": 832726000,
        "grossProfitRatio": 0.2605625121,
        "researchAndDevelopmentExpenses": 0,
        "generalAndAdministrativeExpenses": 0,
        "sellingAndMarketingExpenses": 0,
        "sellingGeneralAndAdministrativeExpenses": 241602000,
        "otherExpenses": 53259000,
        "operatingExpenses": 832726000,
        "costAndExpenses": 2914382000,
        "interestIncome": 0,
        "interestExpense": 256369000,
        "depreciationAndAmortization": 53259000,
        "ebitda": 589823000,
        "ebitdaratio": 0.1845574205,
        "operatingIncome": 537865000,
        "operatingIncomeRatio": 0.1682996034,
        "totalOtherIncomeExpensesNet": -246857000,
        "incomeBeforeTax": 291008000,
        "incomeBeforeTaxRatio": 0.0910572932,
        "incomeTaxExpense": 542913000,
        "netIncome": -270429000,
        "netIncomeRatio": -0.0846180611,
        "eps": -0.75,
        "epsdiluted": -0.74,
        "weightedAverageShsOut": 288378853,
        "weightedAverageShsOutDil": 366000000,
        "link": "https://www.sec.gov/Archives/edgar/data/96223/000009622318000009/0000096223-18-000009-index.htm",
        "finalLink": "https://www.sec.gov/Archives/edgar/data/96223/000009622318000009/luk-2017123110k.htm"
    },
    {
        "date": "2017-09-30",
        "symbol": "JEF",
        "reportedCurrency": "USD",
        "cik": "0000096223",
        "fillingDate": "2017-11-01",
        "acceptedDate": "2017-11-01 16:23:44",
        "calendarYear": "2017",
        "period": "Q3",
        "revenue": 3141892000,
        "costOfRevenue": 2392907000,
        "grossProfit": 748985000,
        "grossProfitRatio": 0.2383866155,
        "researchAndDevelopmentExpenses": 0,
        "generalAndAdministrativeExpenses": 0,
        "sellingAndMarketingExpenses": 0,
        "sellingGeneralAndAdministrativeExpenses": 199441000,
        "otherExpenses": 0,
        "operatingExpenses": 263468000,
        "costAndExpenses": 2971922000,
        "interestIncome": 0,
        "interestExpense": 245370000,
        "depreciationAndAmortization": 55424000,
        "ebitda": 299678000,
        "ebitdaratio": 0.0953813817,
        "operatingIncome": 240861000,
        "operatingIncomeRatio": 0.0766611328,
        "totalOtherIncomeExpensesNet": -215313000,
        "incomeBeforeTax": 25548000,
        "incomeBeforeTaxRatio": 0.0081314062,
        "incomeTaxExpense": 63260000,
        "netIncome": 100523000,
        "netIncomeRatio": 0.0319944161,
        "eps": 0.27,
        "epsdiluted": 0.27,
        "weightedAverageShsOut": 367828000,
        "weightedAverageShsOutDil": 370198000,
        "link": "https://www.sec.gov/Archives/edgar/data/96223/000009622317000038/0000096223-17-000038-index.htm",
        "finalLink": "https://www.sec.gov/Archives/edgar/data/96223/000009622317000038/luk10q9302017.htm"
    },
    {
        "date": "2017-06-30",
        "symbol": "JEF",
        "reportedCurrency": "USD",
        "cik": "0000096223",
        "fillingDate": "2017-08-02",
        "acceptedDate": "2017-08-02 16:27:09",
        "calendarYear": "2017",
        "period": "Q2",
        "revenue": 2989715000,
        "costOfRevenue": 620884000,
        "grossProfit": 2368831000,
        "grossProfitRatio": 0.7923266933,
        "researchAndDevelopmentExpenses": 0,
        "generalAndAdministrativeExpenses": 0,
        "sellingAndMarketingExpenses": 0,
        "sellingGeneralAndAdministrativeExpenses": 493312000,
        "otherExpenses": 0,
        "operatingExpenses": 493312000,
        "costAndExpenses": 1114196000,
        "interestIncome": 0,
        "interestExpense": 257335000,
        "depreciationAndAmortization": 50717000,
        "ebitda": 416865000,
        "ebitdaratio": 0.1394330229,
        "operatingIncome": 289488000,
        "operatingIncomeRatio": 0.0968279585,
        "totalOtherIncomeExpensesNet": -243231000,
        "incomeBeforeTax": 46257000,
        "incomeBeforeTaxRatio": 0.0154720433,
        "incomeTaxExpense": 50620000,
        "netIncome": 59208000,
        "netIncomeRatio": 0.0198038944,
        "eps": 0.16,
        "epsdiluted": 0.16,
        "weightedAverageShsOut": 369212000,
        "weightedAverageShsOutDil": 371552000,
        "link": "https://www.sec.gov/Archives/edgar/data/96223/000009622317000028/0000096223-17-000028-index.htm",
        "finalLink": "https://www.sec.gov/Archives/edgar/data/96223/000009622317000028/luk10q6302017.htm"
    },
    {
        "date": "2017-03-31",
        "symbol": "JEF",
        "reportedCurrency": "USD",
        "cik": "0000096223",
        "fillingDate": "2017-05-03",
        "acceptedDate": "2017-05-03 16:21:27",
        "calendarYear": "2017",
        "period": "Q1",
        "revenue": 3080369000,
        "costOfRevenue": 2109663000,
        "grossProfit": 970706000,
        "grossProfitRatio": 0.3151265319,
        "researchAndDevelopmentExpenses": 0,
        "generalAndAdministrativeExpenses": 0,
        "sellingAndMarketingExpenses": 0,
        "sellingGeneralAndAdministrativeExpenses": 494015000,
        "otherExpenses": 0,
        "operatingExpenses": 970706000,
        "costAndExpenses": 2553698000,
        "interestIncome": 0,
        "interestExpense": 212387000,
        "depreciationAndAmortization": 49510000,
        "ebitda": 647479000,
        "ebitdaratio": 0.2101952721,
        "operatingIncome": 607689000,
        "operatingIncomeRatio": 0.1972779884,
        "totalOtherIncomeExpensesNet": -209592000,
        "incomeBeforeTax": 398097000,
        "incomeBeforeTaxRatio": 0.1292367895,
        "incomeTaxExpense": 104174000,
        "netIncome": 282424000,
        "netIncomeRatio": 0.0916851195,
        "eps": 0.76,
        "epsdiluted": 0.75,
        "weightedAverageShsOut": 369267000,
        "weightedAverageShsOutDil": 375721000,
        "link": "https://www.sec.gov/Archives/edgar/data/96223/000009622317000017/0000096223-17-000017-index.htm",
        "finalLink": "https://www.sec.gov/Archives/edgar/data/96223/000009622317000017/luk10q3312017.htm"
    },
    {
        "date": "2016-12-31",
        "symbol": "JEF",
        "reportedCurrency": "USD",
        "cik": "0000096223",
        "fillingDate": "2017-02-27",
        "acceptedDate": "2017-02-27 06:40:41",
        "calendarYear": "2016",
        "period": "Q4",
        "revenue": 2909873000,
        "costOfRevenue": 2285168000,
        "grossProfit": 624705000,
        "grossProfitRatio": 0.2146846271,
        "researchAndDevelopmentExpenses": 0,
        "generalAndAdministrativeExpenses": 0,
        "sellingAndMarketingExpenses": 0,
        "sellingGeneralAndAdministrativeExpenses": 194638000,
        "otherExpenses": 83103000,
        "operatingExpenses": 657751000,
        "costAndExpenses": 2522351000,
        "interestIncome": 0,
        "interestExpense": 197141000,
        "depreciationAndAmortization": 58523000,
        "ebitda": 446045000,
        "ebitdaratio": 0.1532867586,
        "operatingIncome": 380010000,
        "operatingIncomeRatio": 0.1305933283,
        "totalOtherIncomeExpensesNet": -150988000,
        "incomeBeforeTax": 229022000,
        "incomeBeforeTaxRatio": 0.0787051531,
        "incomeTaxExpense": 62917000,
        "netIncome": 138187000,
        "netIncomeRatio": 0.0474890141,
        "eps": 0.37,
        "epsdiluted": 0.37,
        "weightedAverageShsOut": 374693000,
        "weightedAverageShsOutDil": 374693000,
        "link": "https://www.sec.gov/Archives/edgar/data/96223/000009622317000009/0000096223-17-000009-index.htm",
        "finalLink": "https://www.sec.gov/Archives/edgar/data/96223/000009622317000009/luk-2016123110k.htm"
    },
    {
        "date": "2016-09-30",
        "symbol": "JEF",
        "reportedCurrency": "USD",
        "cik": "0000096223",
        "fillingDate": "2016-11-02",
        "acceptedDate": "2016-11-02 16:34:15",
        "calendarYear": "2016",
        "period": "Q3",
        "revenue": 2883710000,
        "costOfRevenue": 2171118000,
        "grossProfit": 712592000,
        "grossProfitRatio": 0.2471094528,
        "researchAndDevelopmentExpenses": 0,
        "generalAndAdministrativeExpenses": 0,
        "sellingAndMarketingExpenses": 0,
        "sellingGeneralAndAdministrativeExpenses": 239160000,
        "otherExpenses": 0,
        "operatingExpenses": 599696000,
        "costAndExpenses": 2707504000,
        "interestIncome": 0,
        "interestExpense": 207335000,
        "depreciationAndAmortization": 42126000,
        "ebitda": 488087000,
        "ebitdaratio": 0.1692566173,
        "operatingIncome": 420741000,
        "operatingIncomeRatio": 0.145902674,
        "totalOtherIncomeExpensesNet": -170832000,
        "incomeBeforeTax": 249909000,
        "incomeBeforeTaxRatio": 0.0866623204,
        "incomeTaxExpense": 73703000,
        "netIncome": 155374000,
        "netIncomeRatio": 0.0538798978,
        "eps": 0.41,
        "epsdiluted": 0.41,
        "weightedAverageShsOut": 370404000,
        "weightedAverageShsOutDil": 374567000,
        "link": "https://www.sec.gov/Archives/edgar/data/96223/000009622316000079/0000096223-16-000079-index.htm",
        "finalLink": "https://www.sec.gov/Archives/edgar/data/96223/000009622316000079/luk10q9302016.htm"
    },
    {
        "date": "2016-06-30",
        "symbol": "JEF",
        "reportedCurrency": "USD",
        "cik": "0000096223",
        "fillingDate": "2016-08-03",
        "acceptedDate": "2016-08-03 16:43:44",
        "calendarYear": "2016",
        "period": "Q2",
        "revenue": 2841316000,
        "costOfRevenue": 2300758000,
        "grossProfit": 540558000,
        "grossProfitRatio": 0.1902491662,
        "researchAndDevelopmentExpenses": 0,
        "generalAndAdministrativeExpenses": 0,
        "sellingAndMarketingExpenses": 0,
        "sellingGeneralAndAdministrativeExpenses": 186259000,
        "otherExpenses": 0,
        "operatingExpenses": 540558000,
        "costAndExpenses": 2753744000,
        "interestIncome": 0,
        "interestExpense": 215958000,
        "depreciationAndAmortization": 50769000,
        "ebitda": 392866000,
        "ebitdaratio": 0.1382690275,
        "operatingIncome": 95176000,
        "operatingIncomeRatio": 0.0334971541,
        "totalOtherIncomeExpensesNet": 44286000,
        "incomeBeforeTax": 139462000,
        "incomeBeforeTaxRatio": 0.0490835937,
        "incomeTaxExpense": 68850000,
        "netIncome": 58304000,
        "netIncomeRatio": 0.0205200689,
        "eps": 0.15,
        "epsdiluted": 0.15,
        "weightedAverageShsOut": 372556000,
        "weightedAverageShsOutDil": 372556000,
        "link": "https://www.sec.gov/Archives/edgar/data/96223/000009622316000068/0000096223-16-000068-index.htm",
        "finalLink": "https://www.sec.gov/Archives/edgar/data/96223/000009622316000068/luk10q6302016.htm"
    },
    {
        "date": "2016-03-31",
        "symbol": "JEF",
        "reportedCurrency": "USD",
        "cik": "0000096223",
        "fillingDate": "2016-05-04",
        "acceptedDate": "2016-05-04 16:53:39",
        "calendarYear": "2016",
        "period": "Q1",
        "revenue": 2207309000,
        "costOfRevenue": 2100256000,
        "grossProfit": 107053000,
        "grossProfitRatio": 0.0484993266,
        "researchAndDevelopmentExpenses": 0,
        "generalAndAdministrativeExpenses": 0,
        "sellingAndMarketingExpenses": 0,
        "sellingGeneralAndAdministrativeExpenses": 187255000,
        "otherExpenses": -80202000,
        "operatingExpenses": 107053000,
        "costAndExpenses": 2207309000,
        "interestIncome": 0,
        "interestExpense": 192203000,
        "depreciationAndAmortization": 49610000,
        "ebitda": -60150000,
        "ebitdaratio": -0.0272503759,
        "operatingIncome": -129812000,
        "operatingIncomeRatio": -0.0588100714,
        "totalOtherIncomeExpensesNet": -172151000,
        "incomeBeforeTax": -301963000,
        "incomeBeforeTaxRatio": -0.1368014175,
        "incomeTaxExpense": -83361000,
        "netIncome": -221864000,
        "netIncomeRatio": -0.10051334,
        "eps": -0.6,
        "epsdiluted": -0.6,
        "weightedAverageShsOut": 369773333,
        "weightedAverageShsOutDil": 372367000,
        "link": "https://www.sec.gov/Archives/edgar/data/96223/000009622316000059/0000096223-16-000059-index.htm",
        "finalLink": "https://www.sec.gov/Archives/edgar/data/96223/000009622316000059/luk10q3312016.htm"
    },
    {
        "date": "2015-12-31",
        "symbol": "JEF",
        "reportedCurrency": "USD",
        "cik": "0000096223",
        "fillingDate": "2016-02-19",
        "acceptedDate": "2016-02-19 16:54:21",
        "calendarYear": "2015",
        "period": "Q4",
        "revenue": 2686260000,
        "costOfRevenue": 2191209000,
        "grossProfit": 495051000,
        "grossProfitRatio": 0.1842900538,
        "researchAndDevelopmentExpenses": 0,
        "generalAndAdministrativeExpenses": 0,
        "sellingAndMarketingExpenses": 0,
        "sellingGeneralAndAdministrativeExpenses": 214296000,
        "otherExpenses": 0,
        "operatingExpenses": 495051000,
        "costAndExpenses": 2686260000,
        "interestIncome": 0,
        "interestExpense": 190044000,
        "depreciationAndAmortization": 43059000,
        "ebitda": 289182000,
        "ebitdaratio": 0.1076522749,
        "operatingIncome": 215415000,
        "operatingIncomeRatio": 0.0801914186,
        "totalOtherIncomeExpensesNet": -174264000,
        "incomeBeforeTax": 41151000,
        "incomeBeforeTaxRatio": 0.0153190681,
        "incomeTaxExpense": 2113000,
        "netIncome": 56611000,
        "netIncomeRatio": 0.0210742817,
        "eps": 0.1,
        "epsdiluted": 0.1,
        "weightedAverageShsOut": 369840000,
        "weightedAverageShsOutDil": 369840000,
        "link": "https://www.sec.gov/Archives/edgar/data/96223/000009622316000049/0000096223-16-000049-index.htm",
        "finalLink": "https://www.sec.gov/Archives/edgar/data/96223/000009622316000049/luk2015123110kcombo.htm"
    },
    {
        "date": "2015-09-30",
        "symbol": "JEF",
        "reportedCurrency": "USD",
        "cik": "0000096223",
        "fillingDate": "2015-11-05",
        "acceptedDate": "2015-11-05 09:27:54",
        "calendarYear": "2015",
        "period": "Q3",
        "revenue": 2566023000,
        "costOfRevenue": 2388756000,
        "grossProfit": 177267000,
        "grossProfitRatio": 0.0690823894,
        "researchAndDevelopmentExpenses": 0,
        "generalAndAdministrativeExpenses": 0,
        "sellingAndMarketingExpenses": 0,
        "sellingGeneralAndAdministrativeExpenses": 215302000,
        "otherExpenses": -38035000,
        "operatingExpenses": 435152000,
        "costAndExpenses": 2747935000,
        "interestIncome": 0,
        "interestExpense": 199927000,
        "depreciationAndAmortization": 58466000,
        "ebitda": -13792000,
        "ebitdaratio": -0.0053748544,
        "operatingIncome": -96501000,
        "operatingIncomeRatio": -0.0376072233,
        "totalOtherIncomeExpensesNet": -175684000,
        "incomeBeforeTax": -272185000,
        "incomeBeforeTaxRatio": -0.1060727047,
        "incomeTaxExpense": -90273000,
        "netIncome": -172157000,
        "netIncomeRatio": -0.0670909809,
        "eps": -0.47,
        "epsdiluted": -0.47,
        "weightedAverageShsOut": 366291489,
        "weightedAverageShsOutDil": 372547000,
        "link": "https://www.sec.gov/Archives/edgar/data/96223/000009622315000035/0000096223-15-000035-index.htm",
        "finalLink": "https://www.sec.gov/Archives/edgar/data/96223/000009622315000035/luk10q9302015.htm"
    },
    {
        "date": "2015-06-30",
        "symbol": "JEF",
        "reportedCurrency": "USD",
        "cik": "0000096223",
        "fillingDate": "2015-08-05",
        "acceptedDate": "2015-08-05 08:58:10",
        "calendarYear": "2015",
        "period": "Q2",
        "revenue": 3055123000,
        "costOfRevenue": 2567654000,
        "grossProfit": 487469000,
        "grossProfitRatio": 0.1595578967,
        "researchAndDevelopmentExpenses": 0,
        "generalAndAdministrativeExpenses": 0,
        "sellingAndMarketingExpenses": 0,
        "sellingGeneralAndAdministrativeExpenses": 155467000,
        "otherExpenses": 241556000,
        "operatingExpenses": 472435000,
        "costAndExpenses": 3040089000,
        "interestIncome": 0,
        "interestExpense": 215660000,
        "depreciationAndAmortization": 55240000,
        "ebitda": 272735000,
        "ebitdaratio": 0.0892713649,
        "operatingIncome": 186316000,
        "operatingIncomeRatio": 0.0609847787,
        "totalOtherIncomeExpensesNet": -185853000,
        "incomeBeforeTax": 463000,
        "incomeBeforeTaxRatio": 0.0001515487,
        "incomeTaxExpense": -14571000,
        "netIncome": 17421000,
        "netIncomeRatio": 0.0057022254,
        "eps": 0.04,
        "epsdiluted": 0.04,
        "weightedAverageShsOut": 286223609,
        "weightedAverageShsOutDil": 286223609,
        "link": "https://www.sec.gov/Archives/edgar/data/96223/000009622315000024/0000096223-15-000024-index.htm",
        "finalLink": "https://www.sec.gov/Archives/edgar/data/96223/000009622315000024/luk10q6302015.htm"
    },
    {
        "date": "2015-03-31",
        "symbol": "JEF",
        "reportedCurrency": "USD",
        "cik": "0000096223",
        "fillingDate": "2015-05-08",
        "acceptedDate": "2015-05-08 08:33:37",
        "calendarYear": "2015",
        "period": "Q1",
        "revenue": 3376521000,
        "costOfRevenue": 2419577000,
        "grossProfit": 956944000,
        "grossProfitRatio": 0.283411239,
        "researchAndDevelopmentExpenses": 0,
        "generalAndAdministrativeExpenses": 0,
        "sellingAndMarketingExpenses": 0,
        "sellingGeneralAndAdministrativeExpenses": 410852000,
        "otherExpenses": 52440000,
        "operatingExpenses": 956944000,
        "costAndExpenses": 2829865000,
        "interestIncome": 0,
        "interestExpense": 191838000,
        "depreciationAndAmortization": 40328000,
        "ebitda": 831385000,
        "ebitdaratio": 0.2462253307,
        "operatingIncome": 738494000,
        "operatingIncomeRatio": 0.2187144697,
        "totalOtherIncomeExpensesNet": -151387000,
        "incomeBeforeTax": 587107000,
        "incomeBeforeTaxRatio": 0.173879268,
        "incomeTaxExpense": 212678000,
        "netIncome": 381775000,
        "netIncomeRatio": 0.1130675627,
        "eps": 1,
        "epsdiluted": 0.99,
        "weightedAverageShsOut": 377713000,
        "weightedAverageShsOutDil": 377713000,
        "link": "https://www.sec.gov/Archives/edgar/data/96223/000009622315000012/0000096223-15-000012-index.htm",
        "finalLink": "https://www.sec.gov/Archives/edgar/data/96223/000009622315000012/lnc20151stqtr10q.htm"
    },
    {
        "date": "2014-12-31",
        "symbol": "JEF",
        "reportedCurrency": "USD",
        "cik": "0000096223",
        "fillingDate": "2015-02-27",
        "acceptedDate": "2015-02-27 16:51:13",
        "calendarYear": "2014",
        "period": "Q4",
        "revenue": 2884424000,
        "costOfRevenue": 2456151000,
        "grossProfit": 428273000,
        "grossProfitRatio": 0.1484778243,
        "researchAndDevelopmentExpenses": 0,
        "generalAndAdministrativeExpenses": 0,
        "sellingAndMarketingExpenses": 0,
        "sellingGeneralAndAdministrativeExpenses": 185291000,
        "otherExpenses": 0,
        "operatingExpenses": 428273000,
        "costAndExpenses": 2950605000,
        "interestIncome": 0,
        "interestExpense": 196069000,
        "depreciationAndAmortization": 43599000,
        "ebitda": 237516000,
        "ebitdaratio": 0.0823443433,
        "operatingIncome": -56381000,
        "operatingIncomeRatio": -0.0195467102,
        "totalOtherIncomeExpensesNet": 44429000,
        "incomeBeforeTax": -11952000,
        "incomeBeforeTaxRatio": -0.0041436349,
        "incomeTaxExpense": 2086000,
        "netIncome": -8748000,
        "netIncomeRatio": -0.0030328412,
        "eps": -0.0234,
        "epsdiluted": -0.0234,
        "weightedAverageShsOut": 373541000,
        "weightedAverageShsOutDil": 373541000,
        "link": "https://www.sec.gov/Archives/edgar/data/96223/000009622315000006/0000096223-15-000006-index.htm",
        "finalLink": "https://www.sec.gov/Archives/edgar/data/96223/000009622315000006/lnc2014form10k.htm"
    },
    {
        "date": "2014-09-30",
        "symbol": "JEF",
        "reportedCurrency": "USD",
        "cik": "0000096223",
        "fillingDate": "2014-11-07",
        "acceptedDate": "2014-11-07 08:41:23",
        "calendarYear": "2014",
        "period": "Q3",
        "revenue": 3213664000,
        "costOfRevenue": 2603943000,
        "grossProfit": 609721000,
        "grossProfitRatio": 0.1897276753,
        "researchAndDevelopmentExpenses": 0,
        "generalAndAdministrativeExpenses": 0,
        "sellingAndMarketingExpenses": 0,
        "sellingGeneralAndAdministrativeExpenses": 263994000,
        "otherExpenses": 46464000,
        "operatingExpenses": 609721000,
        "costAndExpenses": 3124422000,
        "interestIncome": 0,
        "interestExpense": 210021000,
        "depreciationAndAmortization": 37294000,
        "ebitda": 374644000,
        "ebitdaratio": 0.11657846,
        "operatingIncome": 299263000,
        "operatingIncomeRatio": 0.0931220563,
        "totalOtherIncomeExpensesNet": -181104000,
        "incomeBeforeTax": 118159000,
        "incomeBeforeTaxRatio": 0.0367676895,
        "incomeTaxExpense": 59906000,
        "netIncome": 55695000,
        "netIncomeRatio": 0.0173306855,
        "eps": 0.14,
        "epsdiluted": 0.14,
        "weightedAverageShsOut": 373347000,
        "weightedAverageShsOutDil": 373375000,
        "link": "https://www.sec.gov/Archives/edgar/data/96223/000009622314000036/0000096223-14-000036-index.htm",
        "finalLink": "https://www.sec.gov/Archives/edgar/data/96223/000009622314000036/lnc3rdqtr2014form10q.htm"
    },
    {
        "date": "2014-06-30",
        "symbol": "JEF",
        "reportedCurrency": "USD",
        "cik": "0000096223",
        "fillingDate": "2014-08-07",
        "acceptedDate": "2014-08-07 09:13:36",
        "calendarYear": "2014",
        "period": "Q2",
        "revenue": 3097742000,
        "costOfRevenue": 2548711000,
        "grossProfit": 549031000,
        "grossProfitRatio": 0.1772358705,
        "researchAndDevelopmentExpenses": 0,
        "generalAndAdministrativeExpenses": 0,
        "sellingAndMarketingExpenses": 0,
        "sellingGeneralAndAdministrativeExpenses": 176035000,
        "otherExpenses": 44643000,
        "operatingExpenses": 549031000,
        "costAndExpenses": 3026555000,
        "interestIncome": 0,
        "interestExpense": 245779000,
        "depreciationAndAmortization": 29780000,
        "ebitda": 408341000,
        "ebitdaratio": 0.1318189184,
        "operatingIncome": 328353000,
        "operatingIncomeRatio": 0.1059975298,
        "totalOtherIncomeExpensesNet": -210434000,
        "incomeBeforeTax": 117919000,
        "incomeBeforeTaxRatio": 0.038066114,
        "incomeTaxExpense": 47729000,
        "netIncome": 66089000,
        "netIncomeRatio": 0.0213345721,
        "eps": 0.17,
        "epsdiluted": 0.17,
        "weightedAverageShsOut": 387759771,
        "weightedAverageShsOutDil": 373179000,
        "link": "https://www.sec.gov/Archives/edgar/data/96223/000009622314000030/0000096223-14-000030-index.htm",
        "finalLink": "https://www.sec.gov/Archives/edgar/data/96223/000009622314000030/lnc2ndqtrform10q.htm"
    },
    {
        "date": "2014-03-31",
        "symbol": "JEF",
        "reportedCurrency": "USD",
        "cik": "0000096223",
        "fillingDate": "2014-05-09",
        "acceptedDate": "2014-05-09 08:33:00",
        "calendarYear": "2014",
        "period": "Q1",
        "revenue": 3139077000,
        "costOfRevenue": 2589658000,
        "grossProfit": 549419000,
        "grossProfitRatio": 0.1750256524,
        "researchAndDevelopmentExpenses": 0,
        "generalAndAdministrativeExpenses": 0,
        "sellingAndMarketingExpenses": 0,
        "sellingGeneralAndAdministrativeExpenses": 174319000,
        "otherExpenses": 0,
        "operatingExpenses": 549419000,
        "costAndExpenses": 3139077000,
        "interestIncome": 0,
        "interestExpense": 196553000,
        "depreciationAndAmortization": 29071000,
        "ebitda": 395136000,
        "ebitdaratio": 0.1258764917,
        "operatingIncome": 333613000,
        "operatingIncomeRatio": 0.1062774185,
        "totalOtherIncomeExpensesNet": -176517000,
        "incomeBeforeTax": 157096000,
        "incomeBeforeTaxRatio": 0.050045284,
        "incomeTaxExpense": 56250000,
        "netIncome": 95332000,
        "netIncomeRatio": 0.0303694366,
        "eps": 0.25,
        "epsdiluted": 0.25,
        "weightedAverageShsOut": 377348000,
        "weightedAverageShsOutDil": 377348000,
        "link": "https://www.sec.gov/Archives/edgar/data/96223/000009622314000016/0000096223-14-000016-index.htm",
        "finalLink": "https://www.sec.gov/Archives/edgar/data/96223/000009622314000016/lnc1stqtr2014form10q.htm"
    },
    {
        "date": "2013-12-31",
        "symbol": "JEF",
        "reportedCurrency": "USD",
        "cik": "0000096223",
        "fillingDate": "2014-02-28",
        "acceptedDate": "2014-02-28 14:45:14",
        "calendarYear": "2013",
        "period": "Q4",
        "revenue": 3019192000,
        "costOfRevenue": 2588051000,
        "grossProfit": 431141000,
        "grossProfitRatio": 0.1428001267,
        "researchAndDevelopmentExpenses": 0,
        "generalAndAdministrativeExpenses": 0,
        "sellingAndMarketingExpenses": 0,
        "sellingGeneralAndAdministrativeExpenses": 217243000,
        "otherExpenses": 0,
        "operatingExpenses": 431141000,
        "costAndExpenses": 3019192000,
        "interestIncome": 0,
        "interestExpense": 186682000,
        "depreciationAndAmortization": 34006000,
        "ebitda": 243379000,
        "ebitdaratio": 0.0806106402,
        "operatingIncome": 173750000,
        "operatingIncomeRatio": 0.0575485097,
        "totalOtherIncomeExpensesNet": -157201000,
        "incomeBeforeTax": 16549000,
        "incomeBeforeTaxRatio": 0.0054812678,
        "incomeTaxExpense": 24483000,
        "netIncome": 9570000,
        "netIncomeRatio": 0.0031697222,
        "eps": 0.0264,
        "epsdiluted": 0.026,
        "weightedAverageShsOut": 362053614,
        "weightedAverageShsOutDil": 368262000,
        "link": "https://www.sec.gov/Archives/edgar/data/96223/000009622314000006/0000096223-14-000006-index.htm",
        "finalLink": "https://www.sec.gov/Archives/edgar/data/96223/000009622314000006/lnc2013form10k.htm"
    },
    {
        "date": "2013-09-30",
        "symbol": "JEF",
        "reportedCurrency": "USD",
        "cik": "0000096223",
        "fillingDate": "2013-11-07",
        "acceptedDate": "2013-11-07 15:03:58",
        "calendarYear": "2013",
        "period": "Q3",
        "revenue": 2709041000,
        "costOfRevenue": 2275560000,
        "grossProfit": 433481000,
        "grossProfitRatio": 0.160012713,
        "researchAndDevelopmentExpenses": 0,
        "generalAndAdministrativeExpenses": 0,
        "sellingAndMarketingExpenses": 0,
        "sellingGeneralAndAdministrativeExpenses": 176600000,
        "otherExpenses": 49280000,
        "operatingExpenses": 433481000,
        "costAndExpenses": 2709041000,
        "interestIncome": 0,
        "interestExpense": 176989000,
        "depreciationAndAmortization": 34747000,
        "ebitda": 280770000,
        "ebitdaratio": 0.1036418423,
        "operatingIncome": 209832000,
        "operatingIncomeRatio": 0.0774561921,
        "totalOtherIncomeExpensesNet": -153100000,
        "incomeBeforeTax": 56732000,
        "incomeBeforeTaxRatio": 0.0209417281,
        "incomeTaxExpense": 26758000,
        "netIncome": 3998000,
        "netIncomeRatio": 0.001475799,
        "eps": 0.01,
        "epsdiluted": 0.01,
        "weightedAverageShsOut": 367641000,
        "weightedAverageShsOutDil": 367687000,
        "link": "https://www.sec.gov/Archives/edgar/data/96223/000009622313000033/0000096223-13-000033-index.htm",
        "finalLink": "https://www.sec.gov/Archives/edgar/data/96223/000009622313000033/lnc3rdqtr2013form10q.htm"
    },
    {
        "date": "2013-06-30",
        "symbol": "JEF",
        "reportedCurrency": "USD",
        "cik": "0000096223",
        "fillingDate": "2013-08-06",
        "acceptedDate": "2013-08-06 09:27:49",
        "calendarYear": "2013",
        "period": "Q2",
        "revenue": 2885315000,
        "costOfRevenue": 2385228000,
        "grossProfit": 500087000,
        "grossProfitRatio": 0.1733214571,
        "researchAndDevelopmentExpenses": 0,
        "generalAndAdministrativeExpenses": 0,
        "sellingAndMarketingExpenses": 0,
        "sellingGeneralAndAdministrativeExpenses": 195574000,
        "otherExpenses": 48201000,
        "operatingExpenses": 500087000,
        "costAndExpenses": 2869292000,
        "interestIncome": 0,
        "interestExpense": 209590000,
        "depreciationAndAmortization": 33959000,
        "ebitda": 93649000,
        "ebitdaratio": 0.0324571147,
        "operatingIncome": 258536000,
        "operatingIncomeRatio": 0.0896040814,
        "totalOtherIncomeExpensesNet": -174727000,
        "incomeBeforeTax": 83809000,
        "incomeBeforeTaxRatio": 0.0290467419,
        "incomeTaxExpense": 23235000,
        "netIncome": 53627000,
        "netIncomeRatio": 0.0185861856,
        "eps": 0.14,
        "epsdiluted": 0.14,
        "weightedAverageShsOut": 367752000,
        "weightedAverageShsOutDil": 367837000,
        "link": "https://www.sec.gov/Archives/edgar/data/96223/000009622313000028/0000096223-13-000028-index.htm",
        "finalLink": "https://www.sec.gov/Archives/edgar/data/96223/000009622313000028/lnc2ndqtr2013form10q.htm"
    },
    {
        "date": "2013-03-31",
        "symbol": "JEF",
        "reportedCurrency": "USD",
        "cik": "0000096223",
        "fillingDate": "2013-05-09",
        "acceptedDate": "2013-05-09 09:54:25",
        "calendarYear": "2013",
        "period": "Q1",
        "revenue": 2297613000,
        "costOfRevenue": 1892149000,
        "grossProfit": 405464000,
        "grossProfitRatio": 0.1764718427,
        "researchAndDevelopmentExpenses": 0,
        "generalAndAdministrativeExpenses": 0,
        "sellingAndMarketingExpenses": 0,
        "sellingGeneralAndAdministrativeExpenses": 54851000,
        "otherExpenses": 29796000,
        "operatingExpenses": 405464000,
        "costAndExpenses": 2008786000,
        "interestIncome": 0,
        "interestExpense": 0,
        "depreciationAndAmortization": 36252000,
        "ebitda": 390175000,
        "ebitdaratio": 0.1698175454,
        "operatingIncome": 323115000,
        "operatingIncomeRatio": 0.1406307329,
        "totalOtherIncomeExpensesNet": 30808000,
        "incomeBeforeTax": 353923000,
        "incomeBeforeTaxRatio": 0.1540394314,
        "incomeTaxExpense": 49767000,
        "netIncome": 305442000,
        "netIncomeRatio": 0.132938837,
        "eps": 1.1,
        "epsdiluted": 1.08,
        "weightedAverageShsOut": 275735000,
        "weightedAverageShsOutDil": 281587000,
        "link": "https://www.sec.gov/Archives/edgar/data/96223/000090951813000127/0000909518-13-000127-index.htm",
        "finalLink": "https://www.sec.gov/Archives/edgar/data/96223/000090951813000127/mm05-0713_10q.htm"
    },
    {
        "date": "2012-12-31",
        "symbol": "JEF",
        "reportedCurrency": "USD",
        "cik": "0000096223",
        "fillingDate": "2013-02-25",
        "acceptedDate": "2013-02-25 15:02:40",
        "calendarYear": "2012",
        "period": "Q4",
        "revenue": 1372480000,
        "costOfRevenue": 2167485000,
        "grossProfit": -795005000,
        "grossProfitRatio": -0.5792470564,
        "researchAndDevelopmentExpenses": 0,
        "generalAndAdministrativeExpenses": 0,
        "sellingAndMarketingExpenses": 0,
        "sellingGeneralAndAdministrativeExpenses": -6532000,
        "otherExpenses": -41015000,
        "operatingExpenses": -47547000,
        "costAndExpenses": 2119938000,
        "interestIncome": 0,
        "interestExpense": 0,
        "depreciationAndAmortization": 35407000,
        "ebitda": -915747000,
        "ebitdaratio": -0.6672206517,
        "operatingIncome": -747458000,
        "operatingIncomeRatio": -0.5446039287,
        "totalOtherIncomeExpensesNet": 1485769000,
        "incomeBeforeTax": 738311000,
        "incomeBeforeTaxRatio": 0.5379393507,
        "incomeTaxExpense": 266977000,
        "netIncome": 454166000,
        "netIncomeRatio": 0.3309090114,
        "eps": 0.89,
        "epsdiluted": 0.89,
        "weightedAverageShsOut": 248578031,
        "weightedAverageShsOutDil": 248922000,
        "link": "https://www.sec.gov/Archives/edgar/data/96223/000009622313000013/0000096223-13-000013-index.htm",
        "finalLink": "https://www.sec.gov/Archives/edgar/data/96223/000009622313000013/lnc2012form10k.htm"
    },
    {
        "date": "2012-09-30",
        "symbol": "JEF",
        "reportedCurrency": "USD",
        "cik": "0000096223",
        "fillingDate": "2012-11-06",
        "acceptedDate": "2012-11-06 16:37:50",
        "calendarYear": "2012",
        "period": "Q3",
        "revenue": 2216920000,
        "costOfRevenue": 1941119000,
        "grossProfit": 275801000,
        "grossProfitRatio": 0.1244072858,
        "researchAndDevelopmentExpenses": 0,
        "generalAndAdministrativeExpenses": 86968000,
        "sellingAndMarketingExpenses": -13100000,
        "sellingGeneralAndAdministrativeExpenses": 73868000,
        "otherExpenses": 30372000,
        "operatingExpenses": 275801000,
        "costAndExpenses": 2216920000,
        "interestIncome": 0,
        "interestExpense": 21106000,
        "depreciationAndAmortization": 40212000,
        "ebitda": 236047000,
        "ebitdaratio": 0.1064751998,
        "operatingIncome": 171561000,
        "operatingIncomeRatio": 0.0773870956,
        "totalOtherIncomeExpensesNet": 24274000,
        "incomeBeforeTax": 195835000,
        "incomeBeforeTaxRatio": 0.0883365209,
        "incomeTaxExpense": 78890000,
        "netIncome": 106674000,
        "netIncomeRatio": 0.0481181098,
        "eps": 0.44,
        "epsdiluted": 0.43,
        "weightedAverageShsOut": 244583000,
        "weightedAverageShsOutDil": 248910000,
        "link": "https://www.sec.gov/Archives/edgar/data/96223/000009622312000032/0000096223-12-000032-index.htm",
        "finalLink": "https://www.sec.gov/Archives/edgar/data/96223/000009622312000032/lnc3rdqtr2012form10q.htm"
    },
    {
        "date": "2012-06-30",
        "symbol": "JEF",
        "reportedCurrency": "USD",
        "cik": "0000096223",
        "fillingDate": "2012-08-01",
        "acceptedDate": "2012-08-01 16:56:47",
        "calendarYear": "2012",
        "period": "Q2",
        "revenue": 1746041000,
        "costOfRevenue": 1925037000,
        "grossProfit": -178996000,
        "grossProfitRatio": -0.1025153476,
        "researchAndDevelopmentExpenses": 0,
        "generalAndAdministrativeExpenses": 78103000,
        "sellingAndMarketingExpenses": -5316000,
        "sellingGeneralAndAdministrativeExpenses": 72787000,
        "otherExpenses": 40855000,
        "operatingExpenses": -178996000,
        "costAndExpenses": 1746041000,
        "interestIncome": 0,
        "interestExpense": 21373000,
        "depreciationAndAmortization": 44353000,
        "ebitda": -229811000,
        "ebitdaratio": -0.1316183297,
        "operatingIncome": -287700000,
        "operatingIncomeRatio": -0.1647727631,
        "totalOtherIncomeExpensesNet": 13536000,
        "incomeBeforeTax": -274164000,
        "incomeBeforeTaxRatio": -0.1570203678,
        "incomeTaxExpense": -87508000,
        "netIncome": -197251000,
        "netIncomeRatio": -0.1129704285,
        "eps": -0.81,
        "epsdiluted": -0.81,
        "weightedAverageShsOut": 244583000,
        "weightedAverageShsOutDil": 244583000,
        "link": "https://www.sec.gov/Archives/edgar/data/96223/000009622312000025/0000096223-12-000025-index.htm",
        "finalLink": "https://www.sec.gov/Archives/edgar/data/96223/000009622312000025/lnc2ndqtr2012form10q.htm"
    },
    {
        "date": "2012-03-31",
        "symbol": "JEF",
        "reportedCurrency": "USD",
        "cik": "0000096223",
        "fillingDate": "2012-05-04",
        "acceptedDate": "2012-05-04 16:07:52",
        "calendarYear": "2012",
        "period": "Q1",
        "revenue": 2424288000,
        "costOfRevenue": 1874735000,
        "grossProfit": 549553000,
        "grossProfitRatio": 0.2266863508,
        "researchAndDevelopmentExpenses": 0,
        "generalAndAdministrativeExpenses": 122744000,
        "sellingAndMarketingExpenses": -32294000,
        "sellingGeneralAndAdministrativeExpenses": 90450000,
        "otherExpenses": 71790000,
        "operatingExpenses": 162240000,
        "costAndExpenses": 2036975000,
        "interestIncome": 0,
        "interestExpense": 28868000,
        "depreciationAndAmortization": 50141000,
        "ebitda": 406533000,
        "ebitdaratio": 0.1676917099,
        "operatingIncome": 356392000,
        "operatingIncomeRatio": 0.1470089362,
        "totalOtherIncomeExpensesNet": 2053000,
        "incomeBeforeTax": 358445000,
        "incomeBeforeTaxRatio": 0.1478557828,
        "incomeTaxExpense": 133425000,
        "netIncome": 490877000,
        "netIncomeRatio": 0.2024829558,
        "eps": 2.01,
        "epsdiluted": 1.97,
        "weightedAverageShsOut": 244583000,
        "weightedAverageShsOutDil": 248945000,
        "link": "https://www.sec.gov/Archives/edgar/data/96223/000009622312000017/0000096223-12-000017-index.htm",
        "finalLink": "https://www.sec.gov/Archives/edgar/data/96223/000009622312000017/lnc1stqtr2012form10q.htm"
    },
    {
        "date": "2011-12-31",
        "symbol": "JEF",
        "reportedCurrency": "USD",
        "cik": "0000096223",
        "fillingDate": "2012-02-27",
        "acceptedDate": "2012-02-27 16:20:14",
        "calendarYear": "2011",
        "period": "Q4",
        "revenue": 297235000,
        "costOfRevenue": 97271000,
        "grossProfit": 199964000,
        "grossProfitRatio": 0.6727471529,
        "researchAndDevelopmentExpenses": 0,
        "generalAndAdministrativeExpenses": 88532000,
        "sellingAndMarketingExpenses": 0,
        "sellingGeneralAndAdministrativeExpenses": 88532000,
        "otherExpenses": -55009000,
        "operatingExpenses": 199964000,
        "costAndExpenses": 297235000,
        "interestIncome": 0,
        "interestExpense": 27525000,
        "depreciationAndAmortization": 24446000,
        "ebitda": 115407000,
        "ebitdaratio": 0.3882685417,
        "operatingIncome": 90961000,
        "operatingIncomeRatio": 0.3060238532,
        "totalOtherIncomeExpensesNet": -27525000,
        "incomeBeforeTax": 63436000,
        "incomeBeforeTaxRatio": 0.2134203576,
        "incomeTaxExpense": -110230000,
        "netIncome": 119437000,
        "netIncomeRatio": 0.4018268374,
        "eps": 0.15,
        "epsdiluted": 0.15,
        "weightedAverageShsOut": 211056000,
        "weightedAverageShsOutDil": 215171000,
        "link": "https://www.sec.gov/Archives/edgar/data/96223/000009622312000009/0000096223-12-000009-index.htm",
        "finalLink": "https://www.sec.gov/Archives/edgar/data/96223/000009622312000009/lnc2011form10k.htm"
    },
    {
        "date": "2011-09-30",
        "symbol": "JEF",
        "reportedCurrency": "USD",
        "cik": "0000096223",
        "fillingDate": "2011-11-08",
        "acceptedDate": "2011-11-08 16:33:38",
        "calendarYear": "2011",
        "period": "Q3",
        "revenue": 99284000,
        "costOfRevenue": 77083000,
        "grossProfit": 22201000,
        "grossProfitRatio": 0.2236110552,
        "researchAndDevelopmentExpenses": 0,
        "generalAndAdministrativeExpenses": 67558000,
        "sellingAndMarketingExpenses": -2572000,
        "sellingGeneralAndAdministrativeExpenses": 64986000,
        "otherExpenses": -42785000,
        "operatingExpenses": 22201000,
        "costAndExpenses": 99284000,
        "interestIncome": 0,
        "interestExpense": 27512000,
        "depreciationAndAmortization": 23679000,
        "ebitda": 67911000,
        "ebitdaratio": 0.6840074937,
        "operatingIncome": -56235000,
        "operatingIncomeRatio": -0.5664054631,
        "totalOtherIncomeExpensesNet": 72955000,
        "incomeBeforeTax": 16720000,
        "incomeBeforeTaxRatio": 0.1684057854,
        "incomeTaxExpense": 14035000,
        "netIncome": -291022000,
        "netIncomeRatio": -2.9312074453,
        "eps": -1.19,
        "epsdiluted": -1.19,
        "weightedAverageShsOut": 244580000,
        "weightedAverageShsOutDil": 244580000,
        "link": "https://www.sec.gov/Archives/edgar/data/96223/000009622311000037/0000096223-11-000037-index.htm",
        "finalLink": "https://www.sec.gov/Archives/edgar/data/96223/000009622311000037/lnc3rdqtrform10q.htm"
    },
    {
        "date": "2011-06-30",
        "symbol": "JEF",
        "reportedCurrency": "USD",
        "cik": "0000096223",
        "fillingDate": "2011-08-03",
        "acceptedDate": "2011-08-03 16:08:07",
        "calendarYear": "2011",
        "period": "Q2",
        "revenue": 753441000,
        "costOfRevenue": 103669000,
        "grossProfit": 649772000,
        "grossProfitRatio": 0.8624059482,
        "researchAndDevelopmentExpenses": 0,
        "generalAndAdministrativeExpenses": 84164000,
        "sellingAndMarketingExpenses": 0,
        "sellingGeneralAndAdministrativeExpenses": 84164000,
        "otherExpenses": 18579000,
        "operatingExpenses": 102743000,
        "costAndExpenses": 206412000,
        "interestIncome": 0,
        "interestExpense": 27837000,
        "depreciationAndAmortization": 24711000,
        "ebitda": 571740000,
        "ebitdaratio": 0.7588384492,
        "operatingIncome": 547029000,
        "operatingIncomeRatio": 0.7260409242,
        "totalOtherIncomeExpensesNet": -27837000,
        "incomeBeforeTax": 519192000,
        "incomeBeforeTaxRatio": 0.6890944347,
        "incomeTaxExpense": 190108000,
        "netIncome": 186309000,
        "netIncomeRatio": 0.2472774909,
        "eps": 0.76,
        "epsdiluted": 0.75,
        "weightedAverageShsOut": 244521000,
        "weightedAverageShsOutDil": 249026000,
        "link": "https://www.sec.gov/Archives/edgar/data/96223/000009622311000028/0000096223-11-000028-index.htm",
        "finalLink": "https://www.sec.gov/Archives/edgar/data/96223/000009622311000028/lnc2ndqtr2011form10q.htm"
    },
    {
        "date": "2011-03-31",
        "symbol": "JEF",
        "reportedCurrency": "USD",
        "cik": "0000096223",
        "fillingDate": "2011-05-05",
        "acceptedDate": "2011-05-05 16:31:12",
        "calendarYear": "2011",
        "period": "Q1",
        "revenue": 284034000,
        "costOfRevenue": 96993000,
        "grossProfit": 187041000,
        "grossProfitRatio": 0.658516234,
        "researchAndDevelopmentExpenses": 0,
        "generalAndAdministrativeExpenses": 60772000,
        "sellingAndMarketingExpenses": 0,
        "sellingGeneralAndAdministrativeExpenses": 60772000,
        "otherExpenses": 126269000,
        "operatingExpenses": 187041000,
        "costAndExpenses": 284034000,
        "interestIncome": 0,
        "interestExpense": 28977000,
        "depreciationAndAmortization": 23787000,
        "ebitda": 132294000,
        "ebitdaratio": 0.4657681827,
        "operatingIncome": 108507000,
        "operatingIncomeRatio": 0.3820211665,
        "totalOtherIncomeExpensesNet": -28977000,
        "incomeBeforeTax": 79530000,
        "incomeBeforeTaxRatio": 0.2800016899,
        "incomeTaxExpense": 39053000,
        "netIncome": 10507000,
        "netIncomeRatio": 0.0369920502,
        "eps": 0.04,
        "epsdiluted": 0.04,
        "weightedAverageShsOut": 244082000,
        "weightedAverageShsOutDil": 244620000,
        "link": "https://www.sec.gov/Archives/edgar/data/96223/000009622311000013/0000096223-11-000013-index.htm",
        "finalLink": "https://www.sec.gov/Archives/edgar/data/96223/000009622311000013/lnc1stqtr2011form10q.htm"
    },
    {
        "date": "2010-12-31",
        "symbol": "JEF",
        "reportedCurrency": "USD",
        "cik": "0000096223",
        "fillingDate": "2011-02-25",
        "acceptedDate": "2011-02-25 09:43:18",
        "calendarYear": "2010",
        "period": "Q4",
        "revenue": 585644000,
        "costOfRevenue": 94219000,
        "grossProfit": 491425000,
        "grossProfitRatio": 0.839118987,
        "researchAndDevelopmentExpenses": 0,
        "generalAndAdministrativeExpenses": 141867000,
        "sellingAndMarketingExpenses": 0,
        "sellingGeneralAndAdministrativeExpenses": 141867000,
        "otherExpenses": 19530000,
        "operatingExpenses": 491425000,
        "costAndExpenses": 585644000,
        "interestIncome": 0,
        "interestExpense": 30475000,
        "depreciationAndAmortization": 24544000,
        "ebitda": 354572000,
        "ebitdaratio": 0.605439482,
        "operatingIncome": 330028000,
        "operatingIncomeRatio": 0.5635300626,
        "totalOtherIncomeExpensesNet": -30475000,
        "incomeBeforeTax": 299553000,
        "incomeBeforeTaxRatio": 0.5114933304,
        "incomeTaxExpense": -1150254000,
        "netIncome": 1695222000,
        "netIncomeRatio": 2.8946288189,
        "eps": 6.97,
        "epsdiluted": 6.85,
        "weightedAverageShsOut": 243348000,
        "weightedAverageShsOutDil": 247622000,
        "link": "https://www.sec.gov/Archives/edgar/data/96223/000009622311000005/0000096223-11-000005-index.htm",
        "finalLink": "https://www.sec.gov/Archives/edgar/data/96223/000009622311000005/lnc2010form10k.htm"
    },
    {
        "date": "2010-09-30",
        "symbol": "JEF",
        "reportedCurrency": "USD",
        "cik": "0000096223",
        "fillingDate": "2010-11-05",
        "acceptedDate": "2010-11-05 14:49:07",
        "calendarYear": "2010",
        "period": "Q3",
        "revenue": 185865000,
        "costOfRevenue": 102576000,
        "grossProfit": 83289000,
        "grossProfitRatio": 0.4481155678,
        "researchAndDevelopmentExpenses": 0,
        "generalAndAdministrativeExpenses": 90807000,
        "sellingAndMarketingExpenses": 0,
        "sellingGeneralAndAdministrativeExpenses": 90807000,
        "otherExpenses": 19814000,
        "operatingExpenses": 110621000,
        "costAndExpenses": 213197000,
        "interestIncome": 0,
        "interestExpense": 31353000,
        "depreciationAndAmortization": 39335000,
        "ebitda": 12003000,
        "ebitdaratio": 0.06457913,
        "operatingIncome": -27332000,
        "operatingIncomeRatio": -0.1470529686,
        "totalOtherIncomeExpensesNet": -31353000,
        "incomeBeforeTax": -58685000,
        "incomeBeforeTaxRatio": -0.3157399188,
        "incomeTaxExpense": 3540000,
        "netIncome": 287755000,
        "netIncomeRatio": 1.5481935814,
        "eps": 1.18,
        "epsdiluted": 1.17,
        "weightedAverageShsOut": 243317000,
        "weightedAverageShsOutDil": 247572000,
        "link": "https://www.sec.gov/Archives/edgar/data/96223/000009622310000040/0000096223-10-000040-index.htm",
        "finalLink": "https://www.sec.gov/Archives/edgar/data/96223/000009622310000040/lnc3rdqtr2010form10q.htm"
    },
    {
        "date": "2010-06-30",
        "symbol": "JEF",
        "reportedCurrency": "USD",
        "cik": "0000096223",
        "fillingDate": "2010-08-06",
        "acceptedDate": "2010-08-06 10:13:59",
        "calendarYear": "2010",
        "period": "Q2",
        "revenue": 205856000,
        "costOfRevenue": 106360000,
        "grossProfit": 99496000,
        "grossProfitRatio": 0.4833281517,
        "researchAndDevelopmentExpenses": 0,
        "generalAndAdministrativeExpenses": 69087000,
        "sellingAndMarketingExpenses": -17874000,
        "sellingGeneralAndAdministrativeExpenses": 51213000,
        "otherExpenses": 48283000,
        "operatingExpenses": 99496000,
        "costAndExpenses": 205856000,
        "interestIncome": 0,
        "interestExpense": 31490000,
        "depreciationAndAmortization": 14396000,
        "ebitda": 131627000,
        "ebitdaratio": 0.6394129877,
        "operatingIncome": 28441000,
        "operatingIncomeRatio": 0.1381596844,
        "totalOtherIncomeExpensesNet": 51854000,
        "incomeBeforeTax": 80295000,
        "incomeBeforeTaxRatio": 0.3900542127,
        "incomeTaxExpense": 4665000,
        "netIncome": -235144000,
        "netIncomeRatio": -1.1422742111,
        "eps": -0.97,
        "epsdiluted": -0.97,
        "weightedAverageShsOut": 243312000,
        "weightedAverageShsOutDil": 243312000,
        "link": "https://www.sec.gov/Archives/edgar/data/96223/000009622310000027/0000096223-10-000027-index.htm",
        "finalLink": "https://www.sec.gov/Archives/edgar/data/96223/000009622310000027/lnc2ndqtr2010form10q.htm"
    },
    {
        "date": "2010-03-31",
        "symbol": "JEF",
        "reportedCurrency": "USD",
        "cik": "0000096223",
        "fillingDate": "2010-05-05",
        "acceptedDate": "2010-05-05 16:22:37",
        "calendarYear": "2010",
        "period": "Q1",
        "revenue": 211798000,
        "costOfRevenue": 97504000,
        "grossProfit": 114294000,
        "grossProfitRatio": 0.5396368238,
        "researchAndDevelopmentExpenses": 0,
        "generalAndAdministrativeExpenses": 83665000,
        "sellingAndMarketingExpenses": -20694000,
        "sellingGeneralAndAdministrativeExpenses": 62971000,
        "otherExpenses": 51323000,
        "operatingExpenses": 114294000,
        "costAndExpenses": 211798000,
        "interestIncome": 0,
        "interestExpense": 31491000,
        "depreciationAndAmortization": 26455000,
        "ebitda": 105786000,
        "ebitdaratio": 0.4994664728,
        "operatingIncome": 31834000,
        "operatingIncomeRatio": 0.1503035912,
        "totalOtherIncomeExpensesNet": 16006000,
        "incomeBeforeTax": 47840000,
        "incomeBeforeTaxRatio": 0.2258755984,
        "incomeTaxExpense": 2702000,
        "netIncome": 191479000,
        "netIncomeRatio": 0.9040642499,
        "eps": 0.79,
        "epsdiluted": 0.78,
        "weightedAverageShsOut": 243291000,
        "weightedAverageShsOutDil": 247594000,
        "link": "https://www.sec.gov/Archives/edgar/data/96223/000009622310000015/0000096223-10-000015-index.htm",
        "finalLink": "https://www.sec.gov/Archives/edgar/data/96223/000009622310000015/lnc1stqtr2010form10q.htm"
    },
    {
        "date": "2009-12-31",
        "symbol": "JEF",
        "reportedCurrency": "USD",
        "cik": "0000096223",
        "fillingDate": "2010-02-26",
        "acceptedDate": "2010-02-26 15:47:54",
        "calendarYear": "2009",
        "period": "Q4",
        "revenue": 303535000,
        "costOfRevenue": 166811000,
        "grossProfit": 136724000,
        "grossProfitRatio": 0.4504389939,
        "researchAndDevelopmentExpenses": 0,
        "generalAndAdministrativeExpenses": 93879000,
        "sellingAndMarketingExpenses": 0,
        "sellingGeneralAndAdministrativeExpenses": 93879000,
        "otherExpenses": 42845000,
        "operatingExpenses": 136724000,
        "costAndExpenses": 303535000,
        "interestIncome": 0,
        "interestExpense": 31560000,
        "depreciationAndAmortization": 22795000,
        "ebitda": 47456000,
        "ebitdaratio": 0.1563444084,
        "operatingIncome": 24661000,
        "operatingIncomeRatio": 0.0812459848,
        "totalOtherIncomeExpensesNet": -31560000,
        "incomeBeforeTax": -6899000,
        "incomeBeforeTaxRatio": -0.0227288451,
        "incomeTaxExpense": 192538000,
        "netIncome": -90935000,
        "netIncomeRatio": -0.2995865386,
        "eps": -0.37,
        "epsdiluted": -0.37,
        "weightedAverageShsOut": 200446000,
        "weightedAverageShsOutDil": 204572000,
        "link": "https://www.sec.gov/Archives/edgar/data/96223/000009622310000004/0000096223-10-000004-index.htm",
        "finalLink": "https://www.sec.gov/Archives/edgar/data/96223/000009622310000004/leucadia200910k.htm"
    },
    {
        "date": "2009-09-30",
        "symbol": "JEF",
        "reportedCurrency": "USD",
        "cik": "0000096223",
        "fillingDate": "2009-11-05",
        "acceptedDate": "2009-11-05 15:48:25",
        "calendarYear": "2009",
        "period": "Q3",
        "revenue": 143431000,
        "costOfRevenue": 74995000,
        "grossProfit": 68436000,
        "grossProfitRatio": 0.4771353473,
        "researchAndDevelopmentExpenses": 0,
        "generalAndAdministrativeExpenses": 81445000,
        "sellingAndMarketingExpenses": -21658000,
        "sellingGeneralAndAdministrativeExpenses": 59787000,
        "otherExpenses": 8649000,
        "operatingExpenses": 68436000,
        "costAndExpenses": 143431000,
        "interestIncome": 0,
        "interestExpense": 31439000,
        "depreciationAndAmortization": 21130000,
        "ebitda": 15567000,
        "ebitdaratio": 0.1085330228,
        "operatingIncome": -5563000,
        "operatingIncomeRatio": -0.0387851999,
        "totalOtherIncomeExpensesNet": -31439000,
        "incomeBeforeTax": -37002000,
        "incomeBeforeTaxRatio": -0.2579777036,
        "incomeTaxExpense": 1341000,
        "netIncome": 370199000,
        "netIncomeRatio": 2.5810250225,
        "eps": 1.52,
        "epsdiluted": 1.5,
        "weightedAverageShsOut": 243238000,
        "weightedAverageShsOutDil": 247711000,
        "link": "https://www.sec.gov/Archives/edgar/data/96223/000009622309000086/0000096223-09-000086-index.htm",
        "finalLink": "https://www.sec.gov/Archives/edgar/data/96223/000009622309000086/lnc3rdqtr2009form10q.htm"
    },
    {
        "date": "2009-06-30",
        "symbol": "JEF",
        "reportedCurrency": "USD",
        "cik": "0000096223",
        "fillingDate": "2009-08-07",
        "acceptedDate": "2009-08-07 10:26:24",
        "calendarYear": "2009",
        "period": "Q2",
        "revenue": 284323000,
        "costOfRevenue": 189267000,
        "grossProfit": 95056000,
        "grossProfitRatio": 0.3343239907,
        "researchAndDevelopmentExpenses": 0,
        "generalAndAdministrativeExpenses": 177744000,
        "sellingAndMarketingExpenses": 0,
        "sellingGeneralAndAdministrativeExpenses": 177744000,
        "otherExpenses": 15457000,
        "operatingExpenses": 193201000,
        "costAndExpenses": 382468000,
        "interestIncome": 0,
        "interestExpense": 32384000,
        "depreciationAndAmortization": 22210000,
        "ebitda": -75935000,
        "ebitdaratio": -0.267073012,
        "operatingIncome": -98145000,
        "operatingIncomeRatio": -0.3451883949,
        "totalOtherIncomeExpensesNet": -32384000,
        "incomeBeforeTax": -130529000,
        "incomeBeforeTaxRatio": -0.4590870243,
        "incomeTaxExpense": 29127000,
        "netIncome": 411023000,
        "netIncomeRatio": 1.4456199463,
        "eps": 1.7,
        "epsdiluted": 1.67,
        "weightedAverageShsOut": 241095000,
        "weightedAverageShsOutDil": 248135000,
        "link": "https://www.sec.gov/Archives/edgar/data/96223/000095012309031774/0000950123-09-031774-index.htm",
        "finalLink": "https://www.sec.gov/Archives/edgar/data/96223/000095012309031774/y78667e10vq.htm"
    },
    {
        "date": "2009-03-31",
        "symbol": "JEF",
        "reportedCurrency": "USD",
        "cik": "0000096223",
        "fillingDate": "2009-05-07",
        "acceptedDate": "2009-05-07 16:29:35",
        "calendarYear": "2009",
        "period": "Q1",
        "revenue": 250343000,
        "costOfRevenue": 193016000,
        "grossProfit": 57327000,
        "grossProfitRatio": 0.2289938205,
        "researchAndDevelopmentExpenses": 0,
        "generalAndAdministrativeExpenses": 90146000,
        "sellingAndMarketingExpenses": 0,
        "sellingGeneralAndAdministrativeExpenses": 90146000,
        "otherExpenses": 15277000,
        "operatingExpenses": 105423000,
        "costAndExpenses": 298439000,
        "interestIncome": 0,
        "interestExpense": 33387000,
        "depreciationAndAmortization": 20242000,
        "ebitda": -27854000,
        "ebitdaratio": -0.1112633467,
        "operatingIncome": -48096000,
        "operatingIncomeRatio": -0.1921204108,
        "totalOtherIncomeExpensesNet": -33387000,
        "incomeBeforeTax": -81483000,
        "incomeBeforeTaxRatio": -0.325485434,
        "incomeTaxExpense": -24304000,
        "netIncome": -140007000,
        "netIncomeRatio": -0.5592606943,
        "eps": -0.59,
        "epsdiluted": -0.59,
        "weightedAverageShsOut": 238499000,
        "weightedAverageShsOutDil": 238499000,
        "link": "https://www.sec.gov/Archives/edgar/data/96223/000009622309000033/0000096223-09-000033-index.htm",
        "finalLink": "https://www.sec.gov/Archives/edgar/data/96223/000009622309000033/lnc1stqtr09form10q.txt"
    },
    {
        "date": "2008-12-31",
        "symbol": "JEF",
        "reportedCurrency": "USD",
        "cik": "0000096223",
        "fillingDate": "2009-02-27",
        "acceptedDate": "2009-02-27 16:54:07",
        "calendarYear": "2008",
        "period": "Q4",
        "revenue": 267049000,
        "costOfRevenue": 204634000,
        "grossProfit": 62415000,
        "grossProfitRatio": 0.2337211523,
        "researchAndDevelopmentExpenses": 0,
        "generalAndAdministrativeExpenses": 0,
        "sellingAndMarketingExpenses": 0,
        "sellingGeneralAndAdministrativeExpenses": 100557000,
        "otherExpenses": 14433000,
        "operatingExpenses": 114990000,
        "costAndExpenses": 319624000,
        "interestIncome": 0,
        "interestExpense": 691777000,
        "depreciationAndAmortization": 19902000,
        "ebitda": -32673000,
        "ebitdaratio": -0.1223483331,
        "operatingIncome": -52575000,
        "operatingIncomeRatio": -0.1968739819,
        "totalOtherIncomeExpensesNet": -136545000,
        "incomeBeforeTax": -189120000,
        "incomeBeforeTaxRatio": -0.7081846403,
        "incomeTaxExpense": 1971489000,
        "netIncome": -2715841000,
        "netIncomeRatio": -10.1698227666,
        "eps": -11.52,
        "epsdiluted": -11.39,
        "weightedAverageShsOut": 235807000,
        "weightedAverageShsOutDil": 238499000,
        "link": "https://www.sec.gov/Archives/edgar/data/96223/000009622309000010/0000096223-09-000010-index.htm",
        "finalLink": "https://www.sec.gov/Archives/edgar/data/96223/000009622309000010/lnc2008form10k.txt"
    },
    {
        "date": "2008-09-30",
        "symbol": "JEF",
        "reportedCurrency": "USD",
        "cik": "0000096223",
        "fillingDate": "2008-11-06",
        "acceptedDate": "2008-11-06 16:43:22",
        "calendarYear": "2008",
        "period": "Q3",
        "revenue": 251616000,
        "costOfRevenue": 227782000,
        "grossProfit": 23834000,
        "grossProfitRatio": 0.094723706,
        "researchAndDevelopmentExpenses": 0,
        "generalAndAdministrativeExpenses": 81126000,
        "sellingAndMarketingExpenses": 0,
        "sellingGeneralAndAdministrativeExpenses": 81126000,
        "otherExpenses": 14763000,
        "operatingExpenses": 95775000,
        "costAndExpenses": 323557000,
        "interestIncome": 0,
        "interestExpense": 37016000,
        "depreciationAndAmortization": 19002000,
        "ebitda": -53053000,
        "ebitdaratio": -0.2108490716,
        "operatingIncome": -72055000,
        "operatingIncomeRatio": -0.2863689114,
        "totalOtherIncomeExpensesNet": -36902000,
        "incomeBeforeTax": -108957000,
        "incomeBeforeTaxRatio": -0.4330289012,
        "incomeTaxExpense": -38753000,
        "netIncome": 89462000,
        "netIncomeRatio": 0.3555497266,
        "eps": 0.38,
        "epsdiluted": 0.37,
        "weightedAverageShsOut": 232849000,
        "weightedAverageShsOutDil": 249452000,
        "link": "https://www.sec.gov/Archives/edgar/data/96223/000009622308000059/0000096223-08-000059-index.htm",
        "finalLink": "https://www.sec.gov/Archives/edgar/data/96223/000009622308000059/lnc3rdqtr08form10q.txt"
    },
    {
        "date": "2008-06-30",
        "symbol": "JEF",
        "reportedCurrency": "USD",
        "cik": "0000096223",
        "fillingDate": "2008-08-07",
        "acceptedDate": "2008-08-07 16:30:31",
        "calendarYear": "2008",
        "period": "Q2",
        "revenue": 337554000,
        "costOfRevenue": 230634000,
        "grossProfit": 106920000,
        "grossProfitRatio": 0.3167493201,
        "researchAndDevelopmentExpenses": 0,
        "generalAndAdministrativeExpenses": 92536000,
        "sellingAndMarketingExpenses": 0,
        "sellingGeneralAndAdministrativeExpenses": 92536000,
        "otherExpenses": 14384000,
        "operatingExpenses": 106920000,
        "costAndExpenses": 337554000,
        "interestIncome": 0,
        "interestExpense": 36543000,
        "depreciationAndAmortization": 17873000,
        "ebitda": 18766000,
        "ebitdaratio": 0.0555940679,
        "operatingIncome": 893000,
        "operatingIncomeRatio": 0.0026455026,
        "totalOtherIncomeExpensesNet": -36591000,
        "incomeBeforeTax": -35698000,
        "incomeBeforeTaxRatio": -0.1057549311,
        "incomeTaxExpense": -247711000,
        "netIncome": 186778000,
        "netIncomeRatio": 0.5533277639,
        "eps": 0.81,
        "epsdiluted": 0.76,
        "weightedAverageShsOut": 230235000,
        "weightedAverageShsOutDil": 247234000,
        "link": "https://www.sec.gov/Archives/edgar/data/96223/000009622308000038/0000096223-08-000038-index.htm",
        "finalLink": "https://www.sec.gov/Archives/edgar/data/96223/000009622308000038/lnc2ndqtr0810q.txt"
    },
    {
        "date": "2008-03-31",
        "symbol": "JEF",
        "reportedCurrency": "USD",
        "cik": "0000096223",
        "fillingDate": "2008-05-09",
        "acceptedDate": "2008-05-09 16:22:45",
        "calendarYear": "2008",
        "period": "Q1",
        "revenue": 324849000,
        "costOfRevenue": 232374000,
        "grossProfit": 92475000,
        "grossProfitRatio": 0.2846707239,
        "researchAndDevelopmentExpenses": 0,
        "generalAndAdministrativeExpenses": 78205000,
        "sellingAndMarketingExpenses": 0,
        "sellingGeneralAndAdministrativeExpenses": 78205000,
        "otherExpenses": 11446000,
        "operatingExpenses": 89486000,
        "costAndExpenses": 321860000,
        "interestIncome": 0,
        "interestExpense": 35782000,
        "depreciationAndAmortization": 15506000,
        "ebitda": 29680000,
        "ebitdaratio": 0.0913655268,
        "operatingIncome": 2824000,
        "operatingIncomeRatio": 0.0086932698,
        "totalOtherIncomeExpensesNet": -35617000,
        "incomeBeforeTax": -32793000,
        "incomeBeforeTaxRatio": -0.1009484407,
        "incomeTaxExpense": -11350000,
        "netIncome": -95824000,
        "netIncomeRatio": -0.2949801292,
        "eps": -0.43,
        "epsdiluted": -0.43,
        "weightedAverageShsOut": 222584000,
        "weightedAverageShsOutDil": 222584000,
        "link": "https://www.sec.gov/Archives/edgar/data/96223/000009622308000028/0000096223-08-000028-index.htm",
        "finalLink": "https://www.sec.gov/Archives/edgar/data/96223/000009622308000028/lnc1stqtr0810q.txt"
    },
    {
        "date": "2007-12-31",
        "symbol": "JEF",
        "reportedCurrency": "USD",
        "cik": "0000096223",
        "fillingDate": "2008-02-29",
        "acceptedDate": "2008-02-29 10:00:06",
        "calendarYear": "2007",
        "period": "Q4",
        "revenue": 252941000,
        "costOfRevenue": 230872000,
        "grossProfit": 22069000,
        "grossProfitRatio": 0.0872495958,
        "researchAndDevelopmentExpenses": 0,
        "generalAndAdministrativeExpenses": 0,
        "sellingAndMarketingExpenses": 0,
        "sellingGeneralAndAdministrativeExpenses": 76850000,
        "otherExpenses": 12188000,
        "operatingExpenses": 89038000,
        "costAndExpenses": 319910000,
        "interestIncome": 0,
        "interestExpense": 107868000,
        "depreciationAndAmortization": 14264000,
        "ebitda": -52705000,
        "ebitdaratio": -0.20836875,
        "operatingIncome": -66969000,
        "operatingIncomeRatio": -0.2647613475,
        "totalOtherIncomeExpensesNet": -7066000,
        "incomeBeforeTax": -74035000,
        "incomeBeforeTaxRatio": -0.2926967158,
        "incomeTaxExpense": -566712000,
        "netIncome": 445733000,
        "netIncomeRatio": 1.762201462,
        "eps": 2,
        "epsdiluted": 2,
        "weightedAverageShsOut": 222846512,
        "weightedAverageShsOutDil": 222846512,
        "link": "https://www.sec.gov/Archives/edgar/data/96223/000009622308000015/0000096223-08-000015-index.htm",
        "finalLink": "https://www.sec.gov/Archives/edgar/data/96223/000009622308000015/lnc200710k.txt"
    },
    {
        "date": "2007-09-30",
        "symbol": "JEF",
        "reportedCurrency": "USD",
        "cik": "0000096223",
        "fillingDate": "2007-11-08",
        "acceptedDate": "2007-11-08 16:08:13",
        "calendarYear": "2007",
        "period": "Q3",
        "revenue": 255796000,
        "costOfRevenue": 215387000,
        "grossProfit": 40409000,
        "grossProfitRatio": 0.1579735414,
        "researchAndDevelopmentExpenses": 0,
        "generalAndAdministrativeExpenses": 0,
        "sellingAndMarketingExpenses": 0,
        "sellingGeneralAndAdministrativeExpenses": 88516000,
        "otherExpenses": 10171000,
        "operatingExpenses": 98687000,
        "costAndExpenses": 314074000,
        "interestIncome": 0,
        "interestExpense": 0,
        "depreciationAndAmortization": 12529000,
        "ebitda": -45749000,
        "ebitdaratio": -0.178849552,
        "operatingIncome": -58278000,
        "operatingIncomeRatio": -0.2278299895,
        "totalOtherIncomeExpensesNet": 47410000,
        "incomeBeforeTax": -10868000,
        "incomeBeforeTaxRatio": -0.0424869818,
        "incomeTaxExpense": -4177000,
        "netIncome": 3888000,
        "netIncomeRatio": 0.0151996122,
        "eps": 0.02,
        "epsdiluted": 0.02,
        "weightedAverageShsOut": 194400000,
        "weightedAverageShsOutDil": 194400000,
        "link": "https://www.sec.gov/Archives/edgar/data/96223/000009622307000130/0000096223-07-000130-index.htm",
        "finalLink": "https://www.sec.gov/Archives/edgar/data/96223/000009622307000130/lnc3rdqtr0710q.txt"
    },
    {
        "date": "2007-06-30",
        "symbol": "JEF",
        "reportedCurrency": "USD",
        "cik": "0000096223",
        "fillingDate": "2007-08-08",
        "acceptedDate": "2007-08-08 16:42:55",
        "calendarYear": "2007",
        "period": "Q2",
        "revenue": 239687000,
        "costOfRevenue": 198899000,
        "grossProfit": 40788000,
        "grossProfitRatio": 0.1701719326,
        "researchAndDevelopmentExpenses": 0,
        "generalAndAdministrativeExpenses": 0,
        "sellingAndMarketingExpenses": 0,
        "sellingGeneralAndAdministrativeExpenses": 74959000,
        "otherExpenses": 6699000,
        "operatingExpenses": 81658000,
        "costAndExpenses": 280557000,
        "interestIncome": 0,
        "interestExpense": 0,
        "depreciationAndAmortization": 9251000,
        "ebitda": -31619000,
        "ebitdaratio": -0.1319178762,
        "operatingIncome": -40870000,
        "operatingIncomeRatio": -0.1705140454,
        "totalOtherIncomeExpensesNet": 77481000,
        "incomeBeforeTax": 36611000,
        "incomeBeforeTaxRatio": 0.1527450383,
        "incomeTaxExpense": 14850000,
        "netIncome": 26299000,
        "netIncomeRatio": 0.1097222628,
        "eps": 0.12,
        "epsdiluted": 0.12,
        "weightedAverageShsOut": 219158333,
        "weightedAverageShsOutDil": 219158333,
        "link": "https://www.sec.gov/Archives/edgar/data/96223/000009622307000095/0000096223-07-000095-index.htm",
        "finalLink": "https://www.sec.gov/Archives/edgar/data/96223/000009622307000095/lnc2ndqtr0710q.txt"
    },
    {
        "date": "2007-03-31",
        "symbol": "JEF",
        "reportedCurrency": "USD",
        "cik": "0000096223",
        "fillingDate": "2007-05-09",
        "acceptedDate": "2007-05-09 16:38:00",
        "calendarYear": "2007",
        "period": "Q1",
        "revenue": 129365000,
        "costOfRevenue": 108354000,
        "grossProfit": 21011000,
        "grossProfitRatio": 0.1624164187,
        "researchAndDevelopmentExpenses": 0,
        "generalAndAdministrativeExpenses": 0,
        "sellingAndMarketingExpenses": 0,
        "sellingGeneralAndAdministrativeExpenses": 71371000,
        "otherExpenses": 6180000,
        "operatingExpenses": 77551000,
        "costAndExpenses": 185905000,
        "interestIncome": 0,
        "interestExpense": 0,
        "depreciationAndAmortization": 6399000,
        "ebitda": -50141000,
        "ebitdaratio": -0.3875932439,
        "operatingIncome": -56540000,
        "operatingIncomeRatio": -0.4370579368,
        "totalOtherIncomeExpensesNet": 60669000,
        "incomeBeforeTax": 4129000,
        "incomeBeforeTaxRatio": 0.0319174429,
        "incomeTaxExpense": -3732000,
        "netIncome": 8374000,
        "netIncomeRatio": 0.0647315735,
        "eps": 0.04,
        "epsdiluted": 0.04,
        "weightedAverageShsOut": 209350000,
        "weightedAverageShsOutDil": 209350000,
        "link": "https://www.sec.gov/Archives/edgar/data/96223/000009622307000041/0000096223-07-000041-index.htm",
        "finalLink": "https://www.sec.gov/Archives/edgar/data/96223/000009622307000041/lnc1stqtr0710q.txt"
    },
    {
        "date": "2006-12-31",
        "symbol": "JEF",
        "reportedCurrency": "USD",
        "cik": "0000096223",
        "fillingDate": "2007-02-28",
        "acceptedDate": "2007-02-28 14:20:21",
        "calendarYear": "2006",
        "period": "Q4",
        "revenue": 107673000,
        "costOfRevenue": 95768000,
        "grossProfit": 11905000,
        "grossProfitRatio": 0.1105662515,
        "researchAndDevelopmentExpenses": 0,
        "generalAndAdministrativeExpenses": 0,
        "sellingAndMarketingExpenses": 0,
        "sellingGeneralAndAdministrativeExpenses": 70277000,
        "otherExpenses": 5918000,
        "operatingExpenses": 76195000,
        "costAndExpenses": 171963000,
        "interestIncome": 0,
        "interestExpense": 0,
        "depreciationAndAmortization": 5765000,
        "ebitda": -58372000,
        "ebitdaratio": -0.5421229092,
        "operatingIncome": -64290000,
        "operatingIncomeRatio": -0.5970856204,
        "totalOtherIncomeExpensesNet": 64255000,
        "incomeBeforeTax": -35000,
        "incomeBeforeTaxRatio": -0.0003250583,
        "incomeTaxExpense": -7100000,
        "netIncome": 11209000,
        "netIncomeRatio": 0.1041022355,
        "eps": 0.0337,
        "epsdiluted": 0.0337,
        "weightedAverageShsOut": 208989911,
        "weightedAverageShsOutDil": 209350000,
        "link": "https://www.sec.gov/Archives/edgar/data/96223/000009622307000015/0000096223-07-000015-index.htm",
        "finalLink": "https://www.sec.gov/Archives/edgar/data/96223/000009622307000015/lnc200610k.txt"
    },
    {
        "date": "2006-09-30",
        "symbol": "JEF",
        "reportedCurrency": "USD",
        "cik": "0000096223",
        "fillingDate": "2006-11-09",
        "acceptedDate": "2006-11-09 11:44:54",
        "calendarYear": "2006",
        "period": "Q3",
        "revenue": 105375000,
        "costOfRevenue": 91909000,
        "grossProfit": 13466000,
        "grossProfitRatio": 0.1277912218,
        "researchAndDevelopmentExpenses": 0,
        "generalAndAdministrativeExpenses": 0,
        "sellingAndMarketingExpenses": 0,
        "sellingGeneralAndAdministrativeExpenses": 55678000,
        "otherExpenses": 5855000,
        "operatingExpenses": 61533000,
        "costAndExpenses": 153442000,
        "interestIncome": 0,
        "interestExpense": 0,
        "depreciationAndAmortization": 6968000,
        "ebitda": -41099000,
        "ebitdaratio": -0.3900260973,
        "operatingIncome": -48067000,
        "operatingIncomeRatio": -0.4561518387,
        "totalOtherIncomeExpensesNet": 43098000,
        "incomeBeforeTax": -4969000,
        "incomeBeforeTaxRatio": -0.0471553974,
        "incomeTaxExpense": -8709000,
        "netIncome": 60477000,
        "netIncomeRatio": 0.5739217082,
        "eps": 0.28,
        "epsdiluted": 0.27,
        "weightedAverageShsOut": 215989286,
        "weightedAverageShsOutDil": 223988889,
        "link": "https://www.sec.gov/Archives/edgar/data/96223/000009622306000118/0000096223-06-000118-index.htm",
        "finalLink": "https://www.sec.gov/Archives/edgar/data/96223/000009622306000118/lnc3rdqtr10q.txt"
    },
    {
        "date": "2006-06-30",
        "symbol": "JEF",
        "reportedCurrency": "USD",
        "cik": "0000096223",
        "fillingDate": "2006-08-09",
        "acceptedDate": "2006-08-09 09:40:24",
        "calendarYear": "2006",
        "period": "Q2",
        "revenue": 118414000,
        "costOfRevenue": 123687000,
        "grossProfit": -5273000,
        "grossProfitRatio": -0.0445302076,
        "researchAndDevelopmentExpenses": 0,
        "generalAndAdministrativeExpenses": 0,
        "sellingAndMarketingExpenses": 0,
        "sellingGeneralAndAdministrativeExpenses": 55442000,
        "otherExpenses": 9356000,
        "operatingExpenses": 79967000,
        "costAndExpenses": 203654000,
        "interestIncome": 0,
        "interestExpense": 0,
        "depreciationAndAmortization": 6595000,
        "ebitda": -36127000,
        "ebitdaratio": -0.3050906143,
        "operatingIncome": -42722000,
        "operatingIncomeRatio": -0.3607850423,
        "totalOtherIncomeExpensesNet": 93281000,
        "incomeBeforeTax": 50559000,
        "incomeBeforeTaxRatio": 0.426968095,
        "incomeTaxExpense": 14901000,
        "netIncome": 37020000,
        "netIncomeRatio": 0.3126319523,
        "eps": 0.17,
        "epsdiluted": 0.17,
        "weightedAverageShsOut": 217764706,
        "weightedAverageShsOutDil": 217764706,
        "link": "https://www.sec.gov/Archives/edgar/data/96223/000009622306000095/0000096223-06-000095-index.htm",
        "finalLink": "https://www.sec.gov/Archives/edgar/data/96223/000009622306000095/lnc2ndqtr10q.txt"
    },
    {
        "date": "2006-03-31",
        "symbol": "JEF",
        "reportedCurrency": "USD",
        "cik": "0000096223",
        "fillingDate": "2006-05-09",
        "acceptedDate": "2006-05-09 15:19:46",
        "calendarYear": "2006",
        "period": "Q1",
        "revenue": 119391000,
        "costOfRevenue": 98513000,
        "grossProfit": 20878000,
        "grossProfitRatio": 0.1748708027,
        "researchAndDevelopmentExpenses": 0,
        "generalAndAdministrativeExpenses": 0,
        "sellingAndMarketingExpenses": 0,
        "sellingGeneralAndAdministrativeExpenses": 59492000,
        "otherExpenses": -38614000,
        "operatingExpenses": 20878000,
        "costAndExpenses": 119391000,
        "interestIncome": 0,
        "interestExpense": 0,
        "depreciationAndAmortization": 4672000,
        "ebitda": -38614000,
        "ebitdaratio": -0.3234247138,
        "operatingIncome": -43528000,
        "operatingIncomeRatio": -0.3645835951,
        "totalOtherIncomeExpensesNet": 168796000,
        "incomeBeforeTax": 125268000,
        "incomeBeforeTaxRatio": 1.0492248159,
        "incomeTaxExpense": 42679000,
        "netIncome": 80693000,
        "netIncomeRatio": 0.6758717156,
        "eps": 0.37,
        "epsdiluted": 0.36,
        "weightedAverageShsOut": 218089189,
        "weightedAverageShsOutDil": 224147222,
        "link": "https://www.sec.gov/Archives/edgar/data/96223/000009622306000033/0000096223-06-000033-index.htm",
        "finalLink": "https://www.sec.gov/Archives/edgar/data/96223/000009622306000033/lnc1stqtr10q.txt"
    },
    {
        "date": "2005-12-31",
        "symbol": "JEF",
        "reportedCurrency": "USD",
        "cik": "0000096223",
        "fillingDate": "2006-03-08",
        "acceptedDate": "2006-03-08 16:50:03",
        "calendarYear": "2005",
        "period": "Q4",
        "revenue": -1093158000,
        "costOfRevenue": -754468000,
        "grossProfit": -338690000,
        "grossProfitRatio": 0.3098271247,
        "researchAndDevelopmentExpenses": 0,
        "generalAndAdministrativeExpenses": 0,
        "sellingAndMarketingExpenses": 0,
        "sellingGeneralAndAdministrativeExpenses": -142670000,
        "otherExpenses": -112220000,
        "operatingExpenses": -254890000,
        "costAndExpenses": -1009358000,
        "interestIncome": 0,
        "interestExpense": 0,
        "depreciationAndAmortization": 44990000,
        "ebitda": -38810000,
        "ebitdaratio": 0.0355026446,
        "operatingIncome": -83800000,
        "operatingIncomeRatio": 0.0766586349,
        "totalOtherIncomeExpensesNet": 30948000,
        "incomeBeforeTax": -52852000,
        "incomeBeforeTaxRatio": 0.0483479973,
        "incomeTaxExpense": 637000,
        "netIncome": 258203000,
        "netIncomeRatio": -0.2361991588,
        "eps": -0.25,
        "epsdiluted": -0.25,
        "weightedAverageShsOut": 215181333,
        "weightedAverageShsOutDil": 215181333,
        "link": "https://www.sec.gov/Archives/edgar/data/96223/000009622306000018/0000096223-06-000018-index.htm",
        "finalLink": "https://www.sec.gov/Archives/edgar/data/96223/000009622306000018/lnc200510k.txt"
    },
    {
        "date": "2005-09-30",
        "symbol": "JEF",
        "reportedCurrency": "USD",
        "cik": "0000096223",
        "fillingDate": "2005-11-08",
        "acceptedDate": "2005-11-08 16:53:42",
        "calendarYear": "2005",
        "period": "Q3",
        "revenue": 115066000,
        "costOfRevenue": 98019000,
        "grossProfit": 17047000,
        "grossProfitRatio": 0.1481497575,
        "researchAndDevelopmentExpenses": 0,
        "generalAndAdministrativeExpenses": 0,
        "sellingAndMarketingExpenses": 0,
        "sellingGeneralAndAdministrativeExpenses": 42897000,
        "otherExpenses": -25850000,
        "operatingExpenses": 17047000,
        "costAndExpenses": 115066000,
        "interestIncome": 0,
        "interestExpense": 0,
        "depreciationAndAmortization": 45698000,
        "ebitda": 15552000,
        "ebitdaratio": 0.1351572141,
        "operatingIncome": -30146000,
        "operatingIncomeRatio": -0.2619887717,
        "totalOtherIncomeExpensesNet": 50475000,
        "incomeBeforeTax": 20329000,
        "incomeBeforeTaxRatio": 0.1766725184,
        "incomeTaxExpense": -24885000,
        "netIncome": 104114000,
        "netIncomeRatio": 0.9048198425,
        "eps": 0.48,
        "epsdiluted": 0.47,
        "weightedAverageShsOut": 216904167,
        "weightedAverageShsOutDil": 221519149,
        "link": "https://www.sec.gov/Archives/edgar/data/96223/000009622305000094/0000096223-05-000094-index.htm",
        "finalLink": "https://www.sec.gov/Archives/edgar/data/96223/000009622305000094/lnc3rqtr10q.txt"
    },
    {
        "date": "2005-06-30",
        "symbol": "JEF",
        "reportedCurrency": "USD",
        "cik": "0000096223",
        "fillingDate": "2005-08-08",
        "acceptedDate": "2005-08-08 16:43:23",
        "calendarYear": "2005",
        "period": "Q2",
        "revenue": 607670000,
        "costOfRevenue": 451448000,
        "grossProfit": 156222000,
        "grossProfitRatio": 0.2570836145,
        "researchAndDevelopmentExpenses": 0,
        "generalAndAdministrativeExpenses": 0,
        "sellingAndMarketingExpenses": 0,
        "sellingGeneralAndAdministrativeExpenses": 133636000,
        "otherExpenses": 48667000,
        "operatingExpenses": 182303000,
        "costAndExpenses": 633751000,
        "interestIncome": 0,
        "interestExpense": 0,
        "depreciationAndAmortization": 50585000,
        "ebitda": 24504000,
        "ebitdaratio": 0.0403245182,
        "operatingIncome": -26081000,
        "operatingIncomeRatio": -0.0429196768,
        "totalOtherIncomeExpensesNet": 135154000,
        "incomeBeforeTax": 109073000,
        "incomeBeforeTaxRatio": 0.1794938042,
        "incomeTaxExpense": -1107460000,
        "netIncome": 1271111000,
        "netIncomeRatio": 2.0917784324,
        "eps": 5.91,
        "epsdiluted": 5.52,
        "weightedAverageShsOut": 215260119,
        "weightedAverageShsOutDil": 230482502,
        "link": "https://www.sec.gov/Archives/edgar/data/96223/000009622305000080/0000096223-05-000080-index.htm",
        "finalLink": "https://www.sec.gov/Archives/edgar/data/96223/000009622305000080/lnc2ndqtr10q.txt"
    },
    {
        "date": "2005-03-31",
        "symbol": "JEF",
        "reportedCurrency": "USD",
        "cik": "0000096223",
        "fillingDate": "2005-05-10",
        "acceptedDate": "2005-05-10 13:50:53",
        "calendarYear": "2005",
        "period": "Q1",
        "revenue": 509908000,
        "costOfRevenue": 374192000,
        "grossProfit": 135716000,
        "grossProfitRatio": 0.2661578167,
        "researchAndDevelopmentExpenses": 0,
        "generalAndAdministrativeExpenses": 0,
        "sellingAndMarketingExpenses": 0,
        "sellingGeneralAndAdministrativeExpenses": 123179000,
        "otherExpenses": 46516000,
        "operatingExpenses": 169695000,
        "costAndExpenses": 543887000,
        "interestIncome": 0,
        "interestExpense": 0,
        "depreciationAndAmortization": 48223000,
        "ebitda": 14244000,
        "ebitdaratio": 0.0279344509,
        "operatingIncome": -33979000,
        "operatingIncomeRatio": -0.0666375111,
        "totalOtherIncomeExpensesNet": 37216000,
        "incomeBeforeTax": 3237000,
        "incomeBeforeTaxRatio": 0.006348204,
        "incomeTaxExpense": 624000,
        "netIncome": 2613000,
        "netIncomeRatio": 0.0051244538,
        "eps": 0.01,
        "epsdiluted": 0.01,
        "weightedAverageShsOut": 261300000,
        "weightedAverageShsOutDil": 261300000,
        "link": "https://www.sec.gov/Archives/edgar/data/96223/000009622305000030/0000096223-05-000030-index.htm",
        "finalLink": "https://www.sec.gov/Archives/edgar/data/96223/000009622305000030/lnc1stq0510q.txt"
    },
    {
        "date": "2004-12-31",
        "symbol": "JEF",
        "reportedCurrency": "USD",
        "cik": "0000096223",
        "fillingDate": "2005-06-10",
        "acceptedDate": "2005-06-10 14:09:45",
        "calendarYear": "2004",
        "period": "Q4",
        "revenue": 487053000,
        "costOfRevenue": 349478000,
        "grossProfit": 137575000,
        "grossProfitRatio": 0.2824641261,
        "researchAndDevelopmentExpenses": 0,
        "generalAndAdministrativeExpenses": 70673000,
        "sellingAndMarketingExpenses": 72942000,
        "sellingGeneralAndAdministrativeExpenses": 143615000,
        "otherExpenses": -6040000,
        "operatingExpenses": 137575000,
        "costAndExpenses": 487053000,
        "interestIncome": 0,
        "interestExpense": 0,
        "depreciationAndAmortization": 49012000,
        "ebitda": -6040000,
        "ebitdaratio": -0.0124011145,
        "operatingIncome": -55052000,
        "operatingIncomeRatio": -0.1130308201,
        "totalOtherIncomeExpensesNet": 87336000,
        "incomeBeforeTax": 32284000,
        "incomeBeforeTaxRatio": 0.0662843674,
        "incomeTaxExpense": -20713000,
        "netIncome": 48913000,
        "netIncomeRatio": 0.1004264423,
        "eps": 0.21,
        "epsdiluted": 0.21,
        "weightedAverageShsOut": 235700000,
        "weightedAverageShsOutDil": 235700000,
        "link": "https://www.sec.gov/Archives/edgar/data/96223/000090951805000404/0000909518-05-000404-index.htm",
        "finalLink": "https://www.sec.gov/Archives/edgar/data/96223/000090951805000404/jd6-8_10ka2.txt"
    },
    {
        "date": "2004-09-30",
        "symbol": "JEF",
        "reportedCurrency": "USD",
        "cik": "0000096223",
        "fillingDate": "2004-11-09",
        "acceptedDate": "2004-11-09 10:45:41",
        "calendarYear": "2004",
        "period": "Q3",
        "revenue": 483603000,
        "costOfRevenue": 343273000,
        "grossProfit": 140330000,
        "grossProfitRatio": 0.2901760328,
        "researchAndDevelopmentExpenses": 0,
        "generalAndAdministrativeExpenses": 0,
        "sellingAndMarketingExpenses": 0,
        "sellingGeneralAndAdministrativeExpenses": 127538000,
        "otherExpenses": 55318000,
        "operatingExpenses": 140330000,
        "costAndExpenses": 527044000,
        "interestIncome": 0,
        "interestExpense": 0,
        "depreciationAndAmortization": 57824000,
        "ebitda": 15502000,
        "ebitdaratio": 0.0320552188,
        "operatingIncome": -42322000,
        "operatingIncomeRatio": -0.0875139319,
        "totalOtherIncomeExpensesNet": 119197000,
        "incomeBeforeTax": 76875000,
        "incomeBeforeTaxRatio": 0.1589630337,
        "incomeTaxExpense": 1978000,
        "netIncome": 74564000,
        "netIncomeRatio": 0.1541843206,
        "eps": 0.35,
        "epsdiluted": 0.34,
        "weightedAverageShsOut": 213040000,
        "weightedAverageShsOutDil": 222579104,
        "link": "https://www.sec.gov/Archives/edgar/data/96223/000009622304000121/0000096223-04-000121-index.htm",
        "finalLink": "https://www.sec.gov/Archives/edgar/data/96223/000009622304000121/lnc3q0410q.txt"
    },
    {
        "date": "2004-06-30",
        "symbol": "JEF",
        "reportedCurrency": "USD",
        "cik": "0000096223",
        "fillingDate": "2004-08-06",
        "acceptedDate": "2004-08-06 13:20:46",
        "calendarYear": "2004",
        "period": "Q2",
        "revenue": 476141000,
        "costOfRevenue": 349626000,
        "grossProfit": 126515000,
        "grossProfitRatio": 0.2657091072,
        "researchAndDevelopmentExpenses": 0,
        "generalAndAdministrativeExpenses": 0,
        "sellingAndMarketingExpenses": 0,
        "sellingGeneralAndAdministrativeExpenses": 105756000,
        "otherExpenses": 58975000,
        "operatingExpenses": 126515000,
        "costAndExpenses": 476141000,
        "interestIncome": 0,
        "interestExpense": 0,
        "depreciationAndAmortization": 60574000,
        "ebitda": 22736000,
        "ebitdaratio": 0.0477505613,
        "operatingIncome": -37838000,
        "operatingIncomeRatio": -0.0794680567,
        "totalOtherIncomeExpensesNet": 72945000,
        "incomeBeforeTax": 35107000,
        "incomeBeforeTaxRatio": 0.0737323608,
        "incomeTaxExpense": -1264000,
        "netIncome": 38427000,
        "netIncomeRatio": 0.0807050853,
        "eps": 0.16,
        "epsdiluted": 0.16,
        "weightedAverageShsOut": 240168750,
        "weightedAverageShsOutDil": 240168750,
        "link": "https://www.sec.gov/Archives/edgar/data/96223/000009622304000088/0000096223-04-000088-index.htm",
        "finalLink": "https://www.sec.gov/Archives/edgar/data/96223/000009622304000088/lnc2q0410q.txt"
    },
    {
        "date": "2004-03-31",
        "symbol": "JEF",
        "reportedCurrency": "USD",
        "cik": "0000096223",
        "fillingDate": "2004-05-07",
        "acceptedDate": "2004-05-07 10:35:18",
        "calendarYear": "2004",
        "period": "Q1",
        "revenue": 466073000,
        "costOfRevenue": 348259000,
        "grossProfit": 117814000,
        "grossProfitRatio": 0.2527801439,
        "researchAndDevelopmentExpenses": 0,
        "generalAndAdministrativeExpenses": 0,
        "sellingAndMarketingExpenses": 0,
        "sellingGeneralAndAdministrativeExpenses": 115048000,
        "otherExpenses": 63125000,
        "operatingExpenses": 178173000,
        "costAndExpenses": 526432000,
        "interestIncome": 0,
        "interestExpense": 0,
        "depreciationAndAmortization": 65117000,
        "ebitda": 4758000,
        "ebitdaratio": 0.0102087012,
        "operatingIncome": -60359000,
        "operatingIncomeRatio": -0.1295054637,
        "totalOtherIncomeExpensesNet": 48680000,
        "incomeBeforeTax": -11679000,
        "incomeBeforeTaxRatio": -0.0250583063,
        "incomeTaxExpense": 273000,
        "netIncome": -11952000,
        "netIncomeRatio": -0.0256440515,
        "eps": -0.0567,
        "epsdiluted": -0.0567,
        "weightedAverageShsOut": 210917647,
        "weightedAverageShsOutDil": 210917647,
        "link": "https://www.sec.gov/Archives/edgar/data/96223/000009622304000045/0000096223-04-000045-index.htm",
        "finalLink": "https://www.sec.gov/Archives/edgar/data/96223/000009622304000045/lnc1stq0410q.txt"
    },
    {
        "date": "2003-12-31",
        "symbol": "JEF",
        "reportedCurrency": "USD",
        "cik": "0000096223",
        "fillingDate": "2004-03-12",
        "acceptedDate": "2004-03-12 17:06:36",
        "calendarYear": "2003",
        "period": "Q4",
        "revenue": 344297000,
        "costOfRevenue": 25579000,
        "grossProfit": 318718000,
        "grossProfitRatio": 0.9257065847,
        "researchAndDevelopmentExpenses": 0,
        "generalAndAdministrativeExpenses": 70673000,
        "sellingAndMarketingExpenses": 0,
        "sellingGeneralAndAdministrativeExpenses": 70673000,
        "otherExpenses": 333002000,
        "operatingExpenses": 333002000,
        "costAndExpenses": 344297000,
        "interestIncome": 229502000,
        "interestExpense": 6474000,
        "depreciationAndAmortization": 0,
        "ebitda": 11295000,
        "ebitdaratio": 0.0328059786,
        "operatingIncome": 11295000,
        "operatingIncomeRatio": 0.0328059786,
        "totalOtherIncomeExpensesNet": -17362000,
        "incomeBeforeTax": -6067000,
        "incomeBeforeTaxRatio": -0.0176214141,
        "incomeTaxExpense": -34512000,
        "netIncome": 39333000,
        "netIncomeRatio": 0.1142414834,
        "eps": 0.22,
        "epsdiluted": 0.21,
        "weightedAverageShsOut": 181065697,
        "weightedAverageShsOutDil": 183788896,
        "link": "https://www.sec.gov/Archives/edgar/data/96223/000009622304000019/0000096223-04-000019-index.htm",
        "finalLink": "https://www.sec.gov/Archives/edgar/data/96223/000009622304000019/jd3-10_10k.txt"
    },
    {
        "date": "2003-09-30",
        "symbol": "JEF",
        "reportedCurrency": "USD",
        "cik": "0000096223",
        "fillingDate": "2003-11-14",
        "acceptedDate": "2003-11-14 10:30:23",
        "calendarYear": "2003",
        "period": "Q3",
        "revenue": 43954000,
        "costOfRevenue": 24283000,
        "grossProfit": 19671000,
        "grossProfitRatio": 0.4475360604,
        "researchAndDevelopmentExpenses": 0,
        "generalAndAdministrativeExpenses": 0,
        "sellingAndMarketingExpenses": 0,
        "sellingGeneralAndAdministrativeExpenses": 40624000,
        "otherExpenses": -20953000,
        "operatingExpenses": 19671000,
        "costAndExpenses": 43954000,
        "interestIncome": 0,
        "interestExpense": 11916000,
        "depreciationAndAmortization": 5451000,
        "ebitda": -20953000,
        "ebitdaratio": -0.4767029167,
        "operatingIncome": -26404000,
        "operatingIncomeRatio": -0.6007189334,
        "totalOtherIncomeExpensesNet": 69459000,
        "incomeBeforeTax": 43055000,
        "incomeBeforeTaxRatio": 0.9795467989,
        "incomeTaxExpense": -11542000,
        "netIncome": 56090000,
        "netIncomeRatio": 1.276106839,
        "eps": 0.31,
        "epsdiluted": 0.31,
        "weightedAverageShsOut": 179010638,
        "weightedAverageShsOutDil": 180935484,
        "link": "https://www.sec.gov/Archives/edgar/data/96223/000009622303000122/0000096223-03-000122-index.htm",
        "finalLink": "https://www.sec.gov/Archives/edgar/data/96223/000009622303000122/lnc3rq03.txt"
    },
    {
        "date": "2003-06-30",
        "symbol": "JEF",
        "reportedCurrency": "USD",
        "cik": "0000096223",
        "fillingDate": "2003-08-13",
        "acceptedDate": "2003-08-13 15:53:45",
        "calendarYear": "2003",
        "period": "Q2",
        "revenue": 90000000,
        "costOfRevenue": 10201000,
        "grossProfit": 79799000,
        "grossProfitRatio": 0.8866555556,
        "researchAndDevelopmentExpenses": 0,
        "generalAndAdministrativeExpenses": 0,
        "sellingAndMarketingExpenses": 0,
        "sellingGeneralAndAdministrativeExpenses": 34066000,
        "otherExpenses": -15455000,
        "operatingExpenses": 18611000,
        "costAndExpenses": 28812000,
        "interestIncome": 0,
        "interestExpense": 7045000,
        "depreciationAndAmortization": 3921000,
        "ebitda": -15455000,
        "ebitdaratio": -0.1717222222,
        "operatingIncome": -19376000,
        "operatingIncomeRatio": -0.2152888889,
        "totalOtherIncomeExpensesNet": 32207000,
        "incomeBeforeTax": 12831000,
        "incomeBeforeTaxRatio": 0.1425666667,
        "incomeTaxExpense": 1348000,
        "netIncome": 15417000,
        "netIncomeRatio": 0.1713,
        "eps": 0.0867,
        "epsdiluted": 0.0867,
        "weightedAverageShsOut": 177888462,
        "weightedAverageShsOutDil": 177888462,
        "link": "https://www.sec.gov/Archives/edgar/data/96223/000009622303000094/0000096223-03-000094-index.htm",
        "finalLink": "https://www.sec.gov/Archives/edgar/data/96223/000009622303000094/lnc2ndqtr03.txt"
    },
    {
        "date": "2003-03-31",
        "symbol": "JEF",
        "reportedCurrency": "USD",
        "cik": "0000096223",
        "fillingDate": "2003-05-12",
        "acceptedDate": "2003-05-12 14:03:46",
        "calendarYear": "2003",
        "period": "Q1",
        "revenue": 47209000,
        "costOfRevenue": 0,
        "grossProfit": 47209000,
        "grossProfitRatio": 1,
        "researchAndDevelopmentExpenses": 0,
        "generalAndAdministrativeExpenses": 0,
        "sellingAndMarketingExpenses": 0,
        "sellingGeneralAndAdministrativeExpenses": 0,
        "otherExpenses": 54301000,
        "operatingExpenses": 54301000,
        "costAndExpenses": 54301000,
        "interestIncome": 0,
        "interestExpense": 8180000,
        "depreciationAndAmortization": 0,
        "ebitda": -7092000,
        "ebitdaratio": -0.1502255926,
        "operatingIncome": -7092000,
        "operatingIncomeRatio": -0.1502255926,
        "totalOtherIncomeExpensesNet": -8180000,
        "incomeBeforeTax": -15272000,
        "incomeBeforeTaxRatio": -0.3234976382,
        "incomeTaxExpense": -1486000,
        "netIncome": -13786000,
        "netIncomeRatio": -0.2920205893,
        "eps": -0.0767,
        "epsdiluted": -0.0767,
        "weightedAverageShsOut": 179817391,
        "weightedAverageShsOutDil": 179817391,
        "link": "https://www.sec.gov/Archives/edgar/data/96223/000009622303000035/0000096223-03-000035-index.htm",
        "finalLink": "https://www.sec.gov/Archives/edgar/data/96223/000009622303000035/lnc1stqtr.txt"
    },
    {
        "date": "2002-12-31",
        "symbol": "JEF",
        "reportedCurrency": "USD",
        "cik": "0000096223",
        "fillingDate": "2003-03-28",
        "acceptedDate": "2003-03-28 11:15:00",
        "calendarYear": "2002",
        "period": "Q4",
        "revenue": 38867000,
        "costOfRevenue": 0,
        "grossProfit": 38867000,
        "grossProfitRatio": 1,
        "researchAndDevelopmentExpenses": 0,
        "generalAndAdministrativeExpenses": 0,
        "sellingAndMarketingExpenses": 0,
        "sellingGeneralAndAdministrativeExpenses": 0,
        "otherExpenses": 65738000,
        "operatingExpenses": 65738000,
        "costAndExpenses": 65738000,
        "interestIncome": 0,
        "interestExpense": 9118000,
        "depreciationAndAmortization": 0,
        "ebitda": -26871000,
        "ebitdaratio": -0.6913577071,
        "operatingIncome": -26871000,
        "operatingIncomeRatio": -0.6913577071,
        "totalOtherIncomeExpensesNet": -9118000,
        "incomeBeforeTax": -35989000,
        "incomeBeforeTaxRatio": -0.9259526076,
        "incomeTaxExpense": -160272000,
        "netIncome": 124283000,
        "netIncomeRatio": 3.1976483907,
        "eps": 0.69,
        "epsdiluted": 0.69,
        "weightedAverageShsOut": 179817391,
        "weightedAverageShsOutDil": 179817391,
        "link": "https://www.sec.gov/Archives/edgar/data/96223/000009622303000011/0000096223-03-000011-index.htm",
        "finalLink": "https://www.sec.gov/Archives/edgar/data/96223/000009622303000011/lnc0210k.txt"
    },
    {
        "date": "2002-09-30",
        "symbol": "JEF",
        "reportedCurrency": "USD",
        "cik": "0000096223",
        "fillingDate": "2002-11-13",
        "acceptedDate": "2002-11-13 15:26:29",
        "calendarYear": "2002",
        "period": "Q3",
        "revenue": 74181000,
        "costOfRevenue": 0,
        "grossProfit": 74181000,
        "grossProfitRatio": 1,
        "researchAndDevelopmentExpenses": 0,
        "generalAndAdministrativeExpenses": 0,
        "sellingAndMarketingExpenses": 0,
        "sellingGeneralAndAdministrativeExpenses": 0,
        "otherExpenses": 70047000,
        "operatingExpenses": 70047000,
        "costAndExpenses": 70047000,
        "interestIncome": 0,
        "interestExpense": 9679000,
        "depreciationAndAmortization": 0,
        "ebitda": 4134000,
        "ebitdaratio": 0.0557285558,
        "operatingIncome": 4134000,
        "operatingIncomeRatio": 0.0557285558,
        "totalOtherIncomeExpensesNet": -9679000,
        "incomeBeforeTax": -5545000,
        "incomeBeforeTaxRatio": -0.074749599,
        "incomeTaxExpense": -3061000,
        "netIncome": -2484000,
        "netIncomeRatio": -0.0334856634,
        "eps": -0.0133,
        "epsdiluted": -0.0133,
        "weightedAverageShsOut": 186300000,
        "weightedAverageShsOutDil": 186300000,
        "link": "https://www.sec.gov/Archives/edgar/data/96223/000009622302000027/0000096223-02-000027-index.htm",
        "finalLink": "https://www.sec.gov/Archives/edgar/data/96223/000009622302000027/lnc3q02q.txt"
    },
    {
        "date": "2002-06-30",
        "symbol": "JEF",
        "reportedCurrency": "USD",
        "cik": "0000096223",
        "fillingDate": "2002-08-14",
        "acceptedDate": "2002-08-14 13:58:33",
        "calendarYear": "2002",
        "period": "Q2",
        "revenue": 95372000,
        "costOfRevenue": 0,
        "grossProfit": 95372000,
        "grossProfitRatio": 1,
        "researchAndDevelopmentExpenses": 0,
        "generalAndAdministrativeExpenses": 0,
        "sellingAndMarketingExpenses": 0,
        "sellingGeneralAndAdministrativeExpenses": 0,
        "otherExpenses": 54239000,
        "operatingExpenses": 54239000,
        "costAndExpenses": 54239000,
        "interestIncome": 0,
        "interestExpense": 2650000,
        "depreciationAndAmortization": 0,
        "ebitda": 41133000,
        "ebitdaratio": 0.4312901061,
        "operatingIncome": 41133000,
        "operatingIncomeRatio": 0.4312901061,
        "totalOtherIncomeExpensesNet": -10302000,
        "incomeBeforeTax": 30831000,
        "incomeBeforeTaxRatio": 0.323270981,
        "incomeTaxExpense": 11402000,
        "netIncome": 27081000,
        "netIncomeRatio": 0.2839512645,
        "eps": 0.16,
        "epsdiluted": 0.16,
        "weightedAverageShsOut": 165802041,
        "weightedAverageShsOutDil": 165802041,
        "link": "https://www.sec.gov/Archives/edgar/data/96223/000009622302000019/0000096223-02-000019-index.htm",
        "finalLink": "https://www.sec.gov/Archives/edgar/data/96223/000009622302000019/lnc2q02q.txt"
    },
    {
        "date": "2002-03-31",
        "symbol": "JEF",
        "reportedCurrency": "USD",
        "cik": "0000096223",
        "fillingDate": "2002-05-08",
        "acceptedDate": "2002-05-08 13:21:44",
        "calendarYear": "2002",
        "period": "Q1",
        "revenue": 93356000,
        "costOfRevenue": 0,
        "grossProfit": 93356000,
        "grossProfitRatio": 1,
        "researchAndDevelopmentExpenses": 0,
        "generalAndAdministrativeExpenses": 0,
        "sellingAndMarketingExpenses": 0,
        "sellingGeneralAndAdministrativeExpenses": 0,
        "otherExpenses": 61610000,
        "operatingExpenses": 61610000,
        "costAndExpenses": 61610000,
        "interestIncome": 0,
        "interestExpense": 11225000,
        "depreciationAndAmortization": 0,
        "ebitda": 17653000,
        "ebitdaratio": 0.189093363,
        "operatingIncome": 17653000,
        "operatingIncomeRatio": 0.189093363,
        "totalOtherIncomeExpensesNet": -9969000,
        "incomeBeforeTax": 7684000,
        "incomeBeforeTaxRatio": 0.0823085822,
        "incomeTaxExpense": -3619000,
        "netIncome": 12743000,
        "netIncomeRatio": 0.1364989931,
        "eps": 0.0767,
        "epsdiluted": 0.0767,
        "weightedAverageShsOut": 166213043,
        "weightedAverageShsOutDil": 166213043,
        "link": "https://www.sec.gov/Archives/edgar/data/96223/000009622302000011/0000096223-02-000011-index.htm",
        "finalLink": "https://www.sec.gov/Archives/edgar/data/96223/000009622302000011/lnc1q02q.txt"
    },
    {
        "date": "2001-12-31",
        "symbol": "JEF",
        "reportedCurrency": "USD",
        "cik": "0000096223",
        "fillingDate": "2002-03-06",
        "acceptedDate": "2002-03-06 00:00:00",
        "calendarYear": "2001",
        "period": "Q4",
        "revenue": 30974000,
        "costOfRevenue": 0,
        "grossProfit": 30974000,
        "grossProfitRatio": 1,
        "researchAndDevelopmentExpenses": 0,
        "generalAndAdministrativeExpenses": 0,
        "sellingAndMarketingExpenses": 0,
        "sellingGeneralAndAdministrativeExpenses": 0,
        "otherExpenses": -68260000,
        "operatingExpenses": -68260000,
        "costAndExpenses": -68260000,
        "interestIncome": 0,
        "interestExpense": 85588000,
        "depreciationAndAmortization": 0,
        "ebitda": 99234000,
        "ebitdaratio": 3.2037838187,
        "operatingIncome": 99234000,
        "operatingIncomeRatio": 3.2037838187,
        "totalOtherIncomeExpensesNet": -12869000,
        "incomeBeforeTax": 86365000,
        "incomeBeforeTaxRatio": 2.7883063214,
        "incomeTaxExpense": -4419000,
        "netIncome": 18065000,
        "netIncomeRatio": 0.583231097,
        "eps": 0.55,
        "epsdiluted": 0.55,
        "weightedAverageShsOut": 166213043,
        "weightedAverageShsOutDil": 166213043,
        "link": "https://www.sec.gov/Archives/edgar/data/96223/000009622302000003/0000096223-02-000003-index.htm",
        "finalLink": "https://www.sec.gov/Archives/edgar/data/96223/000009622302000003/lnc200110k.txt"
    },
    {
        "date": "2001-09-30",
        "symbol": "JEF",
        "reportedCurrency": "USD",
        "cik": "0000096223",
        "fillingDate": "2001-11-14",
        "acceptedDate": "2001-11-14 00:00:00",
        "calendarYear": "2001",
        "period": "Q3",
        "revenue": 61494000,
        "costOfRevenue": 0,
        "grossProfit": 61494000,
        "grossProfitRatio": 1,
        "researchAndDevelopmentExpenses": 0,
        "generalAndAdministrativeExpenses": 0,
        "sellingAndMarketingExpenses": 0,
        "sellingGeneralAndAdministrativeExpenses": 0,
        "otherExpenses": 95915000,
        "operatingExpenses": 95915000,
        "costAndExpenses": 95915000,
        "interestIncome": 0,
        "interestExpense": 15870000,
        "depreciationAndAmortization": 0,
        "ebitda": -34421000,
        "ebitdaratio": -0.5597456662,
        "operatingIncome": -34421000,
        "operatingIncomeRatio": -0.5597456662,
        "totalOtherIncomeExpensesNet": -15870000,
        "incomeBeforeTax": -50291000,
        "incomeBeforeTaxRatio": -0.8178196247,
        "incomeTaxExpense": -18331000,
        "netIncome": -31960000,
        "netIncomeRatio": -0.5197255017,
        "eps": -0.19,
        "epsdiluted": -0.19,
        "weightedAverageShsOut": 165310345,
        "weightedAverageShsOutDil": 165310345,
        "link": "https://www.sec.gov/Archives/edgar/data/96223/000009622301500026/0000096223-01-500026-index.htm",
        "finalLink": "https://www.sec.gov/Archives/edgar/data/96223/000009622301500026/lnc3rdq.txt"
    },
    {
        "date": "2001-06-30",
        "symbol": "JEF",
        "reportedCurrency": "USD",
        "cik": "0000096223",
        "fillingDate": "2001-08-14",
        "acceptedDate": "2001-08-14 00:00:00",
        "calendarYear": "2001",
        "period": "Q2",
        "revenue": 151036000,
        "costOfRevenue": 0,
        "grossProfit": 151036000,
        "grossProfitRatio": 1,
        "researchAndDevelopmentExpenses": 0,
        "generalAndAdministrativeExpenses": 0,
        "sellingAndMarketingExpenses": 0,
        "sellingGeneralAndAdministrativeExpenses": 24476000,
        "otherExpenses": 93346000,
        "operatingExpenses": 117822000,
        "costAndExpenses": 117822000,
        "interestIncome": 0,
        "interestExpense": 16021000,
        "depreciationAndAmortization": 0,
        "ebitda": 59340000,
        "ebitdaratio": 0.3928864642,
        "operatingIncome": 59340000,
        "operatingIncomeRatio": 0.3928864642,
        "totalOtherIncomeExpensesNet": -13816000,
        "incomeBeforeTax": 45524000,
        "incomeBeforeTaxRatio": 0.301411584,
        "incomeTaxExpense": 15046000,
        "netIncome": 25874000,
        "netIncomeRatio": 0.1713101512,
        "eps": 0.16,
        "epsdiluted": 0.16,
        "weightedAverageShsOut": 165153191,
        "weightedAverageShsOutDil": 165153191,
        "link": "https://www.sec.gov/Archives/edgar/data/96223/000009622301500022/0000096223-01-500022-index.htm",
        "finalLink": "https://www.sec.gov/Archives/edgar/data/96223/000009622301500022/lnc2ndqqa.txt"
    },
    {
        "date": "2001-03-31",
        "symbol": "JEF",
        "reportedCurrency": "USD",
        "cik": "0000096223",
        "fillingDate": "2001-05-14",
        "acceptedDate": "2001-05-14 00:00:00",
        "calendarYear": "2001",
        "period": "Q1",
        "revenue": 131794000,
        "costOfRevenue": 0,
        "grossProfit": 131794000,
        "grossProfitRatio": 1,
        "researchAndDevelopmentExpenses": 0,
        "generalAndAdministrativeExpenses": 0,
        "sellingAndMarketingExpenses": 0,
        "sellingGeneralAndAdministrativeExpenses": 0,
        "otherExpenses": 145424000,
        "operatingExpenses": 145424000,
        "costAndExpenses": 145424000,
        "interestIncome": 0,
        "interestExpense": 15550000,
        "depreciationAndAmortization": 0,
        "ebitda": -13630000,
        "ebitdaratio": -0.103418972,
        "operatingIncome": -13630000,
        "operatingIncomeRatio": -0.103418972,
        "totalOtherIncomeExpensesNet": -15961000,
        "incomeBeforeTax": -29591000,
        "incomeBeforeTaxRatio": -0.2245246369,
        "incomeTaxExpense": -9693000,
        "netIncome": -19487000,
        "netIncomeRatio": -0.1478595384,
        "eps": -0.12,
        "epsdiluted": -0.12,
        "weightedAverageShsOut": 167031429,
        "weightedAverageShsOutDil": 167031429,
        "link": "https://www.sec.gov/Archives/edgar/data/96223/000009622301500008/0000096223-01-500008-index.htm",
        "finalLink": "https://www.sec.gov/Archives/edgar/data/96223/000009622301500008/lnc1stq.txt"
    },
    {
        "date": "2000-12-31",
        "symbol": "JEF",
        "reportedCurrency": "USD",
        "cik": "0000096223",
        "fillingDate": "2001-03-29",
        "acceptedDate": "2001-03-29 00:00:00",
        "calendarYear": "2000",
        "period": "Q4",
        "revenue": 248042000,
        "costOfRevenue": 0,
        "grossProfit": 248042000,
        "grossProfitRatio": 1,
        "researchAndDevelopmentExpenses": 0,
        "generalAndAdministrativeExpenses": 0,
        "sellingAndMarketingExpenses": 0,
        "sellingGeneralAndAdministrativeExpenses": 0,
        "otherExpenses": 142415000,
        "operatingExpenses": 142415000,
        "costAndExpenses": 142415000,
        "interestIncome": 0,
        "interestExpense": 15007000,
        "depreciationAndAmortization": 0,
        "ebitda": 105627000,
        "ebitdaratio": 0.425843204,
        "operatingIncome": 105627000,
        "operatingIncomeRatio": 0.425843204,
        "totalOtherIncomeExpensesNet": -15428000,
        "incomeBeforeTax": 90199000,
        "incomeBeforeTaxRatio": 0.3636440603,
        "incomeTaxExpense": 38504000,
        "netIncome": 52116000,
        "netIncomeRatio": 0.2101095782,
        "eps": 0.31,
        "epsdiluted": 0.31,
        "weightedAverageShsOut": 166050293,
        "weightedAverageShsOutDil": 167031429,
        "link": "https://www.sec.gov/Archives/edgar/data/96223/000090951801000343/0000909518-01-000343-index.htm",
        "finalLink": "https://www.sec.gov/Archives/edgar/data/96223/000090951801000343/0000909518-01-000343-0001.txt"
    },
    {
        "date": "2000-09-30",
        "symbol": "JEF",
        "reportedCurrency": "USD",
        "cik": "0000096223",
        "fillingDate": "2000-11-14",
        "acceptedDate": "2000-11-14 00:00:00",
        "calendarYear": "2000",
        "period": "Q3",
        "revenue": 173555000,
        "costOfRevenue": 0,
        "grossProfit": 173555000,
        "grossProfitRatio": 1,
        "researchAndDevelopmentExpenses": 0,
        "generalAndAdministrativeExpenses": 0,
        "sellingAndMarketingExpenses": 0,
        "sellingGeneralAndAdministrativeExpenses": 0,
        "otherExpenses": 113459000,
        "operatingExpenses": 113459000,
        "costAndExpenses": 113459000,
        "interestIncome": 0,
        "interestExpense": 16748000,
        "depreciationAndAmortization": 0,
        "ebitda": 60096000,
        "ebitdaratio": 0.3462648728,
        "operatingIncome": 60096000,
        "operatingIncomeRatio": 0.3462648728,
        "totalOtherIncomeExpensesNet": -16748000,
        "incomeBeforeTax": 43348000,
        "incomeBeforeTaxRatio": 0.2497652041,
        "incomeTaxExpense": 14557000,
        "netIncome": 28791000,
        "netIncomeRatio": 0.1658897756,
        "eps": 0.17,
        "epsdiluted": 0.17,
        "weightedAverageShsOut": 166101923,
        "weightedAverageShsOutDil": 166101923,
        "link": "https://www.sec.gov/Archives/edgar/data/96223/000009622300000010/0000096223-00-000010-index.htm",
        "finalLink": "https://www.sec.gov/Archives/edgar/data/96223/000009622300000010/0000096223-00-000010-0001.txt"
    },
    {
        "date": "2000-06-30",
        "symbol": "JEF",
        "reportedCurrency": "USD",
        "cik": "0000096223",
        "fillingDate": "2000-08-11",
        "acceptedDate": "2000-08-11 00:00:00",
        "calendarYear": "2000",
        "period": "Q2",
        "revenue": 136935000,
        "costOfRevenue": 0,
        "grossProfit": 136935000,
        "grossProfitRatio": 1,
        "researchAndDevelopmentExpenses": 0,
        "generalAndAdministrativeExpenses": 0,
        "sellingAndMarketingExpenses": 0,
        "sellingGeneralAndAdministrativeExpenses": 0,
        "otherExpenses": 106080000,
        "operatingExpenses": 106080000,
        "costAndExpenses": 106080000,
        "interestIncome": 0,
        "interestExpense": 16523000,
        "depreciationAndAmortization": 0,
        "ebitda": 30855000,
        "ebitdaratio": 0.2253258845,
        "operatingIncome": 30855000,
        "operatingIncomeRatio": 0.2253258845,
        "totalOtherIncomeExpensesNet": -16523000,
        "incomeBeforeTax": 14332000,
        "incomeBeforeTaxRatio": 0.1046627962,
        "incomeTaxExpense": 4804000,
        "netIncome": 9528000,
        "netIncomeRatio": 0.0695804579,
        "eps": 0.0567,
        "epsdiluted": 0.0567,
        "weightedAverageShsOut": 168141176,
        "weightedAverageShsOutDil": 168141176,
        "link": "https://www.sec.gov/Archives/edgar/data/96223/000009622300000004/0000096223-00-000004-index.htm",
        "finalLink": "https://www.sec.gov/Archives/edgar/data/96223/000009622300000004/0000096223-00-000004-0001.txt"
    },
    {
        "date": "2000-03-31",
        "symbol": "JEF",
        "reportedCurrency": "USD",
        "cik": "0000096223",
        "fillingDate": "2000-05-11",
        "acceptedDate": "2000-05-11 00:00:00",
        "calendarYear": "2000",
        "period": "Q1",
        "revenue": 156955000,
        "costOfRevenue": 0,
        "grossProfit": 156955000,
        "grossProfitRatio": 1,
        "researchAndDevelopmentExpenses": 0,
        "generalAndAdministrativeExpenses": 0,
        "sellingAndMarketingExpenses": 0,
        "sellingGeneralAndAdministrativeExpenses": 0,
        "otherExpenses": 102518000,
        "operatingExpenses": 102518000,
        "costAndExpenses": 102518000,
        "interestIncome": 0,
        "interestExpense": 13973000,
        "depreciationAndAmortization": 0,
        "ebitda": 54437000,
        "ebitdaratio": 0.3468318945,
        "operatingIncome": 54437000,
        "operatingIncomeRatio": 0.3468318945,
        "totalOtherIncomeExpensesNet": -14535000,
        "incomeBeforeTax": 39902000,
        "incomeBeforeTaxRatio": 0.2542257335,
        "incomeTaxExpense": 14891000,
        "netIncome": 25573000,
        "netIncomeRatio": 0.1629320506,
        "eps": 0.15,
        "epsdiluted": 0.15,
        "weightedAverageShsOut": 166780435,
        "weightedAverageShsOutDil": 166780435,
        "link": "https://www.sec.gov/Archives/edgar/data/96223/000009622300000002/0000096223-00-000002-index.html",
        "finalLink": "https://www.sec.gov/Archives/edgar/data/96223/000009622300000002/"
    },
    {
        "date": "1999-12-31",
        "symbol": "JEF",
        "reportedCurrency": "USD",
        "cik": "0000096223",
        "fillingDate": "2000-03-29",
        "acceptedDate": "2000-03-29 00:00:00",
        "calendarYear": "1999",
        "period": "Q4",
        "revenue": 137300000,
        "costOfRevenue": 0,
        "grossProfit": 137300000,
        "grossProfitRatio": 1,
        "researchAndDevelopmentExpenses": 0,
        "generalAndAdministrativeExpenses": 0,
        "sellingAndMarketingExpenses": 0,
        "sellingGeneralAndAdministrativeExpenses": 0,
        "otherExpenses": 117800000,
        "operatingExpenses": 117800000,
        "costAndExpenses": 117800000,
        "interestIncome": 0,
        "interestExpense": 13500000,
        "depreciationAndAmortization": 0,
        "ebitda": 19500000,
        "ebitdaratio": 0.1420247633,
        "operatingIncome": 19500000,
        "operatingIncomeRatio": 0.1420247633,
        "totalOtherIncomeExpensesNet": -13400000,
        "incomeBeforeTax": 6100000,
        "incomeBeforeTaxRatio": 0.0444282593,
        "incomeTaxExpense": -2300000,
        "netIncome": 8300000,
        "netIncomeRatio": 0.0604515659,
        "eps": 0.0498,
        "epsdiluted": 0.0498,
        "weightedAverageShsOut": 166780435,
        "weightedAverageShsOutDil": 166780435,
        "link": "https://www.sec.gov/Archives/edgar/data/96223/000090951800000210/0000909518-00-000210-index.html",
        "finalLink": "https://www.sec.gov/Archives/edgar/data/96223/000090951800000210/0000909518-00-000210.txt"
    },
    {
        "date": "1999-09-30",
        "symbol": "JEF",
        "reportedCurrency": "USD",
        "cik": "0000096223",
        "fillingDate": "1999-11-12",
        "acceptedDate": "1999-11-12 00:00:00",
        "calendarYear": "1999",
        "period": "Q3",
        "revenue": 131300000,
        "costOfRevenue": 0,
        "grossProfit": 131300000,
        "grossProfitRatio": 1,
        "researchAndDevelopmentExpenses": 0,
        "generalAndAdministrativeExpenses": 0,
        "sellingAndMarketingExpenses": 0,
        "sellingGeneralAndAdministrativeExpenses": 41400000,
        "otherExpenses": 89900000,
        "operatingExpenses": 131300000,
        "costAndExpenses": 131300000,
        "interestIncome": 0,
        "interestExpense": 0,
        "depreciationAndAmortization": 0,
        "ebitda": 41400000,
        "ebitdaratio": 0.3153084539,
        "operatingIncome": 41400000,
        "operatingIncomeRatio": 0.3153084539,
        "totalOtherIncomeExpensesNet": -12200000,
        "incomeBeforeTax": 29200000,
        "incomeBeforeTaxRatio": 0.2223914699,
        "incomeTaxExpense": 7800000,
        "netIncome": 37000000,
        "netIncomeRatio": 0.2817974105,
        "eps": 0.21,
        "epsdiluted": 0.21,
        "weightedAverageShsOut": 176102425,
        "weightedAverageShsOutDil": 176102425,
        "link": "https://www.sec.gov/Archives/edgar/data/96223/000009622399000007/0000096223-99-000007-index.html",
        "finalLink": "https://www.sec.gov/Archives/edgar/data/96223/000009622399000007/0000096223-99-000007.txt"
    },
    {
        "date": "1999-06-30",
        "symbol": "JEF",
        "reportedCurrency": "USD",
        "cik": "0000096223",
        "fillingDate": "1999-08-12",
        "acceptedDate": "1999-08-12 00:00:00",
        "calendarYear": "1999",
        "period": "Q2",
        "revenue": 139500000,
        "costOfRevenue": 0,
        "grossProfit": 139500000,
        "grossProfitRatio": 1,
        "researchAndDevelopmentExpenses": 0,
        "generalAndAdministrativeExpenses": 0,
        "sellingAndMarketingExpenses": 0,
        "sellingGeneralAndAdministrativeExpenses": 40100000,
        "otherExpenses": 99300000,
        "operatingExpenses": 139400000,
        "costAndExpenses": 139400000,
        "interestIncome": 0,
        "interestExpense": 17800000,
        "depreciationAndAmortization": 0,
        "ebitda": 40100000,
        "ebitdaratio": 0.2874551971,
        "operatingIncome": 40100000,
        "operatingIncomeRatio": 0.2874551971,
        "totalOtherIncomeExpensesNet": -15600000,
        "incomeBeforeTax": 24500000,
        "incomeBeforeTaxRatio": 0.1756272401,
        "incomeTaxExpense": 9200000,
        "netIncome": 13200000,
        "netIncomeRatio": 0.0946236559,
        "eps": 0.0733,
        "epsdiluted": 0.0733,
        "weightedAverageShsOut": 180000000,
        "weightedAverageShsOutDil": 180000000,
        "link": "https://www.sec.gov/Archives/edgar/data/96223/000090951899000511/0000909518-99-000511-index.html",
        "finalLink": "https://www.sec.gov/Archives/edgar/data/96223/000090951899000511/0000909518-99-000511.txt"
    },
    {
        "date": "1999-03-31",
        "symbol": "JEF",
        "reportedCurrency": "USD",
        "cik": "0000096223",
        "fillingDate": "1999-05-12",
        "acceptedDate": "1999-05-12 00:00:00",
        "calendarYear": "1999",
        "period": "Q1",
        "revenue": 298600000,
        "costOfRevenue": 0,
        "grossProfit": 298600000,
        "grossProfitRatio": 1,
        "researchAndDevelopmentExpenses": 0,
        "generalAndAdministrativeExpenses": 0,
        "sellingAndMarketingExpenses": 0,
        "sellingGeneralAndAdministrativeExpenses": 0,
        "otherExpenses": 105400000,
        "operatingExpenses": 105400000,
        "costAndExpenses": 105400000,
        "interestIncome": 0,
        "interestExpense": 7100000,
        "depreciationAndAmortization": 0,
        "ebitda": 193185000,
        "ebitdaratio": 0.6469691896,
        "operatingIncome": 193185000,
        "operatingIncomeRatio": 0.6469691896,
        "totalOtherIncomeExpensesNet": -15185000,
        "incomeBeforeTax": 178000000,
        "incomeBeforeTaxRatio": 0.5961152043,
        "incomeTaxExpense": 29800000,
        "netIncome": 156300000,
        "netIncomeRatio": 0.5234427328,
        "eps": 0.85,
        "epsdiluted": 0.85,
        "weightedAverageShsOut": 183882353,
        "weightedAverageShsOutDil": 183882353,
        "link": "https://www.sec.gov/Archives/edgar/data/96223/000009622399000005/0000096223-99-000005-index.html",
        "finalLink": "https://www.sec.gov/Archives/edgar/data/96223/0000096223-99-000005.txt"
    },
    {
        "date": "1998-12-31",
        "symbol": "JEF",
        "reportedCurrency": "USD",
        "cik": "0000096223",
        "fillingDate": "1999-03-18",
        "acceptedDate": "1999-03-18 00:00:00",
        "calendarYear": "1998",
        "period": "Q4",
        "revenue": 153000000,
        "costOfRevenue": 0,
        "grossProfit": 153000000,
        "grossProfitRatio": 1,
        "researchAndDevelopmentExpenses": 0,
        "generalAndAdministrativeExpenses": 0,
        "sellingAndMarketingExpenses": 0,
        "sellingGeneralAndAdministrativeExpenses": 0,
        "otherExpenses": 120000000,
        "operatingExpenses": 120000000,
        "costAndExpenses": 120000000,
        "interestIncome": 0,
        "interestExpense": 8200000,
        "depreciationAndAmortization": 0,
        "ebitda": 33000000,
        "ebitdaratio": 0.2156862745,
        "operatingIncome": 33000000,
        "operatingIncomeRatio": 0.2156862745,
        "totalOtherIncomeExpensesNet": -16300000,
        "incomeBeforeTax": 16700000,
        "incomeBeforeTaxRatio": 0.1091503268,
        "incomeTaxExpense": -4100000,
        "netIncome": 28900000,
        "netIncomeRatio": 0.1888888889,
        "eps": 0.1,
        "epsdiluted": 0.1,
        "weightedAverageShsOut": 199900050,
        "weightedAverageShsOutDil": 199900050,
        "link": "https://www.sec.gov/Archives/edgar/data/96223/000090951899000190/0000909518-99-000190-index.html",
        "finalLink": "https://www.sec.gov/Archives/edgar/data/96223/"
    },
    {
        "date": "1998-09-30",
        "symbol": "JEF",
        "reportedCurrency": "USD",
        "cik": "0000096223",
        "fillingDate": "1998-11-13",
        "acceptedDate": "1998-11-13 00:00:00",
        "calendarYear": "1998",
        "period": "Q3",
        "revenue": 79100000,
        "costOfRevenue": 0,
        "grossProfit": 79100000,
        "grossProfitRatio": 1,
        "researchAndDevelopmentExpenses": 0,
        "generalAndAdministrativeExpenses": 0,
        "sellingAndMarketingExpenses": 0,
        "sellingGeneralAndAdministrativeExpenses": 0,
        "otherExpenses": 103100000,
        "operatingExpenses": 103100000,
        "costAndExpenses": 103100000,
        "interestIncome": 0,
        "interestExpense": 12300000,
        "depreciationAndAmortization": 0,
        "ebitda": -29200000,
        "ebitdaratio": -0.3691529709,
        "operatingIncome": -29200000,
        "operatingIncomeRatio": -0.3691529709,
        "totalOtherIncomeExpensesNet": -12400000,
        "incomeBeforeTax": -41600000,
        "incomeBeforeTaxRatio": -0.5259165613,
        "incomeTaxExpense": -36200000,
        "netIncome": -2000000,
        "netIncomeRatio": -0.0252844501,
        "eps": -0.01,
        "epsdiluted": -0.01,
        "weightedAverageShsOut": 199900050,
        "weightedAverageShsOutDil": 199900050,
        "link": "https://www.sec.gov/Archives/edgar/data/96223/000090951898000691/0000909518-98-000691-index.html",
        "finalLink": "https://www.sec.gov/Archives/edgar/data/96223/0000909518-98-000691.txt"
    },
    {
        "date": "1998-06-30",
        "symbol": "JEF",
        "reportedCurrency": "USD",
        "cik": "0000096223",
        "fillingDate": "1998-08-14",
        "acceptedDate": "1998-08-14 00:00:00",
        "calendarYear": "1998",
        "period": "Q2",
        "revenue": 149700000,
        "costOfRevenue": 0,
        "grossProfit": 149700000,
        "grossProfitRatio": 1,
        "researchAndDevelopmentExpenses": 0,
        "generalAndAdministrativeExpenses": 0,
        "sellingAndMarketingExpenses": 0,
        "sellingGeneralAndAdministrativeExpenses": 0,
        "otherExpenses": 117000000,
        "operatingExpenses": 117000000,
        "costAndExpenses": 117000000,
        "interestIncome": 0,
        "interestExpense": 12400000,
        "depreciationAndAmortization": 0,
        "ebitda": 32700000,
        "ebitdaratio": 0.2184368737,
        "operatingIncome": 32700000,
        "operatingIncomeRatio": 0.2184368737,
        "totalOtherIncomeExpensesNet": -12400000,
        "incomeBeforeTax": 20300000,
        "incomeBeforeTaxRatio": 0.1356045424,
        "incomeTaxExpense": 5500000,
        "netIncome": 14800000,
        "netIncomeRatio": 0.0988643955,
        "eps": 0.0767,
        "epsdiluted": 0.0767,
        "weightedAverageShsOut": 192947005,
        "weightedAverageShsOutDil": 192947005,
        "link": "https://www.sec.gov/Archives/edgar/data/96223/000090951898000545/0000909518-98-000545-index.html",
        "finalLink": "https://www.sec.gov/Archives/edgar/data/96223/0000909518-98-000545.txt"
    },
    {
        "date": "1998-03-31",
        "symbol": "JEF",
        "reportedCurrency": "USD",
        "cik": "0000096223",
        "fillingDate": "1998-05-12",
        "acceptedDate": "1998-05-12 00:00:00",
        "calendarYear": "1998",
        "period": "Q1",
        "revenue": 148700000,
        "costOfRevenue": 0,
        "grossProfit": 148700000,
        "grossProfitRatio": 1,
        "researchAndDevelopmentExpenses": 0,
        "generalAndAdministrativeExpenses": 0,
        "sellingAndMarketingExpenses": 0,
        "sellingGeneralAndAdministrativeExpenses": 0,
        "otherExpenses": 115900000,
        "operatingExpenses": 115900000,
        "costAndExpenses": 115900000,
        "interestIncome": 0,
        "interestExpense": 12200000,
        "depreciationAndAmortization": 0,
        "ebitda": 30600000,
        "ebitdaratio": 0.2057834566,
        "operatingIncome": 30600000,
        "operatingIncomeRatio": 0.2057834566,
        "totalOtherIncomeExpensesNet": -12200000,
        "incomeBeforeTax": 18400000,
        "incomeBeforeTaxRatio": 0.123739072,
        "incomeTaxExpense": 7300000,
        "netIncome": 12600000,
        "netIncomeRatio": 0.0847343645,
        "eps": 0.0667,
        "epsdiluted": 0.0667,
        "weightedAverageShsOut": 188905547,
        "weightedAverageShsOutDil": 188905547,
        "link": "https://www.sec.gov/Archives/edgar/data/96223/000090951898000312/0000909518-98-000312-index.html",
        "finalLink": "https://www.sec.gov/Archives/edgar/data/96223/0000909518-98-000312.txt"
    },
    {
        "date": "1997-12-31",
        "symbol": "JEF",
        "reportedCurrency": "USD",
        "cik": "0000096223",
        "fillingDate": "1998-03-27",
        "acceptedDate": "1998-03-27 00:00:00",
        "calendarYear": "1997",
        "period": "Q4",
        "revenue": 146600000,
        "costOfRevenue": 0,
        "grossProfit": 146600000,
        "grossProfitRatio": 1,
        "researchAndDevelopmentExpenses": 0,
        "generalAndAdministrativeExpenses": 0,
        "sellingAndMarketingExpenses": 0,
        "sellingGeneralAndAdministrativeExpenses": 0,
        "otherExpenses": 171400000,
        "operatingExpenses": 171400000,
        "costAndExpenses": 171400000,
        "interestIncome": 0,
        "interestExpense": 0,
        "depreciationAndAmortization": 0,
        "ebitda": -24800000,
        "ebitdaratio": -0.1691678035,
        "operatingIncome": -24800000,
        "operatingIncomeRatio": -0.1691678035,
        "totalOtherIncomeExpensesNet": -12600000,
        "incomeBeforeTax": -37400000,
        "incomeBeforeTaxRatio": -0.2551159618,
        "incomeTaxExpense": -13600000,
        "netIncome": 410200000,
        "netIncomeRatio": 2.7980900409,
        "eps": -0.13,
        "epsdiluted": -0.13,
        "weightedAverageShsOut": 189657493,
        "weightedAverageShsOutDil": 189657493,
        "link": "https://www.sec.gov/Archives/edgar/data/96223/000090951898000205/0000909518-98-000205-index.htm",
        "finalLink": "https://www.sec.gov/Archives/edgar/data/96223/0000909518-98-000205.txt"
    },
    {
        "date": "1997-09-30",
        "symbol": "JEF",
        "reportedCurrency": "USD",
        "cik": "0000096223",
        "fillingDate": "1997-11-14",
        "acceptedDate": "1997-11-14 00:00:00",
        "calendarYear": "1997",
        "period": "Q3",
        "revenue": 144300000,
        "costOfRevenue": 0,
        "grossProfit": 144300000,
        "grossProfitRatio": 1,
        "researchAndDevelopmentExpenses": 0,
        "generalAndAdministrativeExpenses": 0,
        "sellingAndMarketingExpenses": 0,
        "sellingGeneralAndAdministrativeExpenses": 0,
        "otherExpenses": 151300000,
        "operatingExpenses": 151300000,
        "costAndExpenses": 151300000,
        "interestIncome": 0,
        "interestExpense": 0,
        "depreciationAndAmortization": 0,
        "ebitda": -7000000,
        "ebitdaratio": -0.0485100485,
        "operatingIncome": -7000000,
        "operatingIncomeRatio": -0.0485100485,
        "totalOtherIncomeExpensesNet": -12900000,
        "incomeBeforeTax": -19900000,
        "incomeBeforeTaxRatio": -0.1379071379,
        "incomeTaxExpense": -8500000,
        "netIncome": 204300000,
        "netIncomeRatio": 1.4158004158,
        "eps": 1.08,
        "epsdiluted": 1.08,
        "weightedAverageShsOut": 189657493,
        "weightedAverageShsOutDil": 189657493,
        "link": "https://www.sec.gov/Archives/edgar/data/96223/000090951897000667/0000909518-97-000667-index.html",
        "finalLink": "https://www.sec.gov/Archives/edgar/data/96223/0000909518-97-000667.txt"
    },
    {
        "date": "1997-06-30",
        "symbol": "JEF",
        "reportedCurrency": "USD",
        "cik": "0000096223",
        "fillingDate": "1997-08-13",
        "acceptedDate": "1997-08-13 00:00:00",
        "calendarYear": "1997",
        "period": "Q2",
        "revenue": 343500000,
        "costOfRevenue": 0,
        "grossProfit": 343500000,
        "grossProfitRatio": 1,
        "researchAndDevelopmentExpenses": 0,
        "generalAndAdministrativeExpenses": 0,
        "sellingAndMarketingExpenses": 0,
        "sellingGeneralAndAdministrativeExpenses": 0,
        "otherExpenses": 285600000,
        "operatingExpenses": 285600000,
        "costAndExpenses": 285600000,
        "interestIncome": 0,
        "interestExpense": 7500000,
        "depreciationAndAmortization": 0,
        "ebitda": 57900000,
        "ebitdaratio": 0.168558952,
        "operatingIncome": 57900000,
        "operatingIncomeRatio": 0.168558952,
        "totalOtherIncomeExpensesNet": -13900000,
        "incomeBeforeTax": 44000000,
        "incomeBeforeTaxRatio": 0.1280931587,
        "incomeTaxExpense": 16800000,
        "netIncome": 33600000,
        "netIncomeRatio": 0.0978165939,
        "eps": 0.18,
        "epsdiluted": 0.18,
        "weightedAverageShsOut": 183181137,
        "weightedAverageShsOutDil": 190093632,
        "link": "https://www.sec.gov/Archives/edgar/data/96223/000090951897000454/0000909518-97-000454-index.html",
        "finalLink": "https://www.sec.gov/Archives/edgar/data/96223/0000909518-97-000454.txt"
    },
    {
        "date": "1997-03-31",
        "symbol": "JEF",
        "reportedCurrency": "USD",
        "cik": "0000096223",
        "fillingDate": "1997-05-14",
        "acceptedDate": "1997-05-14 00:00:00",
        "calendarYear": "1997",
        "period": "Q1",
        "revenue": 310600000,
        "costOfRevenue": 0,
        "grossProfit": 310600000,
        "grossProfitRatio": 1,
        "researchAndDevelopmentExpenses": 0,
        "generalAndAdministrativeExpenses": 0,
        "sellingAndMarketingExpenses": 0,
        "sellingGeneralAndAdministrativeExpenses": 0,
        "otherExpenses": 285300000,
        "operatingExpenses": 285300000,
        "costAndExpenses": 285300000,
        "interestIncome": 0,
        "interestExpense": 7700000,
        "depreciationAndAmortization": 0,
        "ebitda": 7300000,
        "ebitdaratio": 0.0235028976,
        "operatingIncome": 7300000,
        "operatingIncomeRatio": 0.0235028976,
        "totalOtherIncomeExpensesNet": -14600000,
        "incomeBeforeTax": -7300000,
        "incomeBeforeTaxRatio": -0.0235028976,
        "incomeTaxExpense": -1200000,
        "netIncome": 12700000,
        "netIncomeRatio": 0.0408886027,
        "eps": 0.07,
        "epsdiluted": 0.07,
        "weightedAverageShsOut": 181337902,
        "weightedAverageShsOutDil": 181337902,
        "link": "https://www.sec.gov/Archives/edgar/data/96223/000090951897000283/0000909518-97-000283-index.html",
        "finalLink": "https://www.sec.gov/Archives/edgar/data/96223/0000909518-97-000283.txt"
    },
    {
        "date": "1996-12-31",
        "symbol": "JEF",
        "reportedCurrency": "USD",
        "cik": "0000096223",
        "fillingDate": "1997-04-29",
        "acceptedDate": "1997-04-29 00:00:00",
        "calendarYear": "1996",
        "period": "Q4",
        "revenue": 365700000,
        "costOfRevenue": 0,
        "grossProfit": 365700000,
        "grossProfitRatio": 1,
        "researchAndDevelopmentExpenses": 0,
        "generalAndAdministrativeExpenses": 0,
        "sellingAndMarketingExpenses": 0,
        "sellingGeneralAndAdministrativeExpenses": 0,
        "otherExpenses": 343100000,
        "operatingExpenses": 343100000,
        "costAndExpenses": 343100000,
        "interestIncome": 0,
        "interestExpense": 20500000,
        "depreciationAndAmortization": 0,
        "ebitda": 22600000,
        "ebitdaratio": 0.061799289,
        "operatingIncome": 22600000,
        "operatingIncomeRatio": 0.061799289,
        "totalOtherIncomeExpensesNet": -13700000,
        "incomeBeforeTax": 8900000,
        "incomeBeforeTaxRatio": 0.0243368882,
        "incomeTaxExpense": 1400000,
        "netIncome": 700000,
        "netIncomeRatio": 0.0019141373,
        "eps": 0.0413,
        "epsdiluted": 0.0413,
        "weightedAverageShsOut": 181511244,
        "weightedAverageShsOutDil": 181511244,
        "link": "https://www.sec.gov/Archives/edgar/data/96223/000090951897000253/0000909518-97-000253-index.htm",
        "finalLink": "https://www.sec.gov/Archives/edgar/data/96223/0000909518-97-000253.txt"
    },
    {
        "date": "1996-09-30",
        "symbol": "JEF",
        "reportedCurrency": "USD",
        "cik": "0000096223",
        "fillingDate": "1996-11-13",
        "acceptedDate": "1996-11-13 00:00:00",
        "calendarYear": "1996",
        "period": "Q3",
        "revenue": 377800000,
        "costOfRevenue": 0,
        "grossProfit": 377800000,
        "grossProfitRatio": 1,
        "researchAndDevelopmentExpenses": 0,
        "generalAndAdministrativeExpenses": 0,
        "sellingAndMarketingExpenses": 0,
        "sellingGeneralAndAdministrativeExpenses": 0,
        "otherExpenses": 335300000,
        "operatingExpenses": 335300000,
        "costAndExpenses": 335300000,
        "interestIncome": 0,
        "interestExpense": 13400000,
        "depreciationAndAmortization": 0,
        "ebitda": 14400000,
        "ebitdaratio": 0.038115405,
        "operatingIncome": 14400000,
        "operatingIncomeRatio": 0.038115405,
        "totalOtherIncomeExpensesNet": -13300000,
        "incomeBeforeTax": 1100000,
        "incomeBeforeTaxRatio": 0.0029115934,
        "incomeTaxExpense": 300000,
        "netIncome": 19100000,
        "netIncomeRatio": 0.0505558497,
        "eps": 0.11,
        "epsdiluted": 0.11,
        "weightedAverageShsOut": 178973013,
        "weightedAverageShsOutDil": 178973013,
        "link": "https://www.sec.gov/Archives/edgar/data/96223/000090951896000382/0000909518-96-000382-index.html",
        "finalLink": "https://www.sec.gov/Archives/edgar/data/96223/"
    },
    {
        "date": "1996-06-30",
        "symbol": "JEF",
        "reportedCurrency": "USD",
        "cik": "0000096223",
        "fillingDate": "1996-08-13",
        "acceptedDate": "1996-08-13 00:00:00",
        "calendarYear": "1996",
        "period": "Q2",
        "revenue": 378600000,
        "costOfRevenue": 0,
        "grossProfit": 378600000,
        "grossProfitRatio": 1,
        "researchAndDevelopmentExpenses": 0,
        "generalAndAdministrativeExpenses": 0,
        "sellingAndMarketingExpenses": 0,
        "sellingGeneralAndAdministrativeExpenses": 0,
        "otherExpenses": 347900000,
        "operatingExpenses": 347900000,
        "costAndExpenses": 347900000,
        "interestIncome": 0,
        "interestExpense": 13300000,
        "depreciationAndAmortization": 0,
        "ebitda": 30700000,
        "ebitdaratio": 0.0810882198,
        "operatingIncome": 30700000,
        "operatingIncomeRatio": 0.0810882198,
        "totalOtherIncomeExpensesNet": -13300000,
        "incomeBeforeTax": 17400000,
        "incomeBeforeTaxRatio": 0.0459587956,
        "incomeTaxExpense": 4200000,
        "netIncome": 13200000,
        "netIncomeRatio": 0.0348652932,
        "eps": 0.0734,
        "epsdiluted": 0.0734,
        "weightedAverageShsOut": 181565218,
        "weightedAverageShsOutDil": 181565218,
        "link": "https://www.sec.gov/Archives/edgar/data/96223/000090951896000262/0000909518-96-000262-index.html",
        "finalLink": "https://www.sec.gov/Archives/edgar/data/96223/0000909518-96-000262.txt"
    },
    {
        "date": "1996-03-31",
        "symbol": "JEF",
        "reportedCurrency": "USD",
        "cik": "0000096223",
        "fillingDate": "1996-05-10",
        "acceptedDate": "1996-05-10 00:00:00",
        "calendarYear": "1996",
        "period": "Q1",
        "revenue": 384500000,
        "costOfRevenue": 0,
        "grossProfit": 384500000,
        "grossProfitRatio": 1,
        "researchAndDevelopmentExpenses": 0,
        "generalAndAdministrativeExpenses": 0,
        "sellingAndMarketingExpenses": 0,
        "sellingGeneralAndAdministrativeExpenses": 0,
        "otherExpenses": 347500000,
        "operatingExpenses": 347500000,
        "costAndExpenses": 347500000,
        "interestIncome": 0,
        "interestExpense": 13900000,
        "depreciationAndAmortization": 0,
        "ebitda": 37000000,
        "ebitdaratio": 0.0962288687,
        "operatingIncome": 37000000,
        "operatingIncomeRatio": 0.0962288687,
        "totalOtherIncomeExpensesNet": -13900000,
        "incomeBeforeTax": 23100000,
        "incomeBeforeTaxRatio": 0.0600780234,
        "incomeTaxExpense": 7500000,
        "netIncome": 15600000,
        "netIncomeRatio": 0.0405721717,
        "eps": 0.0867,
        "epsdiluted": 0.0867,
        "weightedAverageShsOut": 181667166,
        "weightedAverageShsOutDil": 181667166,
        "link": "https://www.sec.gov/Archives/edgar/data/96223/000090951896000125/0000909518-96-000125-index.html",
        "finalLink": "https://www.sec.gov/Archives/edgar/data/96223/0000909518-96-000125.txt"
    },
    {
        "date": "1995-12-31",
        "symbol": "JEF",
        "reportedCurrency": "USD",
        "cik": "0000096223",
        "fillingDate": "1996-03-28",
        "acceptedDate": "1996-03-28 00:00:00",
        "calendarYear": "1995",
        "period": "Q4",
        "revenue": 429900000,
        "costOfRevenue": 0,
        "grossProfit": 429900000,
        "grossProfitRatio": 1,
        "researchAndDevelopmentExpenses": 0,
        "generalAndAdministrativeExpenses": 0,
        "sellingAndMarketingExpenses": 0,
        "sellingGeneralAndAdministrativeExpenses": 0,
        "otherExpenses": 360300000,
        "operatingExpenses": 360300000,
        "costAndExpenses": 360300000,
        "interestIncome": 0,
        "interestExpense": 14100000,
        "depreciationAndAmortization": 0,
        "ebitda": 69600000,
        "ebitdaratio": 0.1618981158,
        "operatingIncome": 69600000,
        "operatingIncomeRatio": 0.1618981158,
        "totalOtherIncomeExpensesNet": -14100000,
        "incomeBeforeTax": 55500000,
        "incomeBeforeTaxRatio": 0.1290997906,
        "incomeTaxExpense": 3500000,
        "netIncome": 52000000,
        "netIncomeRatio": 0.1209583624,
        "eps": 0.3,
        "epsdiluted": 0.3,
        "weightedAverageShsOut": 175858017,
        "weightedAverageShsOutDil": 175858017,
        "link": "https://www.sec.gov/Archives/edgar/data/96223/000090951896000079/0000909518-96-000079-index.html",
        "finalLink": "https://www.sec.gov/Archives/edgar/data/96223/0000909518-96-000079.txt"
    },
    {
        "date": "1995-09-30",
        "symbol": "JEF",
        "reportedCurrency": "USD",
        "cik": "0000096223",
        "fillingDate": "1995-11-13",
        "acceptedDate": "1995-11-13 00:00:00",
        "calendarYear": "1995",
        "period": "Q3",
        "revenue": 391000000,
        "costOfRevenue": 0,
        "grossProfit": 391000000,
        "grossProfitRatio": 1,
        "researchAndDevelopmentExpenses": 0,
        "generalAndAdministrativeExpenses": 0,
        "sellingAndMarketingExpenses": 0,
        "sellingGeneralAndAdministrativeExpenses": 0,
        "otherExpenses": 347700000,
        "operatingExpenses": 347700000,
        "costAndExpenses": 347700000,
        "interestIncome": 0,
        "interestExpense": 14300000,
        "depreciationAndAmortization": 0,
        "ebitda": 43300000,
        "ebitdaratio": 0.110741688,
        "operatingIncome": 43300000,
        "operatingIncomeRatio": 0.110741688,
        "totalOtherIncomeExpensesNet": -14300000,
        "incomeBeforeTax": 29000000,
        "incomeBeforeTaxRatio": 0.074168798,
        "incomeTaxExpense": 7300000,
        "netIncome": 21700000,
        "netIncomeRatio": 0.0554987212,
        "eps": 0.12,
        "epsdiluted": 0.12,
        "weightedAverageShsOut": 175858017,
        "weightedAverageShsOutDil": 180742962,
        "link": "https://www.sec.gov/Archives/edgar/data/96223/000090951895000257/0000909518-95-000257-index.html",
        "finalLink": "https://www.sec.gov/Archives/edgar/data/96223/0000909518-95-000257.txt"
    },
    {
        "date": "1995-06-30",
        "symbol": "JEF",
        "reportedCurrency": "USD",
        "cik": "0000096223",
        "fillingDate": "1995-08-08",
        "acceptedDate": "1995-08-08 00:00:00",
        "calendarYear": "1995",
        "period": "Q2",
        "revenue": 376800000,
        "costOfRevenue": 0,
        "grossProfit": 376800000,
        "grossProfitRatio": 1,
        "researchAndDevelopmentExpenses": 0,
        "generalAndAdministrativeExpenses": 0,
        "sellingAndMarketingExpenses": 0,
        "sellingGeneralAndAdministrativeExpenses": 0,
        "otherExpenses": 339900000,
        "operatingExpenses": 339900000,
        "costAndExpenses": 339900000,
        "interestIncome": 0,
        "interestExpense": 12600000,
        "depreciationAndAmortization": 0,
        "ebitda": 36900000,
        "ebitdaratio": 0.0979299363,
        "operatingIncome": 36900000,
        "operatingIncomeRatio": 0.0979299363,
        "totalOtherIncomeExpensesNet": -12600000,
        "incomeBeforeTax": 24300000,
        "incomeBeforeTaxRatio": 0.0644904459,
        "incomeTaxExpense": 6900000,
        "netIncome": 17400000,
        "netIncomeRatio": 0.0461783439,
        "eps": 0.1,
        "epsdiluted": 0.1,
        "weightedAverageShsOut": 173913043,
        "weightedAverageShsOutDil": 173913043,
        "link": "https://www.sec.gov/Archives/edgar/data/96223/000090951895000173/0000909518-95-000173-index.html",
        "finalLink": "https://www.sec.gov/Archives/edgar/data/96223/0000909518-95-000173.txt"
    },
    {
        "date": "1995-03-31",
        "symbol": "JEF",
        "reportedCurrency": "USD",
        "cik": "0000096223",
        "fillingDate": "1995-05-11",
        "acceptedDate": "1995-05-11 00:00:00",
        "calendarYear": "1995",
        "period": "Q1",
        "revenue": 360700000,
        "costOfRevenue": 0,
        "grossProfit": 360700000,
        "grossProfitRatio": 1,
        "researchAndDevelopmentExpenses": 0,
        "generalAndAdministrativeExpenses": 0,
        "sellingAndMarketingExpenses": 0,
        "sellingGeneralAndAdministrativeExpenses": 0,
        "otherExpenses": 325500000,
        "operatingExpenses": 325500000,
        "costAndExpenses": 325500000,
        "interestIncome": 0,
        "interestExpense": 11800000,
        "depreciationAndAmortization": 0,
        "ebitda": 35200000,
        "ebitdaratio": 0.0975880233,
        "operatingIncome": 35200000,
        "operatingIncomeRatio": 0.0975880233,
        "totalOtherIncomeExpensesNet": -11800000,
        "incomeBeforeTax": 23400000,
        "incomeBeforeTaxRatio": 0.0648738564,
        "incomeTaxExpense": 7100000,
        "netIncome": 16300000,
        "netIncomeRatio": 0.0451899085,
        "eps": 0.0934,
        "epsdiluted": 0.0934,
        "weightedAverageShsOut": 174555579,
        "weightedAverageShsOutDil": 174555579,
        "link": "https://www.sec.gov/Archives/edgar/data/96223/000090951895000083/0000909518-95-000083-index.html",
        "finalLink": "https://www.sec.gov/Archives/edgar/data/96223/0000909518-95-000083.txt"
    },
    {
        "date": "1994-12-31",
        "symbol": "JEF",
        "reportedCurrency": "USD",
        "cik": "0000096223",
        "fillingDate": "1995-03-24",
        "acceptedDate": "1995-03-24 00:00:00",
        "calendarYear": "1994",
        "period": "Q4",
        "revenue": 375200000,
        "costOfRevenue": 0,
        "grossProfit": 375200000,
        "grossProfitRatio": 1,
        "researchAndDevelopmentExpenses": 0,
        "generalAndAdministrativeExpenses": 0,
        "sellingAndMarketingExpenses": 0,
        "sellingGeneralAndAdministrativeExpenses": 0,
        "otherExpenses": 332700000,
        "operatingExpenses": 332700000,
        "costAndExpenses": 332700000,
        "interestIncome": 0,
        "interestExpense": 11900000,
        "depreciationAndAmortization": 0,
        "ebitda": 42500000,
        "ebitdaratio": 0.1132729211,
        "operatingIncome": 42500000,
        "operatingIncomeRatio": 0.1132729211,
        "totalOtherIncomeExpensesNet": -11900000,
        "incomeBeforeTax": 30600000,
        "incomeBeforeTaxRatio": 0.0815565032,
        "incomeTaxExpense": 7600000,
        "netIncome": 23000000,
        "netIncomeRatio": 0.0613006397,
        "eps": 0.13,
        "epsdiluted": 0.13,
        "weightedAverageShsOut": 171805989,
        "weightedAverageShsOutDil": 171805989,
        "link": "https://www.sec.gov/Archives/edgar/data/96223/000090951895000053/0000909518-95-000053-index.html",
        "finalLink": "https://www.sec.gov/Archives/edgar/data/96223/0000909518-95-000053.txt"
    },
    {
        "date": "1994-09-30",
        "symbol": "JEF",
        "reportedCurrency": "USD",
        "cik": "0000096223",
        "fillingDate": "1994-11-10",
        "acceptedDate": "1994-11-10 00:00:00",
        "calendarYear": "1994",
        "period": "Q3",
        "revenue": 347300000,
        "costOfRevenue": 0,
        "grossProfit": 347300000,
        "grossProfitRatio": 1,
        "researchAndDevelopmentExpenses": 0,
        "generalAndAdministrativeExpenses": 0,
        "sellingAndMarketingExpenses": 0,
        "sellingGeneralAndAdministrativeExpenses": 0,
        "otherExpenses": 307900000,
        "operatingExpenses": 307900000,
        "costAndExpenses": 307900000,
        "interestIncome": 0,
        "interestExpense": 10900000,
        "depreciationAndAmortization": 0,
        "ebitda": 39400000,
        "ebitdaratio": 0.113446588,
        "operatingIncome": 39400000,
        "operatingIncomeRatio": 0.113446588,
        "totalOtherIncomeExpensesNet": -10900000,
        "incomeBeforeTax": 28500000,
        "incomeBeforeTaxRatio": 0.0820616182,
        "incomeTaxExpense": 7300000,
        "netIncome": 21200000,
        "netIncomeRatio": 0.0610423265,
        "eps": 0.12,
        "epsdiluted": 0.12,
        "weightedAverageShsOut": 171805989,
        "weightedAverageShsOutDil": 176578377,
        "link": "https://www.sec.gov/Archives/edgar/data/96223/000090951894000206/0000909518-94-000206-index.html",
        "finalLink": "https://www.sec.gov/Archives/edgar/data/96223/0000909518-94-000206.txt"
    },
    {
        "date": "1994-06-30",
        "symbol": "JEF",
        "reportedCurrency": "USD",
        "cik": "0000096223",
        "fillingDate": "1994-08-12",
        "acceptedDate": "1994-08-12 00:00:00",
        "calendarYear": "1994",
        "period": "Q2",
        "revenue": 325600000,
        "costOfRevenue": 0,
        "grossProfit": 325600000,
        "grossProfitRatio": 1,
        "researchAndDevelopmentExpenses": 0,
        "generalAndAdministrativeExpenses": 0,
        "sellingAndMarketingExpenses": 0,
        "sellingGeneralAndAdministrativeExpenses": 0,
        "otherExpenses": 295700000,
        "operatingExpenses": 295700000,
        "costAndExpenses": 295700000,
        "interestIncome": 0,
        "interestExpense": 10800000,
        "depreciationAndAmortization": 0,
        "ebitda": 29900000,
        "ebitdaratio": 0.0918304668,
        "operatingIncome": 29900000,
        "operatingIncomeRatio": 0.0918304668,
        "totalOtherIncomeExpensesNet": -10800000,
        "incomeBeforeTax": 19100000,
        "incomeBeforeTaxRatio": 0.0586609337,
        "incomeTaxExpense": 6800000,
        "netIncome": 12300000,
        "netIncomeRatio": 0.0377764128,
        "eps": 0.07,
        "epsdiluted": 0.07,
        "weightedAverageShsOut": 175626472,
        "weightedAverageShsOutDil": 175626472,
        "link": "https://www.sec.gov/Archives/edgar/data/96223/000090951894000138/0000909518-94-000138-index.html",
        "finalLink": "https://www.sec.gov/Archives/edgar/data/96223/0000909518-94-000138.txt"
    },
    {
        "date": "1994-03-31",
        "symbol": "JEF",
        "reportedCurrency": "USD",
        "cik": "0000096223",
        "fillingDate": "1994-05-13",
        "acceptedDate": "1994-05-13 00:00:00",
        "calendarYear": "1994",
        "period": "Q1",
        "revenue": 336100000,
        "costOfRevenue": 0,
        "grossProfit": 336100000,
        "grossProfitRatio": 1,
        "researchAndDevelopmentExpenses": 0,
        "generalAndAdministrativeExpenses": 0,
        "sellingAndMarketingExpenses": 0,
        "sellingGeneralAndAdministrativeExpenses": 0,
        "otherExpenses": 303100000,
        "operatingExpenses": 303100000,
        "costAndExpenses": 303100000,
        "interestIncome": 0,
        "interestExpense": 11000000,
        "depreciationAndAmortization": 0,
        "ebitda": 33000000,
        "ebitdaratio": 0.098185064,
        "operatingIncome": 33000000,
        "operatingIncomeRatio": 0.098185064,
        "totalOtherIncomeExpensesNet": -11000000,
        "incomeBeforeTax": 22000000,
        "incomeBeforeTaxRatio": 0.0654567093,
        "incomeTaxExpense": 7800000,
        "netIncome": 14200000,
        "netIncomeRatio": 0.0422493306,
        "eps": 0.0834,
        "epsdiluted": 0.0834,
        "weightedAverageShsOut": 170314843,
        "weightedAverageShsOutDil": 170314843,
        "link": "https://www.sec.gov/Archives/edgar/data/96223/000090951894000089/0000909518-94-000089-index.html",
        "finalLink": "https://www.sec.gov/Archives/edgar/data/96223/0000909518-94-000089.txt"
    },
    {
        "date": "1993-12-31",
        "symbol": "JEF",
        "reportedCurrency": "USD",
        "cik": "0000096223",
        "fillingDate": "1994-04-29",
        "acceptedDate": "1994-04-29 00:00:00",
        "calendarYear": "1993",
        "period": "Q4",
        "revenue": 339800000,
        "costOfRevenue": 0,
        "grossProfit": 339800000,
        "grossProfitRatio": 1,
        "researchAndDevelopmentExpenses": 0,
        "generalAndAdministrativeExpenses": 0,
        "sellingAndMarketingExpenses": 0,
        "sellingGeneralAndAdministrativeExpenses": 0,
        "otherExpenses": 290900000,
        "operatingExpenses": 290900000,
        "costAndExpenses": 290900000,
        "interestIncome": 0,
        "interestExpense": 8300000,
        "depreciationAndAmortization": 0,
        "ebitda": 48900000,
        "ebitdaratio": 0.1439081813,
        "operatingIncome": 48900000,
        "operatingIncomeRatio": 0.1439081813,
        "totalOtherIncomeExpensesNet": -8300000,
        "incomeBeforeTax": 40600000,
        "incomeBeforeTaxRatio": 0.1194820483,
        "incomeTaxExpense": 15900000,
        "netIncome": 24700000,
        "netIncomeRatio": 0.0726898175,
        "eps": 0.14,
        "epsdiluted": 0.14,
        "weightedAverageShsOut": 175626472,
        "weightedAverageShsOutDil": 175626472,
        "link": "https://www.sec.gov/Archives/edgar/data/96223/000090951894000078/0000909518-94-000078-index.htm",
        "finalLink": "https://www.sec.gov/Archives/edgar/data/96223/0000909518-94-000078.txt"
    },
    {
        "date": "1993-09-30",
        "symbol": "JEF",
        "reportedCurrency": "USD",
        "cik": "0000096223",
        "fillingDate": "1993-09-30",
        "acceptedDate": "1993-09-30 00:00:00",
        "calendarYear": "1993",
        "period": "Q3",
        "revenue": 336100000,
        "costOfRevenue": 0,
        "grossProfit": 336100000,
        "grossProfitRatio": 1,
        "researchAndDevelopmentExpenses": 0,
        "generalAndAdministrativeExpenses": 0,
        "sellingAndMarketingExpenses": 0,
        "sellingGeneralAndAdministrativeExpenses": 0,
        "otherExpenses": 282500000,
        "operatingExpenses": 282500000,
        "costAndExpenses": 282500000,
        "interestIncome": 0,
        "interestExpense": 11700000,
        "depreciationAndAmortization": 0,
        "ebitda": 53600000,
        "ebitdaratio": 0.1594763463,
        "operatingIncome": 53600000,
        "operatingIncomeRatio": 0.1594763463,
        "totalOtherIncomeExpensesNet": -11700000,
        "incomeBeforeTax": 41900000,
        "incomeBeforeTaxRatio": 0.1246652782,
        "incomeTaxExpense": 9100000,
        "netIncome": 32800000,
        "netIncomeRatio": 0.097590003,
        "eps": 0.19,
        "epsdiluted": 0.18,
        "weightedAverageShsOut": 175626472,
        "weightedAverageShsOutDil": 178819681,
        "link": null,
        "finalLink": null
    },
    {
        "date": "1993-06-30",
        "symbol": "JEF",
        "reportedCurrency": "USD",
        "cik": "0000096223",
        "fillingDate": "1993-06-30",
        "acceptedDate": "1993-06-30 00:00:00",
        "calendarYear": "1993",
        "period": "Q2",
        "revenue": 372100000,
        "costOfRevenue": 0,
        "grossProfit": 372100000,
        "grossProfitRatio": 1,
        "researchAndDevelopmentExpenses": 0,
        "generalAndAdministrativeExpenses": 0,
        "sellingAndMarketingExpenses": 0,
        "sellingGeneralAndAdministrativeExpenses": 0,
        "otherExpenses": 309000000,
        "operatingExpenses": 309000000,
        "costAndExpenses": 309000000,
        "interestIncome": 0,
        "interestExpense": 9900000,
        "depreciationAndAmortization": 0,
        "ebitda": 63100000,
        "ebitdaratio": 0.1695780704,
        "operatingIncome": 63100000,
        "operatingIncomeRatio": 0.1695780704,
        "totalOtherIncomeExpensesNet": -9900000,
        "incomeBeforeTax": 53200000,
        "incomeBeforeTaxRatio": 0.1429723193,
        "incomeTaxExpense": 20300000,
        "netIncome": 32900000,
        "netIncomeRatio": 0.0884170922,
        "eps": 0.19,
        "epsdiluted": 0.18,
        "weightedAverageShsOut": 173071359,
        "weightedAverageShsOutDil": 179364863,
        "link": null,
        "finalLink": null
    },
    {
        "date": "1993-03-31",
        "symbol": "JEF",
        "reportedCurrency": "USD",
        "cik": "0000096223",
        "fillingDate": "1993-03-31",
        "acceptedDate": "1993-03-31 00:00:00",
        "calendarYear": "1993",
        "period": "Q1",
        "revenue": 360100000,
        "costOfRevenue": 0,
        "grossProfit": 360100000,
        "grossProfitRatio": 1,
        "researchAndDevelopmentExpenses": 0,
        "generalAndAdministrativeExpenses": 0,
        "sellingAndMarketingExpenses": 0,
        "sellingGeneralAndAdministrativeExpenses": 0,
        "otherExpenses": 309200000,
        "operatingExpenses": 309200000,
        "costAndExpenses": 309200000,
        "interestIncome": 0,
        "interestExpense": 0,
        "depreciationAndAmortization": 0,
        "ebitda": 50900000,
        "ebitdaratio": 0.1413496251,
        "operatingIncome": 50900000,
        "operatingIncomeRatio": 0.1413496251,
        "totalOtherIncomeExpensesNet": -9700000,
        "incomeBeforeTax": 41200000,
        "incomeBeforeTaxRatio": 0.1144126631,
        "incomeTaxExpense": 15300000,
        "netIncome": 145400000,
        "netIncomeRatio": 0.4037767287,
        "eps": 0.82,
        "epsdiluted": 0.8,
        "weightedAverageShsOut": 176510935,
        "weightedAverageShsOutDil": 180905398,
        "link": null,
        "finalLink": null
    },
    {
        "date": "1992-12-31",
        "symbol": "JEF",
        "reportedCurrency": "USD",
        "cik": "0000096223",
        "fillingDate": "1992-12-31",
        "acceptedDate": "1992-12-31 00:00:00",
        "calendarYear": "1992",
        "period": "Q4",
        "revenue": 378500000,
        "costOfRevenue": 0,
        "grossProfit": 378500000,
        "grossProfitRatio": 1,
        "researchAndDevelopmentExpenses": 0,
        "generalAndAdministrativeExpenses": 0,
        "sellingAndMarketingExpenses": 0,
        "sellingGeneralAndAdministrativeExpenses": 0,
        "otherExpenses": 342600000,
        "operatingExpenses": 342600000,
        "costAndExpenses": 342600000,
        "interestIncome": 0,
        "interestExpense": 0,
        "depreciationAndAmortization": 0,
        "ebitda": 35900000,
        "ebitdaratio": 0.0948480845,
        "operatingIncome": 35900000,
        "operatingIncomeRatio": 0.0948480845,
        "totalOtherIncomeExpensesNet": 8400000,
        "incomeBeforeTax": 44300000,
        "incomeBeforeTaxRatio": 0.1170409511,
        "incomeTaxExpense": 0,
        "netIncome": 44300000,
        "netIncomeRatio": 0.1170409511,
        "eps": 0.3,
        "epsdiluted": 0.3,
        "weightedAverageShsOut": 145351053,
        "weightedAverageShsOutDil": 145351053,
        "link": null,
        "finalLink": null
    },
    {
        "date": "1992-09-30",
        "symbol": "JEF",
        "reportedCurrency": "USD",
        "cik": "0000096223",
        "fillingDate": "1992-09-30",
        "acceptedDate": "1992-09-30 00:00:00",
        "calendarYear": "1992",
        "period": "Q3",
        "revenue": 383500000,
        "costOfRevenue": 0,
        "grossProfit": 383500000,
        "grossProfitRatio": 1,
        "researchAndDevelopmentExpenses": 0,
        "generalAndAdministrativeExpenses": 0,
        "sellingAndMarketingExpenses": 0,
        "sellingGeneralAndAdministrativeExpenses": 0,
        "otherExpenses": 332700000,
        "operatingExpenses": 332700000,
        "costAndExpenses": 332700000,
        "interestIncome": 0,
        "interestExpense": 17600000,
        "depreciationAndAmortization": 0,
        "ebitda": 50800000,
        "ebitdaratio": 0.132464146,
        "operatingIncome": 50800000,
        "operatingIncomeRatio": 0.132464146,
        "totalOtherIncomeExpensesNet": -17600000,
        "incomeBeforeTax": 33200000,
        "incomeBeforeTaxRatio": 0.0865710561,
        "incomeTaxExpense": 4600000,
        "netIncome": 28600000,
        "netIncomeRatio": 0.0745762712,
        "eps": 0.2,
        "epsdiluted": 0.19,
        "weightedAverageShsOut": 145351053,
        "weightedAverageShsOutDil": 147857106,
        "link": null,
        "finalLink": null
    },
    {
        "date": "1992-06-30",
        "symbol": "JEF",
        "reportedCurrency": "USD",
        "cik": "0000096223",
        "fillingDate": "1992-06-30",
        "acceptedDate": "1992-06-30 00:00:00",
        "calendarYear": "1992",
        "period": "Q2",
        "revenue": 383700000,
        "costOfRevenue": 0,
        "grossProfit": 383700000,
        "grossProfitRatio": 1,
        "researchAndDevelopmentExpenses": 0,
        "generalAndAdministrativeExpenses": 0,
        "sellingAndMarketingExpenses": 0,
        "sellingGeneralAndAdministrativeExpenses": 0,
        "otherExpenses": 331600000,
        "operatingExpenses": 331600000,
        "costAndExpenses": 331600000,
        "interestIncome": 0,
        "interestExpense": 14100000,
        "depreciationAndAmortization": 0,
        "ebitda": 52100000,
        "ebitdaratio": 0.1357831639,
        "operatingIncome": 52100000,
        "operatingIncomeRatio": 0.1357831639,
        "totalOtherIncomeExpensesNet": -14100000,
        "incomeBeforeTax": 38000000,
        "incomeBeforeTaxRatio": 0.099035705,
        "incomeTaxExpense": 3700000,
        "netIncome": 34300000,
        "netIncomeRatio": 0.0893927548,
        "eps": 0.24,
        "epsdiluted": 0.24,
        "weightedAverageShsOut": 144857149,
        "weightedAverageShsOutDil": 144857149,
        "link": null,
        "finalLink": null
    },
    {
        "date": "1992-03-31",
        "symbol": "JEF",
        "reportedCurrency": "USD",
        "cik": "0000096223",
        "fillingDate": "1992-03-31",
        "acceptedDate": "1992-03-31 00:00:00",
        "calendarYear": "1992",
        "period": "Q1",
        "revenue": 427300000,
        "costOfRevenue": 0,
        "grossProfit": 427300000,
        "grossProfitRatio": 1,
        "researchAndDevelopmentExpenses": 0,
        "generalAndAdministrativeExpenses": 0,
        "sellingAndMarketingExpenses": 0,
        "sellingGeneralAndAdministrativeExpenses": 0,
        "otherExpenses": 384000000,
        "operatingExpenses": 384000000,
        "costAndExpenses": 384000000,
        "interestIncome": 0,
        "interestExpense": 15200000,
        "depreciationAndAmortization": 0,
        "ebitda": 43300000,
        "ebitdaratio": 0.1013339574,
        "operatingIncome": 43300000,
        "operatingIncomeRatio": 0.1013339574,
        "totalOtherIncomeExpensesNet": -15200000,
        "incomeBeforeTax": 28100000,
        "incomeBeforeTaxRatio": 0.0657617599,
        "incomeTaxExpense": 4700000,
        "netIncome": 23400000,
        "netIncomeRatio": 0.054762462,
        "eps": 0.17,
        "epsdiluted": 0.17,
        "weightedAverageShsOut": 141768905,
        "weightedAverageShsOutDil": 141768905,
        "link": null,
        "finalLink": null
    },
    {
        "date": "1991-12-31",
        "symbol": "JEF",
        "reportedCurrency": "USD",
        "cik": "0000096223",
        "fillingDate": "1991-12-31",
        "acceptedDate": "1991-12-31 00:00:00",
        "calendarYear": "1991",
        "period": "Q4",
        "revenue": 411400000,
        "costOfRevenue": 0,
        "grossProfit": 411400000,
        "grossProfitRatio": 1,
        "researchAndDevelopmentExpenses": 0,
        "generalAndAdministrativeExpenses": 0,
        "sellingAndMarketingExpenses": 0,
        "sellingGeneralAndAdministrativeExpenses": 0,
        "otherExpenses": 334500000,
        "operatingExpenses": 334500000,
        "costAndExpenses": 334500000,
        "interestIncome": 0,
        "interestExpense": 16900000,
        "depreciationAndAmortization": 0,
        "ebitda": 76900000,
        "ebitdaratio": 0.186922703,
        "operatingIncome": 76900000,
        "operatingIncomeRatio": 0.186922703,
        "totalOtherIncomeExpensesNet": -15800000,
        "incomeBeforeTax": 61100000,
        "incomeBeforeTaxRatio": 0.1485172581,
        "incomeTaxExpense": -6200000,
        "netIncome": 66200000,
        "netIncomeRatio": 0.1609139524,
        "eps": 0.48,
        "epsdiluted": 0.48,
        "weightedAverageShsOut": 138680660,
        "weightedAverageShsOutDil": 138680660,
        "link": null,
        "finalLink": null
    },
    {
        "date": "1991-09-30",
        "symbol": "JEF",
        "reportedCurrency": "USD",
        "cik": "0000096223",
        "fillingDate": "1991-09-30",
        "acceptedDate": "1991-09-30 00:00:00",
        "calendarYear": "1991",
        "period": "Q3",
        "revenue": 321400000,
        "costOfRevenue": 0,
        "grossProfit": 321400000,
        "grossProfitRatio": 1,
        "researchAndDevelopmentExpenses": 0,
        "generalAndAdministrativeExpenses": 0,
        "sellingAndMarketingExpenses": 0,
        "sellingGeneralAndAdministrativeExpenses": 0,
        "otherExpenses": 288100000,
        "operatingExpenses": 288100000,
        "costAndExpenses": 288100000,
        "interestIncome": 0,
        "interestExpense": 13800000,
        "depreciationAndAmortization": 0,
        "ebitda": 33300000,
        "ebitdaratio": 0.1036092097,
        "operatingIncome": 33300000,
        "operatingIncomeRatio": 0.1036092097,
        "totalOtherIncomeExpensesNet": -13600000,
        "incomeBeforeTax": 19700000,
        "incomeBeforeTaxRatio": 0.0612943373,
        "incomeTaxExpense": 4700000,
        "netIncome": 14800000,
        "netIncomeRatio": 0.0460485376,
        "eps": 0.11,
        "epsdiluted": 0.11,
        "weightedAverageShsOut": 138680660,
        "weightedAverageShsOutDil": 138680660,
        "link": null,
        "finalLink": null
    },
    {
        "date": "1991-06-30",
        "symbol": "JEF",
        "reportedCurrency": "USD",
        "cik": "0000096223",
        "fillingDate": "1991-06-30",
        "acceptedDate": "1991-06-30 00:00:00",
        "calendarYear": "1991",
        "period": "Q2",
        "revenue": 169300000,
        "costOfRevenue": 0,
        "grossProfit": 169300000,
        "grossProfitRatio": 1,
        "researchAndDevelopmentExpenses": 0,
        "generalAndAdministrativeExpenses": 0,
        "sellingAndMarketingExpenses": 0,
        "sellingGeneralAndAdministrativeExpenses": 0,
        "otherExpenses": 156000000,
        "operatingExpenses": 156000000,
        "costAndExpenses": 156000000,
        "interestIncome": 0,
        "interestExpense": 11200000,
        "depreciationAndAmortization": 0,
        "ebitda": 13300000,
        "ebitdaratio": 0.0785587714,
        "operatingIncome": 13300000,
        "operatingIncomeRatio": 0.0785587714,
        "totalOtherIncomeExpensesNet": -11000000,
        "incomeBeforeTax": 2300000,
        "incomeBeforeTaxRatio": 0.0135853514,
        "incomeTaxExpense": 900000,
        "netIncome": 1200000,
        "netIncomeRatio": 0.0070880095,
        "eps": 0.0067,
        "epsdiluted": 0.0067,
        "weightedAverageShsOut": 132347619,
        "weightedAverageShsOutDil": 132347619,
        "link": null,
        "finalLink": null
    },
    {
        "date": "1991-03-31",
        "symbol": "JEF",
        "reportedCurrency": "USD",
        "cik": "0000096223",
        "fillingDate": "1991-03-31",
        "acceptedDate": "1991-03-31 00:00:00",
        "calendarYear": "1991",
        "period": "Q1",
        "revenue": 184500000,
        "costOfRevenue": 0,
        "grossProfit": 184500000,
        "grossProfitRatio": 1,
        "researchAndDevelopmentExpenses": 0,
        "generalAndAdministrativeExpenses": 0,
        "sellingAndMarketingExpenses": 0,
        "sellingGeneralAndAdministrativeExpenses": 0,
        "otherExpenses": 161300000,
        "operatingExpenses": 161300000,
        "costAndExpenses": 161300000,
        "interestIncome": 0,
        "interestExpense": 9500000,
        "depreciationAndAmortization": 0,
        "ebitda": 23200000,
        "ebitdaratio": 0.1257452575,
        "operatingIncome": 23200000,
        "operatingIncomeRatio": 0.1257452575,
        "totalOtherIncomeExpensesNet": -11600000,
        "incomeBeforeTax": 11600000,
        "incomeBeforeTaxRatio": 0.0628726287,
        "incomeTaxExpense": 900000,
        "netIncome": 12800000,
        "netIncomeRatio": 0.0693766938,
        "eps": 0.0967,
        "epsdiluted": 0.0967,
        "weightedAverageShsOut": 132347619,
        "weightedAverageShsOutDil": 132347619,
        "link": null,
        "finalLink": null
    },
    {
        "date": "1990-12-31",
        "symbol": "JEF",
        "reportedCurrency": "USD",
        "cik": "0000096223",
        "fillingDate": "1990-12-31",
        "acceptedDate": "1990-12-31 00:00:00",
        "calendarYear": "1990",
        "period": "Q4",
        "revenue": 159800000,
        "costOfRevenue": 0,
        "grossProfit": 159800000,
        "grossProfitRatio": 1,
        "researchAndDevelopmentExpenses": 0,
        "generalAndAdministrativeExpenses": 0,
        "sellingAndMarketingExpenses": 0,
        "sellingGeneralAndAdministrativeExpenses": 0,
        "otherExpenses": 144900000,
        "operatingExpenses": 144900000,
        "costAndExpenses": 144900000,
        "interestIncome": 0,
        "interestExpense": 12400000,
        "depreciationAndAmortization": 0,
        "ebitda": 14900000,
        "ebitdaratio": 0.0932415519,
        "operatingIncome": 14900000,
        "operatingIncomeRatio": 0.0932415519,
        "totalOtherIncomeExpensesNet": -12100000,
        "incomeBeforeTax": 2800000,
        "incomeBeforeTaxRatio": 0.0175219024,
        "incomeTaxExpense": 3800000,
        "netIncome": -1300000,
        "netIncomeRatio": -0.008135169,
        "eps": -0.0094,
        "epsdiluted": -0.009,
        "weightedAverageShsOut": 138758729,
        "weightedAverageShsOutDil": 144927536,
        "link": null,
        "finalLink": null
    },
    {
        "date": "1990-09-30",
        "symbol": "JEF",
        "reportedCurrency": "USD",
        "cik": "0000096223",
        "fillingDate": "1990-09-30",
        "acceptedDate": "1990-09-30 00:00:00",
        "calendarYear": "1990",
        "period": "Q3",
        "revenue": 167700000,
        "costOfRevenue": 0,
        "grossProfit": 167700000,
        "grossProfitRatio": 1,
        "researchAndDevelopmentExpenses": 0,
        "generalAndAdministrativeExpenses": 0,
        "sellingAndMarketingExpenses": 0,
        "sellingGeneralAndAdministrativeExpenses": 0,
        "otherExpenses": 138600000,
        "operatingExpenses": 138600000,
        "costAndExpenses": 138600000,
        "interestIncome": 0,
        "interestExpense": 14100000,
        "depreciationAndAmortization": 0,
        "ebitda": 29100000,
        "ebitdaratio": 0.1735241503,
        "operatingIncome": 29100000,
        "operatingIncomeRatio": 0.1735241503,
        "totalOtherIncomeExpensesNet": -13700000,
        "incomeBeforeTax": 15400000,
        "incomeBeforeTaxRatio": 0.09183065,
        "incomeTaxExpense": 3400000,
        "netIncome": 11600000,
        "netIncomeRatio": 0.0691711389,
        "eps": 0.08,
        "epsdiluted": 0.08,
        "weightedAverageShsOut": 144927536,
        "weightedAverageShsOutDil": 144927536,
        "link": null,
        "finalLink": null
    },
    {
        "date": "1990-06-30",
        "symbol": "JEF",
        "reportedCurrency": "USD",
        "cik": "0000096223",
        "fillingDate": "1990-06-30",
        "acceptedDate": "1990-06-30 00:00:00",
        "calendarYear": "1990",
        "period": "Q2",
        "revenue": 198100000,
        "costOfRevenue": 0,
        "grossProfit": 198100000,
        "grossProfitRatio": 1,
        "researchAndDevelopmentExpenses": 0,
        "generalAndAdministrativeExpenses": 0,
        "sellingAndMarketingExpenses": 0,
        "sellingGeneralAndAdministrativeExpenses": 0,
        "otherExpenses": 132300000,
        "operatingExpenses": 132300000,
        "costAndExpenses": 132300000,
        "interestIncome": 0,
        "interestExpense": 27800000,
        "depreciationAndAmortization": 0,
        "ebitda": 65800000,
        "ebitdaratio": 0.332155477,
        "operatingIncome": 65800000,
        "operatingIncomeRatio": 0.332155477,
        "totalOtherIncomeExpensesNet": -10500000,
        "incomeBeforeTax": 55300000,
        "incomeBeforeTaxRatio": 0.2791519435,
        "incomeTaxExpense": 4900000,
        "netIncome": 33100000,
        "netIncomeRatio": 0.1670873296,
        "eps": 0.23,
        "epsdiluted": 0.23,
        "weightedAverageShsOut": 145956434,
        "weightedAverageShsOutDil": 145956434,
        "link": null,
        "finalLink": null
    },
    {
        "date": "1990-03-31",
        "symbol": "JEF",
        "reportedCurrency": "USD",
        "cik": "0000096223",
        "fillingDate": "1990-03-31",
        "acceptedDate": "1990-03-31 00:00:00",
        "calendarYear": "1990",
        "period": "Q1",
        "revenue": 151700000,
        "costOfRevenue": 0,
        "grossProfit": 151700000,
        "grossProfitRatio": 1,
        "researchAndDevelopmentExpenses": 0,
        "generalAndAdministrativeExpenses": 0,
        "sellingAndMarketingExpenses": 0,
        "sellingGeneralAndAdministrativeExpenses": 0,
        "otherExpenses": 135100000,
        "operatingExpenses": 135100000,
        "costAndExpenses": 135100000,
        "interestIncome": 0,
        "interestExpense": 10900000,
        "depreciationAndAmortization": 0,
        "ebitda": 16600000,
        "ebitdaratio": 0.1094264997,
        "operatingIncome": 16600000,
        "operatingIncomeRatio": 0.1094264997,
        "totalOtherIncomeExpensesNet": -10900000,
        "incomeBeforeTax": 5700000,
        "incomeBeforeTaxRatio": 0.0375741595,
        "incomeTaxExpense": 1900000,
        "netIncome": 3800000,
        "netIncomeRatio": 0.0250494397,
        "eps": 0.0267,
        "epsdiluted": 0.0267,
        "weightedAverageShsOut": 142428786,
        "weightedAverageShsOutDil": 142428786,
        "link": null,
        "finalLink": null
    },
    {
        "date": "1989-12-31",
        "symbol": "JEF",
        "reportedCurrency": "USD",
        "cik": "0000096223",
        "fillingDate": "1989-12-31",
        "acceptedDate": "1989-12-31 00:00:00",
        "calendarYear": "1989",
        "period": "Q4",
        "revenue": 141300000,
        "costOfRevenue": 0,
        "grossProfit": 141300000,
        "grossProfitRatio": 1,
        "researchAndDevelopmentExpenses": 0,
        "generalAndAdministrativeExpenses": 0,
        "sellingAndMarketingExpenses": 0,
        "sellingGeneralAndAdministrativeExpenses": 0,
        "otherExpenses": 117000000,
        "operatingExpenses": 117000000,
        "costAndExpenses": 117000000,
        "interestIncome": 0,
        "interestExpense": 0,
        "depreciationAndAmortization": 0,
        "ebitda": 24300000,
        "ebitdaratio": 0.1719745223,
        "operatingIncome": 24300000,
        "operatingIncomeRatio": 0.1719745223,
        "totalOtherIncomeExpensesNet": -13100000,
        "incomeBeforeTax": 11200000,
        "incomeBeforeTaxRatio": 0.0792639774,
        "incomeTaxExpense": 5800000,
        "netIncome": 41900000,
        "netIncomeRatio": 0.296532201,
        "eps": 0.0351,
        "epsdiluted": 0.0351,
        "weightedAverageShsOut": 153836125,
        "weightedAverageShsOutDil": 153836125,
        "link": null,
        "finalLink": null
    },
    {
        "date": "1989-09-30",
        "symbol": "JEF",
        "reportedCurrency": "USD",
        "cik": "0000096223",
        "fillingDate": "1989-09-30",
        "acceptedDate": "1989-09-30 00:00:00",
        "calendarYear": "1989",
        "period": "Q3",
        "revenue": 166600000,
        "costOfRevenue": 0,
        "grossProfit": 166600000,
        "grossProfitRatio": 1,
        "researchAndDevelopmentExpenses": 0,
        "generalAndAdministrativeExpenses": 0,
        "sellingAndMarketingExpenses": 0,
        "sellingGeneralAndAdministrativeExpenses": 0,
        "otherExpenses": 141600000,
        "operatingExpenses": 141600000,
        "costAndExpenses": 141600000,
        "interestIncome": 0,
        "interestExpense": 12800000,
        "depreciationAndAmortization": 0,
        "ebitda": 25000000,
        "ebitdaratio": 0.150060024,
        "operatingIncome": 25000000,
        "operatingIncomeRatio": 0.150060024,
        "totalOtherIncomeExpensesNet": -14400000,
        "incomeBeforeTax": 10600000,
        "incomeBeforeTaxRatio": 0.0636254502,
        "incomeTaxExpense": 400000,
        "netIncome": 11800000,
        "netIncomeRatio": 0.0708283313,
        "eps": 0.0767,
        "epsdiluted": 0.0767,
        "weightedAverageShsOut": 153836125,
        "weightedAverageShsOutDil": 153836125,
        "link": null,
        "finalLink": null
    },
    {
        "date": "1989-06-30",
        "symbol": "JEF",
        "reportedCurrency": "USD",
        "cik": "0000096223",
        "fillingDate": "1989-06-30",
        "acceptedDate": "1989-06-30 00:00:00",
        "calendarYear": "1989",
        "period": "Q2",
        "revenue": 191900000,
        "costOfRevenue": 0,
        "grossProfit": 191900000,
        "grossProfitRatio": 1,
        "researchAndDevelopmentExpenses": 0,
        "generalAndAdministrativeExpenses": 0,
        "sellingAndMarketingExpenses": 0,
        "sellingGeneralAndAdministrativeExpenses": 0,
        "otherExpenses": 166700000,
        "operatingExpenses": 166700000,
        "costAndExpenses": 166700000,
        "interestIncome": 0,
        "interestExpense": 13000000,
        "depreciationAndAmortization": 0,
        "ebitda": 25200000,
        "ebitdaratio": 0.131318395,
        "operatingIncome": 25200000,
        "operatingIncomeRatio": 0.131318395,
        "totalOtherIncomeExpensesNet": -14300000,
        "incomeBeforeTax": 10900000,
        "incomeBeforeTaxRatio": 0.0568004169,
        "incomeTaxExpense": 5200000,
        "netIncome": 7000000,
        "netIncomeRatio": 0.0364773319,
        "eps": 0.0367,
        "epsdiluted": 0.0367,
        "weightedAverageShsOut": 190813684,
        "weightedAverageShsOutDil": 190813684,
        "link": null,
        "finalLink": null
    },
    {
        "date": "1989-03-31",
        "symbol": "JEF",
        "reportedCurrency": "USD",
        "cik": "0000096223",
        "fillingDate": "1989-03-31",
        "acceptedDate": "1989-03-31 00:00:00",
        "calendarYear": "1989",
        "period": "Q1",
        "revenue": 172200000,
        "costOfRevenue": 0,
        "grossProfit": 172200000,
        "grossProfitRatio": 1,
        "researchAndDevelopmentExpenses": 0,
        "generalAndAdministrativeExpenses": 0,
        "sellingAndMarketingExpenses": 0,
        "sellingGeneralAndAdministrativeExpenses": 172200000,
        "otherExpenses": 0,
        "operatingExpenses": 172200000,
        "costAndExpenses": 0,
        "interestIncome": 0,
        "interestExpense": 0,
        "depreciationAndAmortization": 0,
        "ebitda": 172200000,
        "ebitdaratio": 1,
        "operatingIncome": 172200000,
        "operatingIncomeRatio": 1,
        "totalOtherIncomeExpensesNet": -172200000,
        "incomeBeforeTax": 0,
        "incomeBeforeTaxRatio": 0,
        "incomeTaxExpense": -3600000,
        "netIncome": 0,
        "netIncomeRatio": 0,
        "eps": 0.0334,
        "epsdiluted": 0.03,
        "weightedAverageShsOut": 165409296,
        "weightedAverageShsOutDil": 165409296,
        "link": null,
        "finalLink": null
    },
    {
        "date": "1988-12-31",
        "symbol": "JEF",
        "reportedCurrency": "USD",
        "cik": "0000096223",
        "fillingDate": "1988-12-31",
        "acceptedDate": "1988-12-31 00:00:00",
        "calendarYear": "1988",
        "period": "Q4",
        "revenue": 224000000,
        "costOfRevenue": 0,
        "grossProfit": 224000000,
        "grossProfitRatio": 1,
        "researchAndDevelopmentExpenses": 0,
        "generalAndAdministrativeExpenses": 0,
        "sellingAndMarketingExpenses": 0,
        "sellingGeneralAndAdministrativeExpenses": 0,
        "otherExpenses": 224000000,
        "operatingExpenses": 224000000,
        "costAndExpenses": 224000000,
        "interestIncome": 0,
        "interestExpense": 0,
        "depreciationAndAmortization": 0,
        "ebitda": -582300000,
        "ebitdaratio": -2.5995535714,
        "operatingIncome": -582300000,
        "operatingIncomeRatio": -2.5995535714,
        "totalOtherIncomeExpensesNet": 582300000,
        "incomeBeforeTax": 0,
        "incomeBeforeTaxRatio": 0,
        "incomeTaxExpense": -3200000,
        "netIncome": 3200000,
        "netIncomeRatio": 0.0142857143,
        "eps": 0.02,
        "epsdiluted": 0.02,
        "weightedAverageShsOut": 192095952,
        "weightedAverageShsOutDil": 192095952,
        "link": null,
        "finalLink": null
    },
    {
        "date": "1988-09-30",
        "symbol": "JEF",
        "reportedCurrency": "USD",
        "cik": "0000096223",
        "fillingDate": "1988-09-30",
        "acceptedDate": "1988-09-30 00:00:00",
        "calendarYear": "1988",
        "period": "Q3",
        "revenue": 228300000,
        "costOfRevenue": 0,
        "grossProfit": 228300000,
        "grossProfitRatio": 1,
        "researchAndDevelopmentExpenses": 0,
        "generalAndAdministrativeExpenses": 0,
        "sellingAndMarketingExpenses": 0,
        "sellingGeneralAndAdministrativeExpenses": 228300000,
        "otherExpenses": 0,
        "operatingExpenses": 228300000,
        "costAndExpenses": 0,
        "interestIncome": 0,
        "interestExpense": 0,
        "depreciationAndAmortization": 0,
        "ebitda": 228300000,
        "ebitdaratio": 1,
        "operatingIncome": 228300000,
        "operatingIncomeRatio": 1,
        "totalOtherIncomeExpensesNet": -228300000,
        "incomeBeforeTax": 0,
        "incomeBeforeTaxRatio": 0,
        "incomeTaxExpense": -6600000,
        "netIncome": 6600000,
        "netIncomeRatio": 0.0289093298,
        "eps": 0.0434,
        "epsdiluted": 0.04,
        "weightedAverageShsOut": 192095952,
        "weightedAverageShsOutDil": 192095952,
        "link": null,
        "finalLink": null
    },
    {
        "date": "1988-06-30",
        "symbol": "JEF",
        "reportedCurrency": "USD",
        "cik": "0000096223",
        "fillingDate": "1988-06-30",
        "acceptedDate": "1988-06-30 00:00:00",
        "calendarYear": "1988",
        "period": "Q2",
        "revenue": 210900000,
        "costOfRevenue": 0,
        "grossProfit": 210900000,
        "grossProfitRatio": 1,
        "researchAndDevelopmentExpenses": 0,
        "generalAndAdministrativeExpenses": 0,
        "sellingAndMarketingExpenses": 0,
        "sellingGeneralAndAdministrativeExpenses": 210900000,
        "otherExpenses": 0,
        "operatingExpenses": 210900000,
        "costAndExpenses": 0,
        "interestIncome": 0,
        "interestExpense": 0,
        "depreciationAndAmortization": 0,
        "ebitda": 210900000,
        "ebitdaratio": 1,
        "operatingIncome": 210900000,
        "operatingIncomeRatio": 1,
        "totalOtherIncomeExpensesNet": -210900000,
        "incomeBeforeTax": 0,
        "incomeBeforeTaxRatio": 0,
        "incomeTaxExpense": -6200000,
        "netIncome": 6200000,
        "netIncomeRatio": 0.0293978189,
        "eps": 0.04,
        "epsdiluted": 0.04,
        "weightedAverageShsOut": 192095952,
        "weightedAverageShsOutDil": 192095952,
        "link": null,
        "finalLink": null
    },
    {
        "date": "1988-03-31",
        "symbol": "JEF",
        "reportedCurrency": "USD",
        "cik": "0000096223",
        "fillingDate": "1988-03-31",
        "acceptedDate": "1988-03-31 00:00:00",
        "calendarYear": "1988",
        "period": "Q1",
        "revenue": 222800000,
        "costOfRevenue": 0,
        "grossProfit": 222800000,
        "grossProfitRatio": 1,
        "researchAndDevelopmentExpenses": 0,
        "generalAndAdministrativeExpenses": 0,
        "sellingAndMarketingExpenses": 0,
        "sellingGeneralAndAdministrativeExpenses": 222800000,
        "otherExpenses": 0,
        "operatingExpenses": 222800000,
        "costAndExpenses": 0,
        "interestIncome": 0,
        "interestExpense": 0,
        "depreciationAndAmortization": 0,
        "ebitda": 222800000,
        "ebitdaratio": 1,
        "operatingIncome": 222800000,
        "operatingIncomeRatio": 1,
        "totalOtherIncomeExpensesNet": -222800000,
        "incomeBeforeTax": 0,
        "incomeBeforeTaxRatio": 0,
        "incomeTaxExpense": -7700000,
        "netIncome": 7700000,
        "netIncomeRatio": 0.0345601436,
        "eps": 0.05,
        "epsdiluted": 0.0467,
        "weightedAverageShsOut": 192095952,
        "weightedAverageShsOutDil": 192095952,
        "link": null,
        "finalLink": null
    },
    {
        "date": "1987-12-31",
        "symbol": "JEF",
        "reportedCurrency": "USD",
        "cik": "0000096223",
        "fillingDate": "1987-12-31",
        "acceptedDate": "1987-12-31 00:00:00",
        "calendarYear": "1987",
        "period": "Q4",
        "revenue": 84900000,
        "costOfRevenue": 0,
        "grossProfit": 84900000,
        "grossProfitRatio": 1,
        "researchAndDevelopmentExpenses": 0,
        "generalAndAdministrativeExpenses": 0,
        "sellingAndMarketingExpenses": 0,
        "sellingGeneralAndAdministrativeExpenses": 0,
        "otherExpenses": 84900000,
        "operatingExpenses": 84900000,
        "costAndExpenses": 84900000,
        "interestIncome": 0,
        "interestExpense": 0,
        "depreciationAndAmortization": 0,
        "ebitda": -264900000,
        "ebitdaratio": -3.1201413428,
        "operatingIncome": -264900000,
        "operatingIncomeRatio": -3.1201413428,
        "totalOtherIncomeExpensesNet": 264900000,
        "incomeBeforeTax": 0,
        "incomeBeforeTaxRatio": 0,
        "incomeTaxExpense": 18400000,
        "netIncome": -18400000,
        "netIncomeRatio": -0.2167255595,
        "eps": -0.13,
        "epsdiluted": -0.13,
        "weightedAverageShsOut": 166920540,
        "weightedAverageShsOutDil": 166920540,
        "link": null,
        "finalLink": null
    },
    {
        "date": "1987-09-30",
        "symbol": "JEF",
        "reportedCurrency": "USD",
        "cik": "0000096223",
        "fillingDate": "1987-09-30",
        "acceptedDate": "1987-09-30 00:00:00",
        "calendarYear": "1987",
        "period": "Q3",
        "revenue": 88800000,
        "costOfRevenue": 0,
        "grossProfit": 88800000,
        "grossProfitRatio": 1,
        "researchAndDevelopmentExpenses": 0,
        "generalAndAdministrativeExpenses": 0,
        "sellingAndMarketingExpenses": 0,
        "sellingGeneralAndAdministrativeExpenses": 88800000,
        "otherExpenses": 0,
        "operatingExpenses": 88800000,
        "costAndExpenses": 0,
        "interestIncome": 0,
        "interestExpense": 0,
        "depreciationAndAmortization": 0,
        "ebitda": 88800000,
        "ebitdaratio": 1,
        "operatingIncome": 88800000,
        "operatingIncomeRatio": 1,
        "totalOtherIncomeExpensesNet": -88800000,
        "incomeBeforeTax": 0,
        "incomeBeforeTaxRatio": 0,
        "incomeTaxExpense": 5600000,
        "netIncome": -5600000,
        "netIncomeRatio": -0.0630630631,
        "eps": -0.0367,
        "epsdiluted": -0.0367,
        "weightedAverageShsOut": 166920540,
        "weightedAverageShsOutDil": 166920540,
        "link": null,
        "finalLink": null
    },
    {
        "date": "1987-06-30",
        "symbol": "JEF",
        "reportedCurrency": "USD",
        "cik": "0000096223",
        "fillingDate": "1987-06-30",
        "acceptedDate": "1987-06-30 00:00:00",
        "calendarYear": "1987",
        "period": "Q2",
        "revenue": 96800000,
        "costOfRevenue": 0,
        "grossProfit": 96800000,
        "grossProfitRatio": 1,
        "researchAndDevelopmentExpenses": 0,
        "generalAndAdministrativeExpenses": 0,
        "sellingAndMarketingExpenses": 0,
        "sellingGeneralAndAdministrativeExpenses": 96800000,
        "otherExpenses": 0,
        "operatingExpenses": 96800000,
        "costAndExpenses": 0,
        "interestIncome": 0,
        "interestExpense": 0,
        "depreciationAndAmortization": 0,
        "ebitda": 96800000,
        "ebitdaratio": 1,
        "operatingIncome": 96800000,
        "operatingIncomeRatio": 1,
        "totalOtherIncomeExpensesNet": -96800000,
        "incomeBeforeTax": 0,
        "incomeBeforeTaxRatio": 0,
        "incomeTaxExpense": -1600000,
        "netIncome": 1600000,
        "netIncomeRatio": 0.0165289256,
        "eps": 0.01,
        "epsdiluted": 0.01,
        "weightedAverageShsOut": 166920540,
        "weightedAverageShsOutDil": 166920540,
        "link": null,
        "finalLink": null
    },
    {
        "date": "1987-03-31",
        "symbol": "JEF",
        "reportedCurrency": "USD",
        "cik": "0000096223",
        "fillingDate": "1987-03-31",
        "acceptedDate": "1987-03-31 00:00:00",
        "calendarYear": "1987",
        "period": "Q1",
        "revenue": 97600000,
        "costOfRevenue": 0,
        "grossProfit": 97600000,
        "grossProfitRatio": 1,
        "researchAndDevelopmentExpenses": 0,
        "generalAndAdministrativeExpenses": 0,
        "sellingAndMarketingExpenses": 0,
        "sellingGeneralAndAdministrativeExpenses": 97600000,
        "otherExpenses": 0,
        "operatingExpenses": 97600000,
        "costAndExpenses": 0,
        "interestIncome": 0,
        "interestExpense": 0,
        "depreciationAndAmortization": 0,
        "ebitda": 97600000,
        "ebitdaratio": 1,
        "operatingIncome": 97600000,
        "operatingIncomeRatio": 1,
        "totalOtherIncomeExpensesNet": -97600000,
        "incomeBeforeTax": 0,
        "incomeBeforeTaxRatio": 0,
        "incomeTaxExpense": -6200000,
        "netIncome": 6200000,
        "netIncomeRatio": 0.0635245902,
        "eps": 0.0367,
        "epsdiluted": 0.0367,
        "weightedAverageShsOut": 165085458,
        "weightedAverageShsOutDil": 165085458,
        "link": null,
        "finalLink": null
    },
    {
        "date": "1986-12-31",
        "symbol": "JEF",
        "reportedCurrency": "USD",
        "cik": "0000096223",
        "fillingDate": "1986-12-31",
        "acceptedDate": "1986-12-31 00:00:00",
        "calendarYear": "1986",
        "period": "Q4",
        "revenue": 22200000,
        "costOfRevenue": 0,
        "grossProfit": 22200000,
        "grossProfitRatio": 1,
        "researchAndDevelopmentExpenses": 0,
        "generalAndAdministrativeExpenses": 0,
        "sellingAndMarketingExpenses": 0,
        "sellingGeneralAndAdministrativeExpenses": 0,
        "otherExpenses": 22200000,
        "operatingExpenses": 22200000,
        "costAndExpenses": 22200000,
        "interestIncome": 0,
        "interestExpense": 0,
        "depreciationAndAmortization": 0,
        "ebitda": -265800000,
        "ebitdaratio": -11.972972973,
        "operatingIncome": -265800000,
        "operatingIncomeRatio": -11.972972973,
        "totalOtherIncomeExpensesNet": 265800000,
        "incomeBeforeTax": 0,
        "incomeBeforeTaxRatio": 0,
        "incomeTaxExpense": 10500000,
        "netIncome": 0,
        "netIncomeRatio": 0,
        "eps": 0.21,
        "epsdiluted": 0.2,
        "weightedAverageShsOut": 165085458,
        "weightedAverageShsOutDil": 165085458,
        "link": null,
        "finalLink": null
    },
    {
        "date": "1986-09-30",
        "symbol": "JEF",
        "reportedCurrency": "USD",
        "cik": "0000096223",
        "fillingDate": "1986-09-30",
        "acceptedDate": "1986-09-30 00:00:00",
        "calendarYear": "1986",
        "period": "Q3",
        "revenue": 108400000,
        "costOfRevenue": 0,
        "grossProfit": 108400000,
        "grossProfitRatio": 1,
        "researchAndDevelopmentExpenses": 0,
        "generalAndAdministrativeExpenses": 0,
        "sellingAndMarketingExpenses": 0,
        "sellingGeneralAndAdministrativeExpenses": 108400000,
        "otherExpenses": 0,
        "operatingExpenses": 108400000,
        "costAndExpenses": 0,
        "interestIncome": 0,
        "interestExpense": 0,
        "depreciationAndAmortization": 0,
        "ebitda": 108400000,
        "ebitdaratio": 1,
        "operatingIncome": 108400000,
        "operatingIncomeRatio": 1,
        "totalOtherIncomeExpensesNet": -108400000,
        "incomeBeforeTax": 0,
        "incomeBeforeTaxRatio": 0,
        "incomeTaxExpense": -11700000,
        "netIncome": 0,
        "netIncomeRatio": 0,
        "eps": 0.0734,
        "epsdiluted": 0.0734,
        "weightedAverageShsOut": 165085458,
        "weightedAverageShsOutDil": 165085458,
        "link": null,
        "finalLink": null
    },
    {
        "date": "1986-06-30",
        "symbol": "JEF",
        "reportedCurrency": "USD",
        "cik": "0000096223",
        "fillingDate": "1986-06-30",
        "acceptedDate": "1986-06-30 00:00:00",
        "calendarYear": "1986",
        "period": "Q2",
        "revenue": 117200000,
        "costOfRevenue": 0,
        "grossProfit": 117200000,
        "grossProfitRatio": 1,
        "researchAndDevelopmentExpenses": 0,
        "generalAndAdministrativeExpenses": 0,
        "sellingAndMarketingExpenses": 0,
        "sellingGeneralAndAdministrativeExpenses": 117200000,
        "otherExpenses": 0,
        "operatingExpenses": 117200000,
        "costAndExpenses": 0,
        "interestIncome": 0,
        "interestExpense": 0,
        "depreciationAndAmortization": 0,
        "ebitda": 117200000,
        "ebitdaratio": 1,
        "operatingIncome": 117200000,
        "operatingIncomeRatio": 1,
        "totalOtherIncomeExpensesNet": -117200000,
        "incomeBeforeTax": 0,
        "incomeBeforeTaxRatio": 0,
        "incomeTaxExpense": -6900000,
        "netIncome": 0,
        "netIncomeRatio": 0,
        "eps": 0.0367,
        "epsdiluted": 0.0367,
        "weightedAverageShsOut": 175928036,
        "weightedAverageShsOutDil": 175928036,
        "link": null,
        "finalLink": null
    },
    {
        "date": "1986-03-31",
        "symbol": "JEF",
        "reportedCurrency": "USD",
        "cik": "0000096223",
        "fillingDate": "1986-03-31",
        "acceptedDate": "1986-03-31 00:00:00",
        "calendarYear": "1986",
        "period": "Q1",
        "revenue": 81700000,
        "costOfRevenue": 0,
        "grossProfit": 81700000,
        "grossProfitRatio": 1,
        "researchAndDevelopmentExpenses": 0,
        "generalAndAdministrativeExpenses": 0,
        "sellingAndMarketingExpenses": 0,
        "sellingGeneralAndAdministrativeExpenses": 81700000,
        "otherExpenses": 0,
        "operatingExpenses": 81700000,
        "costAndExpenses": 0,
        "interestIncome": 0,
        "interestExpense": 0,
        "depreciationAndAmortization": 0,
        "ebitda": 81700000,
        "ebitdaratio": 1,
        "operatingIncome": 81700000,
        "operatingIncomeRatio": 1,
        "totalOtherIncomeExpensesNet": -81700000,
        "incomeBeforeTax": 0,
        "incomeBeforeTaxRatio": 0,
        "incomeTaxExpense": -11500000,
        "netIncome": 0,
        "netIncomeRatio": 0,
        "eps": 0.0634,
        "epsdiluted": 0.0567,
        "weightedAverageShsOut": 131526236,
        "weightedAverageShsOutDil": 131526236,
        "link": null,
        "finalLink": null
    },
    {
        "date": "1985-12-31",
        "symbol": "JEF",
        "reportedCurrency": "USD",
        "cik": "0000096223",
        "fillingDate": "1985-12-31",
        "acceptedDate": "1985-12-31 00:00:00",
        "calendarYear": "1985",
        "period": "Q4",
        "revenue": 134600000,
        "costOfRevenue": 0,
        "grossProfit": 134600000,
        "grossProfitRatio": 1,
        "researchAndDevelopmentExpenses": 0,
        "generalAndAdministrativeExpenses": 0,
        "sellingAndMarketingExpenses": 0,
        "sellingGeneralAndAdministrativeExpenses": 0,
        "otherExpenses": 134600000,
        "operatingExpenses": 134600000,
        "costAndExpenses": 134600000,
        "interestIncome": 0,
        "interestExpense": 0,
        "depreciationAndAmortization": 0,
        "ebitda": -91800000,
        "ebitdaratio": -0.6820208024,
        "operatingIncome": -91800000,
        "operatingIncomeRatio": -0.6820208024,
        "totalOtherIncomeExpensesNet": 91800000,
        "incomeBeforeTax": 0,
        "incomeBeforeTaxRatio": 0,
        "incomeTaxExpense": -3100000,
        "netIncome": 0,
        "netIncomeRatio": 0,
        "eps": 0.0167,
        "epsdiluted": 0.0167,
        "weightedAverageShsOut": 215988006,
        "weightedAverageShsOutDil": 215988006,
        "link": null,
        "finalLink": null
    },
    {
        "date": "1985-09-30",
        "symbol": "JEF",
        "reportedCurrency": "USD",
        "cik": "0000096223",
        "fillingDate": "1985-09-30",
        "acceptedDate": "1985-09-30 00:00:00",
        "calendarYear": "1985",
        "period": "Q3",
        "revenue": 52700000,
        "costOfRevenue": 0,
        "grossProfit": 52700000,
        "grossProfitRatio": 1,
        "researchAndDevelopmentExpenses": 0,
        "generalAndAdministrativeExpenses": 0,
        "sellingAndMarketingExpenses": 0,
        "sellingGeneralAndAdministrativeExpenses": 52700000,
        "otherExpenses": 0,
        "operatingExpenses": 52700000,
        "costAndExpenses": 0,
        "interestIncome": 0,
        "interestExpense": 0,
        "depreciationAndAmortization": 0,
        "ebitda": 52700000,
        "ebitdaratio": 1,
        "operatingIncome": 52700000,
        "operatingIncomeRatio": 1,
        "totalOtherIncomeExpensesNet": -52700000,
        "incomeBeforeTax": 0,
        "incomeBeforeTaxRatio": 0,
        "incomeTaxExpense": -2500000,
        "netIncome": 0,
        "netIncomeRatio": 0,
        "eps": 0.02,
        "epsdiluted": 0.02,
        "weightedAverageShsOut": 215988006,
        "weightedAverageShsOutDil": 215988006,
        "link": null,
        "finalLink": null
    }
]