[
    {
        "date": "2022-03-31",
        "symbol": "JP",
        "reportedCurrency": "CNY",
        "cik": "0001616291",
        "fillingDate": "2022-03-31",
        "acceptedDate": "2022-03-30 20:00:00",
        "calendarYear": "2022",
        "period": "Q1",
        "revenue": 32558000,
        "costOfRevenue": 21507000,
        "grossProfit": 11051000,
        "grossProfitRatio": 0.3394250261,
        "researchAndDevelopmentExpenses": 0,
        "generalAndAdministrativeExpenses": 43094000,
        "sellingAndMarketingExpenses": 12532000,
        "sellingGeneralAndAdministrativeExpenses": 55626000,
        "otherExpenses": -1539000,
        "operatingExpenses": 54087000,
        "costAndExpenses": 75594000,
        "interestIncome": 1240000,
        "interestExpense": 1240000,
        "depreciationAndAmortization": 30200000,
        "ebitda": -12836000,
        "ebitdaratio": -0.3942502611,
        "operatingIncome": -43036000,
        "operatingIncomeRatio": -1.321825665,
        "totalOtherIncomeExpensesNet": 31459000,
        "incomeBeforeTax": -11577000,
        "incomeBeforeTaxRatio": -0.3555808096,
        "incomeTaxExpense": -30200000,
        "netIncome": 18623000,
        "netIncomeRatio": 0.5719945943,
        "eps": 0.58,
        "epsdiluted": 0.58,
        "weightedAverageShsOut": 32080637,
        "weightedAverageShsOutDil": 32080637,
        "link": "",
        "finalLink": ""
    },
    {
        "date": "2021-12-31",
        "symbol": "JP",
        "reportedCurrency": "CNY",
        "cik": "0001616291",
        "fillingDate": "2021-12-31",
        "acceptedDate": "2021-12-30 19:00:00",
        "calendarYear": "2021",
        "period": "Q4",
        "revenue": 70414000,
        "costOfRevenue": 34209000,
        "grossProfit": 36205000,
        "grossProfitRatio": 0.5141733178,
        "researchAndDevelopmentExpenses": 0,
        "generalAndAdministrativeExpenses": 23987000,
        "sellingAndMarketingExpenses": 31107000,
        "sellingGeneralAndAdministrativeExpenses": 55094000,
        "otherExpenses": -14000,
        "operatingExpenses": 55080000,
        "costAndExpenses": 89289000,
        "interestIncome": 2151000,
        "interestExpense": 2151000,
        "depreciationAndAmortization": -217570000,
        "ebitda": -236445000,
        "ebitdaratio": -3.3579259806,
        "operatingIncome": -18875000,
        "operatingIncomeRatio": -0.2680574886,
        "totalOtherIncomeExpensesNet": -238170000,
        "incomeBeforeTax": -257045000,
        "incomeBeforeTaxRatio": -3.6504814384,
        "incomeTaxExpense": 1744000,
        "netIncome": -258789000,
        "netIncomeRatio": -3.6752492402,
        "eps": -7.86,
        "epsdiluted": -7.86,
        "weightedAverageShsOut": 32905984,
        "weightedAverageShsOutDil": 32905984,
        "link": "",
        "finalLink": ""
    },
    {
        "date": "2021-09-30",
        "symbol": "JP",
        "reportedCurrency": "CNY",
        "cik": "0001616291",
        "fillingDate": "2021-09-30",
        "acceptedDate": "2021-09-29 20:00:00",
        "calendarYear": "2021",
        "period": "Q3",
        "revenue": 109308000,
        "costOfRevenue": 42598000,
        "grossProfit": 66710000,
        "grossProfitRatio": 0.6102938486,
        "researchAndDevelopmentExpenses": 0,
        "generalAndAdministrativeExpenses": 32496000,
        "sellingAndMarketingExpenses": 23721000,
        "sellingGeneralAndAdministrativeExpenses": 56217000,
        "otherExpenses": -3509000,
        "operatingExpenses": 52708000,
        "costAndExpenses": 95306000,
        "interestIncome": 2028000,
        "interestExpense": 0,
        "depreciationAndAmortization": -47054000,
        "ebitda": -33052000,
        "ebitdaratio": -0.3023749405,
        "operatingIncome": 14002000,
        "operatingIncomeRatio": 0.1280967541,
        "totalOtherIncomeExpensesNet": -51514000,
        "incomeBeforeTax": -37512000,
        "incomeBeforeTaxRatio": -0.3431770776,
        "incomeTaxExpense": 395000,
        "netIncome": -33447000,
        "netIncomeRatio": -0.3059885827,
        "eps": -1.01,
        "epsdiluted": -1.01,
        "weightedAverageShsOut": 33218019,
        "weightedAverageShsOutDil": 33226010,
        "link": "",
        "finalLink": ""
    },
    {
        "date": "2021-06-30",
        "symbol": "JP",
        "reportedCurrency": "CNY",
        "cik": "0001616291",
        "fillingDate": "2021-06-30",
        "acceptedDate": "2021-06-29 20:00:00",
        "calendarYear": "2021",
        "period": "Q2",
        "revenue": 95657000,
        "costOfRevenue": 41893000,
        "grossProfit": 53764000,
        "grossProfitRatio": 0.5620498238,
        "researchAndDevelopmentExpenses": 0,
        "generalAndAdministrativeExpenses": 37835000,
        "sellingAndMarketingExpenses": 17324000,
        "sellingGeneralAndAdministrativeExpenses": 55159000,
        "otherExpenses": -1638000,
        "operatingExpenses": 53521000,
        "costAndExpenses": 95414000,
        "interestIncome": 2245000,
        "interestExpense": 0,
        "depreciationAndAmortization": 1640000,
        "ebitda": 1883000,
        "ebitdaratio": 0.0196849159,
        "operatingIncome": 243000,
        "operatingIncomeRatio": 0.0025403264,
        "totalOtherIncomeExpensesNet": 1774000,
        "incomeBeforeTax": 2017000,
        "incomeBeforeTaxRatio": 0.0210857543,
        "incomeTaxExpense": 0,
        "netIncome": 2017000,
        "netIncomeRatio": 0.0210857543,
        "eps": 0.0607,
        "epsdiluted": 0.0606,
        "weightedAverageShsOut": 33225174,
        "weightedAverageShsOutDil": 33276019,
        "link": "",
        "finalLink": ""
    },
    {
        "date": "2021-03-31",
        "symbol": "JP",
        "reportedCurrency": "CNY",
        "cik": "0001616291",
        "fillingDate": "2021-03-31",
        "acceptedDate": "2021-03-30 20:00:00",
        "calendarYear": "2021",
        "period": "Q1",
        "revenue": 83675000,
        "costOfRevenue": 37415000,
        "grossProfit": 46260000,
        "grossProfitRatio": 0.5528533015,
        "researchAndDevelopmentExpenses": 0,
        "generalAndAdministrativeExpenses": 25131000,
        "sellingAndMarketingExpenses": 17910000,
        "sellingGeneralAndAdministrativeExpenses": 43041000,
        "otherExpenses": -236000,
        "operatingExpenses": 42805000,
        "costAndExpenses": 80220000,
        "interestIncome": 1092000,
        "interestExpense": 0,
        "depreciationAndAmortization": 794000,
        "ebitda": 4249000,
        "ebitdaratio": 0.0507798028,
        "operatingIncome": 3455000,
        "operatingIncomeRatio": 0.0412907081,
        "totalOtherIncomeExpensesNet": 682000,
        "incomeBeforeTax": 4137000,
        "incomeBeforeTaxRatio": 0.0494412907,
        "incomeTaxExpense": 341000,
        "netIncome": 3908000,
        "netIncomeRatio": 0.0467045115,
        "eps": 0.12,
        "epsdiluted": 0.12,
        "weightedAverageShsOut": 33222952,
        "weightedAverageShsOutDil": 33293931,
        "link": "",
        "finalLink": ""
    },
    {
        "date": "2020-12-31",
        "symbol": "JP",
        "reportedCurrency": "CNY",
        "cik": "0001616291",
        "fillingDate": "2020-12-31",
        "acceptedDate": "2020-12-30 19:00:00",
        "calendarYear": "2020",
        "period": "Q4",
        "revenue": 98006876,
        "costOfRevenue": 39934255,
        "grossProfit": 58072621,
        "grossProfitRatio": 0.592536191,
        "researchAndDevelopmentExpenses": 0,
        "generalAndAdministrativeExpenses": 39263834,
        "sellingAndMarketingExpenses": 18069045,
        "sellingGeneralAndAdministrativeExpenses": 57332879,
        "otherExpenses": -5905000,
        "operatingExpenses": 51427879,
        "costAndExpenses": 91362134,
        "interestIncome": 1580173,
        "interestExpense": 0,
        "depreciationAndAmortization": -4617075,
        "ebitda": 2027667,
        "ebitdaratio": 0.020689028,
        "operatingIncome": 6644742,
        "operatingIncomeRatio": 0.0677987328,
        "totalOtherIncomeExpensesNet": -6902848,
        "incomeBeforeTax": -258106,
        "incomeBeforeTaxRatio": -0.0026335499,
        "incomeTaxExpense": 41138,
        "netIncome": 1986529,
        "netIncomeRatio": 0.0202692819,
        "eps": 0.0599,
        "epsdiluted": 0.0599,
        "weightedAverageShsOut": 33181510,
        "weightedAverageShsOutDil": 33181510,
        "link": "",
        "finalLink": ""
    },
    {
        "date": "2020-09-30",
        "symbol": "JP",
        "reportedCurrency": "CNY",
        "cik": "0001616291",
        "fillingDate": "2020-09-30",
        "acceptedDate": "2020-09-29 20:00:00",
        "calendarYear": "2020",
        "period": "Q3",
        "revenue": 85140277,
        "costOfRevenue": 41561614,
        "grossProfit": 43578663,
        "grossProfitRatio": 0.5118454454,
        "researchAndDevelopmentExpenses": 0,
        "generalAndAdministrativeExpenses": 36353384,
        "sellingAndMarketingExpenses": 22794092,
        "sellingGeneralAndAdministrativeExpenses": 59147476,
        "otherExpenses": -552588,
        "operatingExpenses": 58594888,
        "costAndExpenses": 100156502,
        "interestIncome": 952648,
        "interestExpense": 0,
        "depreciationAndAmortization": 1484591,
        "ebitda": -13531634,
        "ebitdaratio": -0.1589334035,
        "operatingIncome": -15016225,
        "operatingIncomeRatio": -0.1763704034,
        "totalOtherIncomeExpensesNet": 899176,
        "incomeBeforeTax": -14117049,
        "incomeBeforeTaxRatio": -0.1658092914,
        "incomeTaxExpense": -10562496,
        "netIncome": -2969138,
        "netIncomeRatio": -0.034873483,
        "eps": -0.0891,
        "epsdiluted": -0.0891,
        "weightedAverageShsOut": 33314139,
        "weightedAverageShsOutDil": 33314139,
        "link": "",
        "finalLink": ""
    },
    {
        "date": "2020-06-30",
        "symbol": "JP",
        "reportedCurrency": "CNY",
        "cik": "0001616291",
        "fillingDate": "2020-08-10",
        "acceptedDate": "2020-08-10 06:06:27",
        "calendarYear": "2020",
        "period": "Q2",
        "revenue": 108437324,
        "costOfRevenue": 62142218,
        "grossProfit": 46295106,
        "grossProfitRatio": 0.4269296243,
        "researchAndDevelopmentExpenses": 0,
        "generalAndAdministrativeExpenses": 42685599,
        "sellingAndMarketingExpenses": 24116445,
        "sellingGeneralAndAdministrativeExpenses": 66802044,
        "otherExpenses": -6583956,
        "operatingExpenses": 60218088,
        "costAndExpenses": 122360306,
        "interestIncome": 1449615,
        "interestExpense": 0,
        "depreciationAndAmortization": 2078602,
        "ebitda": -11844380,
        "ebitdaratio": -0.1092278891,
        "operatingIncome": -13922982,
        "operatingIncomeRatio": -0.1283965842,
        "totalOtherIncomeExpensesNet": 3676147,
        "incomeBeforeTax": -10246835,
        "incomeBeforeTaxRatio": -0.0944954617,
        "incomeTaxExpense": -1352337,
        "netIncome": -10492043,
        "netIncomeRatio": -0.0967567495,
        "eps": -0.31,
        "epsdiluted": -0.31,
        "weightedAverageShsOut": 33446631,
        "weightedAverageShsOutDil": 33446631,
        "link": "https://www.sec.gov/Archives/edgar/data/1616291/000110465920092287/0001104659-20-092287-index.htm",
        "finalLink": "https://www.sec.gov/Archives/edgar/data/1616291/000110465920092287/a20-27074_16k.htm"
    },
    {
        "date": "2020-03-31",
        "symbol": "JP",
        "reportedCurrency": "CNY",
        "cik": "0001616291",
        "fillingDate": "2020-04-24",
        "acceptedDate": "2020-04-24 06:11:27",
        "calendarYear": "2020",
        "period": "Q1",
        "revenue": 96587266,
        "costOfRevenue": 61996617,
        "grossProfit": 34590649,
        "grossProfitRatio": 0.3581284618,
        "researchAndDevelopmentExpenses": 0,
        "generalAndAdministrativeExpenses": 35348081,
        "sellingAndMarketingExpenses": 19923722,
        "sellingGeneralAndAdministrativeExpenses": 55271803,
        "otherExpenses": -8549159,
        "operatingExpenses": 46722644,
        "costAndExpenses": 108719261,
        "interestIncome": 1180005,
        "interestExpense": 0,
        "depreciationAndAmortization": 4909218,
        "ebitda": -7222777,
        "ebitdaratio": -0.0747798059,
        "operatingIncome": -12131995,
        "operatingIncomeRatio": -0.1256065681,
        "totalOtherIncomeExpensesNet": 2538822,
        "incomeBeforeTax": -9593173,
        "incomeBeforeTaxRatio": -0.0993213018,
        "incomeTaxExpense": 12670219,
        "netIncome": -19892996,
        "netIncomeRatio": -0.2059587855,
        "eps": -0.59,
        "epsdiluted": -0.59,
        "weightedAverageShsOut": 33682030,
        "weightedAverageShsOutDil": 33682030,
        "link": "https://www.sec.gov/Archives/edgar/data/1616291/000110465920050552/0001104659-20-050552-index.html",
        "finalLink": "https://www.sec.gov/Archives/edgar/data/1616291/000110465920050552/a20-5556_120f.htm"
    },
    {
        "date": "2019-12-31",
        "symbol": "JP",
        "reportedCurrency": "CNY",
        "cik": "0001616291",
        "fillingDate": "2020-02-14",
        "acceptedDate": "2020-02-14 08:38:50",
        "calendarYear": "2019",
        "period": "Q4",
        "revenue": 136939775,
        "costOfRevenue": 91438915,
        "grossProfit": 45500860,
        "grossProfitRatio": 0.3322691307,
        "researchAndDevelopmentExpenses": 0,
        "generalAndAdministrativeExpenses": 45793524,
        "sellingAndMarketingExpenses": 50454658,
        "sellingGeneralAndAdministrativeExpenses": 96248182,
        "otherExpenses": -21250000,
        "operatingExpenses": 74998182,
        "costAndExpenses": 166437097,
        "interestIncome": 1202464,
        "interestExpense": 0,
        "depreciationAndAmortization": 19189714,
        "ebitda": -10307608,
        "ebitdaratio": -0.0752711037,
        "operatingIncome": -29497322,
        "operatingIncomeRatio": -0.2154036108,
        "totalOtherIncomeExpensesNet": 16797900,
        "incomeBeforeTax": -12699422,
        "incomeBeforeTaxRatio": -0.0927372781,
        "incomeTaxExpense": 19844896,
        "netIncome": -30152504,
        "netIncomeRatio": -0.2201880644,
        "eps": -0.9,
        "epsdiluted": -0.9,
        "weightedAverageShsOut": 33615983,
        "weightedAverageShsOutDil": 33615983,
        "link": "https://www.sec.gov/Archives/edgar/data/1616291/000110465920020839/0001104659-20-020839-index.htm",
        "finalLink": "https://www.sec.gov/Archives/edgar/data/1616291/000110465920020839/a20-8132_16k.htm"
    },
    {
        "date": "2019-09-30",
        "symbol": "JP",
        "reportedCurrency": "CNY",
        "cik": "0001616291",
        "fillingDate": "2019-11-25",
        "acceptedDate": "2019-11-25 06:08:22",
        "calendarYear": "2019",
        "period": "Q3",
        "revenue": 182091680,
        "costOfRevenue": 105905745,
        "grossProfit": 76185935,
        "grossProfitRatio": 0.4183932786,
        "researchAndDevelopmentExpenses": 0,
        "generalAndAdministrativeExpenses": 68047595,
        "sellingAndMarketingExpenses": 52872376,
        "sellingGeneralAndAdministrativeExpenses": 120919971,
        "otherExpenses": -4557939,
        "operatingExpenses": 116362032,
        "costAndExpenses": 222267777,
        "interestIncome": 1582036,
        "interestExpense": 0,
        "depreciationAndAmortization": 2568488,
        "ebitda": -37607609,
        "ebitdaratio": -0.206531177,
        "operatingIncome": -40176097,
        "operatingIncomeRatio": -0.220636643,
        "totalOtherIncomeExpensesNet": -2597661,
        "incomeBeforeTax": -42773758,
        "incomeBeforeTaxRatio": -0.2349023195,
        "incomeTaxExpense": 10288783,
        "netIncome": -47896392,
        "netIncomeRatio": -0.263034489,
        "eps": -1.42,
        "epsdiluted": -1.42,
        "weightedAverageShsOut": 33622879,
        "weightedAverageShsOutDil": 33622879,
        "link": "https://www.sec.gov/Archives/edgar/data/1616291/000110465919066788/0001104659-19-066788-index.htm",
        "finalLink": "https://www.sec.gov/Archives/edgar/data/1616291/000110465919066788/a19-23717_16k.htm"
    },
    {
        "date": "2019-06-30",
        "symbol": "JP",
        "reportedCurrency": "CNY",
        "cik": "0001616291",
        "fillingDate": "2019-06-30",
        "acceptedDate": "2019-06-29 20:00:00",
        "calendarYear": "2019",
        "period": "Q2",
        "revenue": 185869375,
        "costOfRevenue": 108523737,
        "grossProfit": 77345638,
        "grossProfitRatio": 0.4161290046,
        "researchAndDevelopmentExpenses": 0,
        "generalAndAdministrativeExpenses": 88926531,
        "sellingAndMarketingExpenses": 49210902,
        "sellingGeneralAndAdministrativeExpenses": 138137433,
        "otherExpenses": -5621863,
        "operatingExpenses": 132515570,
        "costAndExpenses": 241039307,
        "interestIncome": 1882685,
        "interestExpense": 0,
        "depreciationAndAmortization": 1741917,
        "ebitda": -53428015,
        "ebitdaratio": -0.2874492638,
        "operatingIncome": -55169932,
        "operatingIncomeRatio": -0.2968209905,
        "totalOtherIncomeExpensesNet": 2588301,
        "incomeBeforeTax": -52581631,
        "incomeBeforeTaxRatio": -0.2828956142,
        "incomeTaxExpense": 7616808,
        "netIncome": -61044823,
        "netIncomeRatio": -0.3284286236,
        "eps": -1.82,
        "epsdiluted": -1.82,
        "weightedAverageShsOut": 33622879,
        "weightedAverageShsOutDil": 33622879,
        "link": "",
        "finalLink": ""
    },
    {
        "date": "2019-03-31",
        "symbol": "JP",
        "reportedCurrency": "CNY",
        "cik": "0001616291",
        "fillingDate": "2019-04-25",
        "acceptedDate": "2019-04-25 06:03:11",
        "calendarYear": "2019",
        "period": "Q1",
        "revenue": 281046382,
        "costOfRevenue": 175877670,
        "grossProfit": 105168712,
        "grossProfitRatio": 0.3742041127,
        "researchAndDevelopmentExpenses": 0,
        "generalAndAdministrativeExpenses": 62759846,
        "sellingAndMarketingExpenses": 54239469,
        "sellingGeneralAndAdministrativeExpenses": 116999315,
        "otherExpenses": 0,
        "operatingExpenses": 116999315,
        "costAndExpenses": 292876985,
        "interestIncome": 1469415,
        "interestExpense": 0,
        "depreciationAndAmortization": 1432399,
        "ebitda": -10398204,
        "ebitdaratio": -0.0369981778,
        "operatingIncome": -11830603,
        "operatingIncomeRatio": -0.0420948418,
        "totalOtherIncomeExpensesNet": 5384202,
        "incomeBeforeTax": -6446401,
        "incomeBeforeTaxRatio": -0.0229371428,
        "incomeTaxExpense": 15194152,
        "netIncome": -25592356,
        "netIncomeRatio": -0.0910609694,
        "eps": -0.76,
        "epsdiluted": -0.76,
        "weightedAverageShsOut": 33594914,
        "weightedAverageShsOutDil": 33594914,
        "link": "https://www.sec.gov/Archives/edgar/data/1616291/000110465919023535/0001104659-19-023535-index.htm",
        "finalLink": "https://www.sec.gov/Archives/edgar/data/1616291/000110465919023535/a19-8815_16k.htm"
    },
    {
        "date": "2018-12-31",
        "symbol": "JP",
        "reportedCurrency": "CNY",
        "cik": "0001616291",
        "fillingDate": "2019-01-07",
        "acceptedDate": "2019-01-07 06:07:22",
        "calendarYear": "2018",
        "period": "Q4",
        "revenue": 134376968,
        "costOfRevenue": 224363010,
        "grossProfit": -89986042,
        "grossProfitRatio": -0.6696537609,
        "researchAndDevelopmentExpenses": 0,
        "generalAndAdministrativeExpenses": 94758673,
        "sellingAndMarketingExpenses": 80207250,
        "sellingGeneralAndAdministrativeExpenses": 174965923,
        "otherExpenses": -32860531,
        "operatingExpenses": 142105392,
        "costAndExpenses": 366468402,
        "interestIncome": 861514,
        "interestExpense": 0,
        "depreciationAndAmortization": -59690974,
        "ebitda": -559699983,
        "ebitdaratio": -4.1651481748,
        "operatingIncome": -500009009,
        "operatingIncomeRatio": -3.7209427809,
        "totalOtherIncomeExpensesNet": -547261,
        "incomeBeforeTax": -500556270,
        "incomeBeforeTaxRatio": -3.7250153613,
        "incomeTaxExpense": 33462315,
        "netIncome": -593162298,
        "netIncomeRatio": -4.4141664069,
        "eps": -17.75,
        "epsdiluted": -17.75,
        "weightedAverageShsOut": 33413485,
        "weightedAverageShsOutDil": 33413485,
        "link": "https://www.sec.gov/Archives/edgar/data/1616291/000110465919000961/0001104659-19-000961-index.htm",
        "finalLink": "https://www.sec.gov/Archives/edgar/data/1616291/000110465919000961/a19-1339_16k.htm"
    },
    {
        "date": "2018-09-30",
        "symbol": "JP",
        "reportedCurrency": "CNY",
        "cik": "0001616291",
        "fillingDate": "2018-12-10",
        "acceptedDate": "2018-12-10 06:04:48",
        "calendarYear": "2018",
        "period": "Q3",
        "revenue": 310584385,
        "costOfRevenue": 155832886,
        "grossProfit": 154751499,
        "grossProfitRatio": 0.4982591092,
        "researchAndDevelopmentExpenses": 0,
        "generalAndAdministrativeExpenses": 62460602,
        "sellingAndMarketingExpenses": 65838130,
        "sellingGeneralAndAdministrativeExpenses": 128298732,
        "otherExpenses": -841893,
        "operatingExpenses": 127456839,
        "costAndExpenses": 283289725,
        "interestIncome": 1053088,
        "interestExpense": 0,
        "depreciationAndAmortization": -17576569,
        "ebitda": 9718091,
        "ebitdaratio": 0.031289696,
        "operatingIncome": 27294660,
        "operatingIncomeRatio": 0.0878816235,
        "totalOtherIncomeExpensesNet": 3808952,
        "incomeBeforeTax": 31103612,
        "incomeBeforeTaxRatio": 0.1001454468,
        "incomeTaxExpense": 8019385,
        "netIncome": 1698706,
        "netIncomeRatio": 0.0054693864,
        "eps": 0.0506,
        "epsdiluted": 0.0487,
        "weightedAverageShsOut": 33547937,
        "weightedAverageShsOutDil": 34871348,
        "link": "https://www.sec.gov/Archives/edgar/data/1616291/000110465918071944/0001104659-18-071944-index.htm",
        "finalLink": "https://www.sec.gov/Archives/edgar/data/1616291/000110465918071944/a18-41322_16k.htm"
    },
    {
        "date": "2018-06-30",
        "symbol": "JP",
        "reportedCurrency": "CNY",
        "cik": "0001616291",
        "fillingDate": "2018-09-07",
        "acceptedDate": "2018-09-07 06:04:37",
        "calendarYear": "2018",
        "period": "Q2",
        "revenue": 443565525,
        "costOfRevenue": 173905280,
        "grossProfit": 269660245,
        "grossProfitRatio": 0.60793779,
        "researchAndDevelopmentExpenses": 0,
        "generalAndAdministrativeExpenses": 52533204,
        "sellingAndMarketingExpenses": 71771603,
        "sellingGeneralAndAdministrativeExpenses": 124304807,
        "otherExpenses": -14899473,
        "operatingExpenses": 109405334,
        "costAndExpenses": 283310614,
        "interestIncome": 929446,
        "interestExpense": 0,
        "depreciationAndAmortization": -23155503,
        "ebitda": 137099408,
        "ebitdaratio": 0.3090849046,
        "operatingIncome": 160254911,
        "operatingIncomeRatio": 0.3612880217,
        "totalOtherIncomeExpensesNet": 1841666,
        "incomeBeforeTax": 162096577,
        "incomeBeforeTaxRatio": 0.3654399809,
        "incomeTaxExpense": 49257419,
        "netIncome": 87841989,
        "netIncomeRatio": 0.1980361053,
        "eps": 2.63,
        "epsdiluted": 2.49,
        "weightedAverageShsOut": 33402453,
        "weightedAverageShsOutDil": 35233971,
        "link": "https://www.sec.gov/Archives/edgar/data/1616291/000110465918055690/0001104659-18-055690-index.htm",
        "finalLink": "https://www.sec.gov/Archives/edgar/data/1616291/000110465918055690/a18-27056_16k.htm"
    },
    {
        "date": "2018-03-31",
        "symbol": "JP",
        "reportedCurrency": "CNY",
        "cik": "0001616291",
        "fillingDate": "2018-04-12",
        "acceptedDate": "2018-04-12 06:03:48",
        "calendarYear": "2018",
        "period": "Q1",
        "revenue": 433216785,
        "costOfRevenue": 130457483,
        "grossProfit": 302759302,
        "grossProfitRatio": 0.698863277,
        "researchAndDevelopmentExpenses": 0,
        "generalAndAdministrativeExpenses": 65030185,
        "sellingAndMarketingExpenses": 85353592,
        "sellingGeneralAndAdministrativeExpenses": 150383777,
        "otherExpenses": -141000,
        "operatingExpenses": 150242777,
        "costAndExpenses": 280700260,
        "interestIncome": 1146048,
        "interestExpense": 0,
        "depreciationAndAmortization": 2477308,
        "ebitda": 154993833,
        "ebitdaratio": 0.3577743023,
        "operatingIncome": 152516525,
        "operatingIncomeRatio": 0.3520558997,
        "totalOtherIncomeExpensesNet": 3383779,
        "incomeBeforeTax": 155900304,
        "incomeBeforeTaxRatio": 0.3598667212,
        "incomeTaxExpense": 39116248,
        "netIncome": 115877585,
        "netIncomeRatio": 0.2674817528,
        "eps": 3.5,
        "epsdiluted": 3.3,
        "weightedAverageShsOut": 33122636,
        "weightedAverageShsOutDil": 35102133,
        "link": "https://www.sec.gov/Archives/edgar/data/1616291/000110465918023548/0001104659-18-023548-index.html",
        "finalLink": "https://www.sec.gov/Archives/edgar/data/1616291/000110465918023548/a18-5393_120f.htm"
    },
    {
        "date": "2017-12-31",
        "symbol": "JP",
        "reportedCurrency": "CNY",
        "cik": "0001616291",
        "fillingDate": "2018-03-13",
        "acceptedDate": "2018-03-13 06:01:49",
        "calendarYear": "2017",
        "period": "Q4",
        "revenue": 460016567,
        "costOfRevenue": 267106022,
        "grossProfit": 192910545,
        "grossProfitRatio": 0.4193556468,
        "researchAndDevelopmentExpenses": 0,
        "generalAndAdministrativeExpenses": 60436708,
        "sellingAndMarketingExpenses": 82388186,
        "sellingGeneralAndAdministrativeExpenses": 142824894,
        "otherExpenses": -13721000,
        "operatingExpenses": 129103894,
        "costAndExpenses": 396209916,
        "interestIncome": 1196907,
        "interestExpense": 0,
        "depreciationAndAmortization": 28093582,
        "ebitda": 91900233,
        "ebitdaratio": 0.1997759202,
        "operatingIncome": 63806651,
        "operatingIncomeRatio": 0.1387051154,
        "totalOtherIncomeExpensesNet": 2284119,
        "incomeBeforeTax": 66090770,
        "incomeBeforeTaxRatio": 0.1436704126,
        "incomeTaxExpense": 1222246,
        "netIncome": 90677987,
        "netIncomeRatio": 0.1971189594,
        "eps": 2.75,
        "epsdiluted": 2.59,
        "weightedAverageShsOut": 33001547,
        "weightedAverageShsOutDil": 34973169,
        "link": "https://www.sec.gov/Archives/edgar/data/1616291/000110465918016925/0001104659-18-016925-index.htm",
        "finalLink": "https://www.sec.gov/Archives/edgar/data/1616291/000110465918016925/a18-8061_16k.htm"
    },
    {
        "date": "2017-09-30",
        "symbol": "JP",
        "reportedCurrency": "CNY",
        "cik": "0001616291",
        "fillingDate": "2017-11-14",
        "acceptedDate": "2017-11-14 06:08:37",
        "calendarYear": "2017",
        "period": "Q3",
        "revenue": 440784511,
        "costOfRevenue": 173668668,
        "grossProfit": 267115843,
        "grossProfitRatio": 0.606000974,
        "researchAndDevelopmentExpenses": 0,
        "generalAndAdministrativeExpenses": 45871467,
        "sellingAndMarketingExpenses": 74900713,
        "sellingGeneralAndAdministrativeExpenses": 120772180,
        "otherExpenses": -22076600,
        "operatingExpenses": 98695580,
        "costAndExpenses": 272364248,
        "interestIncome": 1680560,
        "interestExpense": 0,
        "depreciationAndAmortization": -5323193,
        "ebitda": 163097070,
        "ebitdaratio": 0.3700154291,
        "operatingIncome": 168420263,
        "operatingIncomeRatio": 0.3820920627,
        "totalOtherIncomeExpensesNet": 5375012,
        "incomeBeforeTax": 173795275,
        "incomeBeforeTaxRatio": 0.394286257,
        "incomeTaxExpense": 47438160,
        "netIncome": 115658910,
        "netIncomeRatio": 0.2623933172,
        "eps": 3.54,
        "epsdiluted": 3.39,
        "weightedAverageShsOut": 32631080,
        "weightedAverageShsOutDil": 34083757,
        "link": "https://www.sec.gov/Archives/edgar/data/1616291/000110465917068146/0001104659-17-068146-index.htm",
        "finalLink": "https://www.sec.gov/Archives/edgar/data/1616291/000110465917068146/a17-26488_16k.htm"
    },
    {
        "date": "2017-06-30",
        "symbol": "JP",
        "reportedCurrency": "CNY",
        "cik": "0001616291",
        "fillingDate": "2017-08-16",
        "acceptedDate": "2017-08-16 07:41:31",
        "calendarYear": "2017",
        "period": "Q2",
        "revenue": 436620164,
        "costOfRevenue": 161980682,
        "grossProfit": 274639482,
        "grossProfitRatio": 0.6290123651,
        "researchAndDevelopmentExpenses": 0,
        "generalAndAdministrativeExpenses": 45122521,
        "sellingAndMarketingExpenses": 65363762,
        "sellingGeneralAndAdministrativeExpenses": 110486283,
        "otherExpenses": -1932631,
        "operatingExpenses": 108553652,
        "costAndExpenses": 270534334,
        "interestIncome": 1005019,
        "interestExpense": 0,
        "depreciationAndAmortization": -8920366,
        "ebitda": 157165464,
        "ebitdaratio": 0.3599592437,
        "operatingIncome": 166085830,
        "operatingIncomeRatio": 0.3803897385,
        "totalOtherIncomeExpensesNet": 2129908,
        "incomeBeforeTax": 168215738,
        "incomeBeforeTaxRatio": 0.3852679099,
        "incomeTaxExpense": 44703075,
        "netIncome": 112462389,
        "netIncomeRatio": 0.2575748861,
        "eps": 3.47,
        "epsdiluted": 3.33,
        "weightedAverageShsOut": 32366756,
        "weightedAverageShsOutDil": 33754351,
        "link": "https://www.sec.gov/Archives/edgar/data/1616291/000110465917052162/0001104659-17-052162-index.htm",
        "finalLink": "https://www.sec.gov/Archives/edgar/data/1616291/000110465917052162/a17-20089_16k.htm"
    },
    {
        "date": "2017-03-31",
        "symbol": "JP",
        "reportedCurrency": "CNY",
        "cik": "0001616291",
        "fillingDate": "2017-04-07",
        "acceptedDate": "2017-04-07 07:28:23",
        "calendarYear": "2017",
        "period": "Q1",
        "revenue": 368740380,
        "costOfRevenue": 134752532,
        "grossProfit": 233987848,
        "grossProfitRatio": 0.6345598711,
        "researchAndDevelopmentExpenses": 0,
        "generalAndAdministrativeExpenses": 52621880,
        "sellingAndMarketingExpenses": 59519090,
        "sellingGeneralAndAdministrativeExpenses": 112140970,
        "otherExpenses": -3408212,
        "operatingExpenses": 108732758,
        "costAndExpenses": 243485290,
        "interestIncome": 7503409,
        "interestExpense": 0,
        "depreciationAndAmortization": -4927169,
        "ebitda": 120327921,
        "ebitdaratio": 0.3263215192,
        "operatingIncome": 125255090,
        "operatingIncomeRatio": 0.3396836821,
        "totalOtherIncomeExpensesNet": 9568431,
        "incomeBeforeTax": 134823521,
        "incomeBeforeTaxRatio": 0.3656326465,
        "incomeTaxExpense": 29635028,
        "netIncome": 90692893,
        "netIncomeRatio": 0.2459532449,
        "eps": 2.81,
        "epsdiluted": 2.69,
        "weightedAverageShsOut": 32303977,
        "weightedAverageShsOutDil": 33732924,
        "link": "https://www.sec.gov/Archives/edgar/data/1616291/000110465917022091/0001104659-17-022091-index.html",
        "finalLink": "https://www.sec.gov/Archives/edgar/data/1616291/000110465917022091/a16-23155_120f.htm"
    },
    {
        "date": "2016-12-31",
        "symbol": "JP",
        "reportedCurrency": "CNY",
        "cik": "0001616291",
        "fillingDate": "2017-03-01",
        "acceptedDate": "2017-03-01 06:00:59",
        "calendarYear": "2016",
        "period": "Q4",
        "revenue": 338503205,
        "costOfRevenue": 145890981,
        "grossProfit": 192612224,
        "grossProfitRatio": 0.5690115224,
        "researchAndDevelopmentExpenses": 0,
        "generalAndAdministrativeExpenses": 49156055,
        "sellingAndMarketingExpenses": 64725845,
        "sellingGeneralAndAdministrativeExpenses": 113881900,
        "otherExpenses": -15358806,
        "operatingExpenses": 98523094,
        "costAndExpenses": 244414075,
        "interestIncome": 323632,
        "interestExpense": 0,
        "depreciationAndAmortization": -5860115,
        "ebitda": 88229015,
        "ebitdaratio": 0.2606445484,
        "operatingIncome": 94089130,
        "operatingIncomeRatio": 0.2779563934,
        "totalOtherIncomeExpensesNet": 1477146,
        "incomeBeforeTax": 95566276,
        "incomeBeforeTaxRatio": 0.2823201511,
        "incomeTaxExpense": 25950122,
        "netIncome": 62278893,
        "netIncomeRatio": 0.1839831709,
        "eps": 1.93,
        "epsdiluted": 1.85,
        "weightedAverageShsOut": 32266156,
        "weightedAverageShsOutDil": 33573542,
        "link": "https://www.sec.gov/Archives/edgar/data/1616291/000110465917012748/0001104659-17-012748-index.htm",
        "finalLink": "https://www.sec.gov/Archives/edgar/data/1616291/000110465917012748/a17-7312_16k.htm"
    },
    {
        "date": "2016-09-30",
        "symbol": "JP",
        "reportedCurrency": "CNY",
        "cik": "0001616291",
        "fillingDate": "2016-11-16",
        "acceptedDate": "2016-11-16 08:41:59",
        "calendarYear": "2016",
        "period": "Q3",
        "revenue": 320467057,
        "costOfRevenue": 120279680,
        "grossProfit": 200187377,
        "grossProfitRatio": 0.6246738085,
        "researchAndDevelopmentExpenses": 0,
        "generalAndAdministrativeExpenses": 35675530,
        "sellingAndMarketingExpenses": 68239307,
        "sellingGeneralAndAdministrativeExpenses": 103914837,
        "otherExpenses": -18769539,
        "operatingExpenses": 85145298,
        "costAndExpenses": 205424978,
        "interestIncome": 619035,
        "interestExpense": 0,
        "depreciationAndAmortization": -3799431,
        "ebitda": 111242648,
        "ebitdaratio": 0.3471266252,
        "operatingIncome": 115042079,
        "operatingIncomeRatio": 0.3589825428,
        "totalOtherIncomeExpensesNet": 5319527,
        "incomeBeforeTax": 120361606,
        "incomeBeforeTaxRatio": 0.3755818371,
        "incomeTaxExpense": 32399968,
        "netIncome": 78842680,
        "netIncomeRatio": 0.2460242895,
        "eps": 2.45,
        "epsdiluted": 2.36,
        "weightedAverageShsOut": 32206187,
        "weightedAverageShsOutDil": 33417263,
        "link": "https://www.sec.gov/Archives/edgar/data/1616291/000110465916157462/0001104659-16-157462-index.htm",
        "finalLink": "https://www.sec.gov/Archives/edgar/data/1616291/000110465916157462/a16-21770_16k.htm"
    },
    {
        "date": "2016-06-30",
        "symbol": "JP",
        "reportedCurrency": "CNY",
        "cik": "0001616291",
        "fillingDate": "2016-08-11",
        "acceptedDate": "2016-08-11 06:01:37",
        "calendarYear": "2016",
        "period": "Q2",
        "revenue": 244572894,
        "costOfRevenue": 99034573,
        "grossProfit": 145538320,
        "grossProfitRatio": 0.595071341,
        "researchAndDevelopmentExpenses": 0,
        "generalAndAdministrativeExpenses": 39272106,
        "sellingAndMarketingExpenses": 51819091,
        "sellingGeneralAndAdministrativeExpenses": 91091198,
        "otherExpenses": -65416.50450000167,
        "operatingExpenses": 91025781,
        "costAndExpenses": 190060355,
        "interestIncome": 2076421,
        "interestExpense": 0,
        "depreciationAndAmortization": 1106338,
        "ebitda": 55618877,
        "ebitdaratio": 0.22741227,
        "operatingIncome": 54512539,
        "operatingIncomeRatio": 0.2228887188,
        "totalOtherIncomeExpensesNet": 5356413,
        "incomeBeforeTax": 59868952,
        "incomeBeforeTaxRatio": 0.244789809,
        "incomeTaxExpense": 15541275,
        "netIncome": 40077602,
        "netIncomeRatio": 0.1638677179,
        "eps": 1.25,
        "epsdiluted": 1.2,
        "weightedAverageShsOut": 32055180,
        "weightedAverageShsOutDil": 33480400,
        "link": "https://www.sec.gov/Archives/edgar/data/1616291/000110465916138763/0001104659-16-138763-index.htm",
        "finalLink": "https://www.sec.gov/Archives/edgar/data/1616291/000110465916138763/a16-16525_16k.htm"
    },
    {
        "date": "2016-03-31",
        "symbol": "JP",
        "reportedCurrency": "CNY",
        "cik": "0001616291",
        "fillingDate": "2016-04-22",
        "acceptedDate": "2016-04-22 08:05:42",
        "calendarYear": "2016",
        "period": "Q1",
        "revenue": 223637043,
        "costOfRevenue": 111307651,
        "grossProfit": 112329391,
        "grossProfitRatio": 0.5022843689,
        "researchAndDevelopmentExpenses": 0,
        "generalAndAdministrativeExpenses": 31830466,
        "sellingAndMarketingExpenses": 52327666,
        "sellingGeneralAndAdministrativeExpenses": 84158132,
        "otherExpenses": -3146222.427159995,
        "operatingExpenses": 81011910,
        "costAndExpenses": 192319561,
        "interestIncome": 706977,
        "interestExpense": 0,
        "depreciationAndAmortization": 3899035,
        "ebitda": 35216516,
        "ebitdaratio": 0.1574717476,
        "operatingIncome": 31317481,
        "operatingIncomeRatio": 0.1400370913,
        "totalOtherIncomeExpensesNet": 4159472,
        "incomeBeforeTax": 35476953,
        "incomeBeforeTaxRatio": 0.1586362998,
        "incomeTaxExpense": 8767683,
        "netIncome": 26448833,
        "netIncomeRatio": 0.1182667802,
        "eps": 0.83,
        "epsdiluted": 0.8,
        "weightedAverageShsOut": 31941938,
        "weightedAverageShsOutDil": 33238901,
        "link": "https://www.sec.gov/Archives/edgar/data/1616291/000110465916113377/0001104659-16-113377-index.html",
        "finalLink": "https://www.sec.gov/Archives/edgar/data/1616291/000110465916113377/a16-1328_120f.htm"
    },
    {
        "date": "2015-12-31",
        "symbol": "JP",
        "reportedCurrency": "CNY",
        "cik": "0001616291",
        "fillingDate": "2016-03-21",
        "acceptedDate": "2016-03-21 06:02:24",
        "calendarYear": "2015",
        "period": "Q4",
        "revenue": 221490810,
        "costOfRevenue": 99996044,
        "grossProfit": 121494766,
        "grossProfitRatio": 0.5485318601,
        "researchAndDevelopmentExpenses": 0,
        "generalAndAdministrativeExpenses": 34975776,
        "sellingAndMarketingExpenses": 40461997,
        "sellingGeneralAndAdministrativeExpenses": 75437773,
        "otherExpenses": -8876854.025940001,
        "operatingExpenses": 66560919,
        "costAndExpenses": 166556963,
        "interestIncome": 481955,
        "interestExpense": 0,
        "depreciationAndAmortization": 12100000,
        "ebitda": 75667579,
        "ebitdaratio": 0.3416285263,
        "operatingIncome": 54933847,
        "operatingIncomeRatio": 0.2480186289,
        "totalOtherIncomeExpensesNet": 7753428,
        "incomeBeforeTax": 62687275,
        "incomeBeforeTaxRatio": 0.2830242708,
        "incomeTaxExpense": 22799829,
        "netIncome": 40767749,
        "netIncomeRatio": 0.1840606795,
        "eps": 1.36,
        "epsdiluted": 1.31,
        "weightedAverageShsOut": 29931126,
        "weightedAverageShsOutDil": 31132623,
        "link": "https://www.sec.gov/Archives/edgar/data/1616291/000110465916106450/0001104659-16-106450-index.htm",
        "finalLink": "https://www.sec.gov/Archives/edgar/data/1616291/000110465916106450/a16-6818_16k.htm"
    },
    {
        "date": "2015-09-30",
        "symbol": "JP",
        "reportedCurrency": "CNY",
        "cik": "0001616291",
        "fillingDate": "2015-11-20",
        "acceptedDate": "2015-11-20 07:41:05",
        "calendarYear": "2015",
        "period": "Q3",
        "revenue": 195386785,
        "costOfRevenue": 87000639,
        "grossProfit": 108386146,
        "grossProfitRatio": 0.5547260834,
        "researchAndDevelopmentExpenses": 0,
        "generalAndAdministrativeExpenses": 28981297,
        "sellingAndMarketingExpenses": 23383667,
        "sellingGeneralAndAdministrativeExpenses": 52364964,
        "otherExpenses": -12076523.475839995,
        "operatingExpenses": 40288441,
        "costAndExpenses": 127289080,
        "interestIncome": 115402,
        "interestExpense": 0,
        "depreciationAndAmortization": -641083.0351199955,
        "ebitda": 67456622,
        "ebitdaratio": 0.3452465938,
        "operatingIncome": 68097705,
        "operatingIncomeRatio": 0.3485276909,
        "totalOtherIncomeExpensesNet": 4953206,
        "incomeBeforeTax": 73050911,
        "incomeBeforeTaxRatio": 0.3738784637,
        "incomeTaxExpense": 19806090,
        "netIncome": 47650531,
        "netIncomeRatio": 0.2438779624,
        "eps": 1.87,
        "epsdiluted": 1.79,
        "weightedAverageShsOut": 25449359,
        "weightedAverageShsOutDil": 26656469,
        "link": "https://www.sec.gov/Archives/edgar/data/1616291/000110465915080353/0001104659-15-080353-index.htm",
        "finalLink": "https://www.sec.gov/Archives/edgar/data/1616291/000110465915080353/a15-23763_16k.htm"
    },
    {
        "date": "2015-06-30",
        "symbol": "JP",
        "reportedCurrency": "CNY",
        "cik": "0001616291",
        "fillingDate": "2015-08-28",
        "acceptedDate": "2015-08-28 06:01:40",
        "calendarYear": "2015",
        "period": "Q2",
        "revenue": 104324535,
        "costOfRevenue": 32515270,
        "grossProfit": 71809264,
        "grossProfitRatio": 0.6883257519,
        "researchAndDevelopmentExpenses": 0,
        "generalAndAdministrativeExpenses": 18275836,
        "sellingAndMarketingExpenses": 11877136,
        "sellingGeneralAndAdministrativeExpenses": 30152973,
        "otherExpenses": -3047340.337869998,
        "operatingExpenses": 27105632,
        "costAndExpenses": 59620903,
        "interestIncome": 2173639,
        "interestExpense": 0,
        "depreciationAndAmortization": 6412737,
        "ebitda": 51116369,
        "ebitdaratio": 0.4899745683,
        "operatingIncome": 44703631,
        "operatingIncomeRatio": 0.4285054422,
        "totalOtherIncomeExpensesNet": 7439429,
        "incomeBeforeTax": 52143061,
        "incomeBeforeTaxRatio": 0.4998158966,
        "incomeTaxExpense": 13639061,
        "netIncome": 37477308,
        "netIncomeRatio": 0.3592377191,
        "eps": 1.28,
        "epsdiluted": 1.28,
        "weightedAverageShsOut": 29336126,
        "weightedAverageShsOutDil": 29336126,
        "link": "https://www.sec.gov/Archives/edgar/data/1616291/000110465915062205/0001104659-15-062205-index.htm",
        "finalLink": "https://www.sec.gov/Archives/edgar/data/1616291/000110465915062205/a15-18638_16k.htm"
    },
    {
        "date": "2015-03-31",
        "symbol": "JP",
        "reportedCurrency": "CNY",
        "cik": "0001616291",
        "fillingDate": "2015-03-31",
        "acceptedDate": "2015-03-30 20:00:00",
        "calendarYear": "2015",
        "period": "Q1",
        "revenue": 86565513,
        "costOfRevenue": 22018653,
        "grossProfit": 64546859,
        "grossProfitRatio": 0.7456417315,
        "researchAndDevelopmentExpenses": 0,
        "generalAndAdministrativeExpenses": 11505486,
        "sellingAndMarketingExpenses": 13303810,
        "sellingGeneralAndAdministrativeExpenses": 24809297,
        "otherExpenses": -298435.4251199998,
        "operatingExpenses": 24510861,
        "costAndExpenses": 46529515,
        "interestIncome": 51375,
        "interestExpense": 0,
        "depreciationAndAmortization": 911069,
        "ebitda": 43653257,
        "ebitdaratio": 0.5042800012,
        "operatingIncome": 40035997,
        "operatingIncomeRatio": 0.4624936145,
        "totalOtherIncomeExpensesNet": 6575183,
        "incomeBeforeTax": 46611181,
        "incomeBeforeTaxRatio": 0.538449775,
        "incomeTaxExpense": 12333791,
        "netIncome": 30408396,
        "netIncomeRatio": 0.3512761023,
        "eps": 1.56,
        "epsdiluted": 1.51,
        "weightedAverageShsOut": 19522534,
        "weightedAverageShsOutDil": 20144265,
        "link": "",
        "finalLink": ""
    },
    {
        "date": "2014-12-31",
        "symbol": "JP",
        "reportedCurrency": "CNY",
        "cik": "0001616291",
        "fillingDate": "2014-12-31",
        "acceptedDate": "2014-12-30 19:00:00",
        "calendarYear": "2014",
        "period": "Q4",
        "revenue": 73416523,
        "costOfRevenue": 18359678,
        "grossProfit": 55056844,
        "grossProfitRatio": 0.7499244278,
        "researchAndDevelopmentExpenses": 0,
        "generalAndAdministrativeExpenses": 17338412,
        "sellingAndMarketingExpenses": 12353504,
        "sellingGeneralAndAdministrativeExpenses": 29691917,
        "otherExpenses": -4739730.691129997,
        "operatingExpenses": 24952186,
        "costAndExpenses": 43311865,
        "interestIncome": 230612,
        "interestExpense": 787.69665,
        "depreciationAndAmortization": 1600000,
        "ebitda": 34514292,
        "ebitdaratio": 0.4701161345,
        "operatingIncome": 30104657,
        "operatingIncomeRatio": 0.4100528841,
        "totalOtherIncomeExpensesNet": 4389125,
        "incomeBeforeTax": 34493783,
        "incomeBeforeTaxRatio": 0.4698367832,
        "incomeTaxExpense": 11193268,
        "netIncome": 21720236,
        "netIncomeRatio": 0.2958494234,
        "eps": 1.14,
        "epsdiluted": 1.14,
        "weightedAverageShsOut": 19074227,
        "weightedAverageShsOutDil": 19074227,
        "link": "",
        "finalLink": ""
    },
    {
        "date": "2014-09-30",
        "symbol": "JP",
        "reportedCurrency": "CNY",
        "cik": "0001616291",
        "fillingDate": "2014-09-30",
        "acceptedDate": "2014-09-29 20:00:00",
        "calendarYear": "2014",
        "period": "Q3",
        "revenue": 62496576,
        "costOfRevenue": 20940550,
        "grossProfit": 41556026,
        "grossProfitRatio": 0.6649328437,
        "researchAndDevelopmentExpenses": 0,
        "generalAndAdministrativeExpenses": 9197570,
        "sellingAndMarketingExpenses": 9607516,
        "sellingGeneralAndAdministrativeExpenses": 18805087,
        "otherExpenses": -1233870.5205999985,
        "operatingExpenses": 17571216,
        "costAndExpenses": 38511767,
        "interestIncome": 832025,
        "interestExpense": 252.16804,
        "depreciationAndAmortization": 7065182,
        "ebitda": 31049992,
        "ebitdaratio": 0.4968270902,
        "operatingIncome": 23984809,
        "operatingIncomeRatio": 0.3837779689,
        "totalOtherIncomeExpensesNet": 6321508,
        "incomeBeforeTax": 30306317,
        "incomeBeforeTaxRatio": 0.4849276383,
        "incomeTaxExpense": 8251461,
        "netIncome": 22798278,
        "netIncomeRatio": 0.3647924328,
        "eps": 1.17,
        "epsdiluted": 1.13,
        "weightedAverageShsOut": 19522534,
        "weightedAverageShsOutDil": 20144265,
        "link": "",
        "finalLink": ""
    },
    {
        "date": "2014-06-30",
        "symbol": "JP",
        "reportedCurrency": "CNY",
        "cik": "0001616291",
        "fillingDate": "2014-06-30",
        "acceptedDate": "2014-06-29 20:00:00",
        "calendarYear": "2014",
        "period": "Q2",
        "revenue": 56212530,
        "costOfRevenue": 15049960,
        "grossProfit": 41162570,
        "grossProfitRatio": 0.7322668096,
        "researchAndDevelopmentExpenses": 0,
        "generalAndAdministrativeExpenses": 9699365,
        "sellingAndMarketingExpenses": 7201275,
        "sellingGeneralAndAdministrativeExpenses": 16900641,
        "otherExpenses": -7611216.402519997,
        "operatingExpenses": 9289424,
        "costAndExpenses": 24339384,
        "interestIncome": 76510,
        "interestExpense": 81685,
        "depreciationAndAmortization": 1613517,
        "ebitda": 33486663,
        "ebitdaratio": 0.5957152791,
        "operatingIncome": 31873145,
        "operatingIncomeRatio": 0.5670113941,
        "totalOtherIncomeExpensesNet": 1630880,
        "incomeBeforeTax": 33504025,
        "incomeBeforeTaxRatio": 0.5960241427,
        "incomeTaxExpense": 8507981,
        "netIncome": 24896996,
        "netIncomeRatio": 0.4429082982,
        "eps": 1.28,
        "epsdiluted": 1.24,
        "weightedAverageShsOut": 19522534,
        "weightedAverageShsOutDil": 20144265,
        "link": "",
        "finalLink": ""
    },
    {
        "date": "2014-03-31",
        "symbol": "JP",
        "reportedCurrency": "CNY",
        "cik": "0001616291",
        "fillingDate": "2014-03-31",
        "acceptedDate": "2014-03-30 20:00:00",
        "calendarYear": "2014",
        "period": "Q1",
        "revenue": 50330070,
        "costOfRevenue": 12033946,
        "grossProfit": 38296124,
        "grossProfitRatio": 0.7608994782,
        "researchAndDevelopmentExpenses": 0,
        "generalAndAdministrativeExpenses": 7419181,
        "sellingAndMarketingExpenses": 6760283,
        "sellingGeneralAndAdministrativeExpenses": 14179465,
        "otherExpenses": -1175092.3837799989,
        "operatingExpenses": 13004373,
        "costAndExpenses": 25038319,
        "interestIncome": 23672,
        "interestExpense": 11100,
        "depreciationAndAmortization": 450005,
        "ebitda": 27708099,
        "ebitdaratio": 0.5505277263,
        "operatingIncome": 25291751,
        "operatingIncomeRatio": 0.5025176997,
        "totalOtherIncomeExpensesNet": 2137532,
        "incomeBeforeTax": 27429283,
        "incomeBeforeTaxRatio": 0.5449879764,
        "incomeTaxExpense": 7050461,
        "netIncome": 20196531,
        "netIncomeRatio": 0.4012815996,
        "eps": 1.03,
        "epsdiluted": 1,
        "weightedAverageShsOut": 19522534,
        "weightedAverageShsOutDil": 20144265,
        "link": "",
        "finalLink": ""
    }
]