[
    {
        "date": "2025-02-01",
        "symbol": "JWN",
        "reportedCurrency": "USD",
        "cik": "0000072333",
        "fillingDate": "2025-03-21",
        "acceptedDate": "2025-03-21 16:35:46",
        "calendarYear": "2024",
        "period": "Q4",
        "revenue": 4324000000,
        "costOfRevenue": 2636000000,
        "grossProfit": 1688000000,
        "grossProfitRatio": 0.3903792784,
        "researchAndDevelopmentExpenses": 0,
        "generalAndAdministrativeExpenses": 0,
        "sellingAndMarketingExpenses": 0,
        "sellingGeneralAndAdministrativeExpenses": 1445000000,
        "otherExpenses": 0,
        "operatingExpenses": 1445000000,
        "costAndExpenses": 4081000000,
        "interestIncome": 11000000,
        "interestExpense": 34000000,
        "depreciationAndAmortization": 182000000,
        "ebitda": 436000000,
        "ebitdaratio": 0.1008325624,
        "operatingIncome": 243000000,
        "operatingIncomeRatio": 0.0561979648,
        "totalOtherIncomeExpensesNet": -23000000,
        "incomeBeforeTax": 220000000,
        "incomeBeforeTaxRatio": 0.0508788159,
        "incomeTaxExpense": 54000000,
        "netIncome": 166000000,
        "netIncomeRatio": 0.0383903793,
        "eps": 1,
        "epsdiluted": 0.96,
        "weightedAverageShsOut": 165100000,
        "weightedAverageShsOutDil": 171000000,
        "link": "https://www.sec.gov/Archives/edgar/data/72333/000007233325000039/0000072333-25-000039-index.htm",
        "finalLink": "https://www.sec.gov/Archives/edgar/data/72333/000007233325000039/jwn-20250201.htm"
    },
    {
        "date": "2024-11-02",
        "symbol": "JWN",
        "reportedCurrency": "USD",
        "cik": "0000072333",
        "fillingDate": "2024-12-05",
        "acceptedDate": "2024-12-05 16:57:56",
        "calendarYear": "2024",
        "period": "Q3",
        "revenue": 3464000000,
        "costOfRevenue": 2156000000,
        "grossProfit": 1308000000,
        "grossProfitRatio": 0.3775981524,
        "researchAndDevelopmentExpenses": 0,
        "generalAndAdministrativeExpenses": 0,
        "sellingAndMarketingExpenses": 0,
        "sellingGeneralAndAdministrativeExpenses": 1225000000,
        "otherExpenses": 0,
        "operatingExpenses": 1225000000,
        "costAndExpenses": 3381000000,
        "interestIncome": 7000000,
        "interestExpense": 33000000,
        "depreciationAndAmortization": 211000000,
        "ebitda": 301000000,
        "ebitdaratio": 0.0868937644,
        "operatingIncome": 83000000,
        "operatingIncomeRatio": 0.023960739,
        "totalOtherIncomeExpensesNet": -26000000,
        "incomeBeforeTax": 57000000,
        "incomeBeforeTaxRatio": 0.0164549654,
        "incomeTaxExpense": 11000000,
        "netIncome": 46000000,
        "netIncomeRatio": 0.0132794457,
        "eps": 0.28,
        "epsdiluted": 0.27,
        "weightedAverageShsOut": 164000000,
        "weightedAverageShsOutDil": 168100000,
        "link": "https://www.sec.gov/Archives/edgar/data/72333/000007233324000124/0000072333-24-000124-index.htm",
        "finalLink": "https://www.sec.gov/Archives/edgar/data/72333/000007233324000124/jwn-20241102.htm"
    },
    {
        "date": "2024-08-03",
        "symbol": "JWN",
        "reportedCurrency": "USD",
        "cik": "0000072333",
        "fillingDate": "2024-09-05",
        "acceptedDate": "2024-09-05 16:26:39",
        "calendarYear": "2024",
        "period": "Q2",
        "revenue": 3894000000,
        "costOfRevenue": 2401000000,
        "grossProfit": 1493000000,
        "grossProfitRatio": 0.3834103749,
        "researchAndDevelopmentExpenses": 0,
        "generalAndAdministrativeExpenses": 0,
        "sellingAndMarketingExpenses": 0,
        "sellingGeneralAndAdministrativeExpenses": 1303000000,
        "otherExpenses": 0,
        "operatingExpenses": 1303000000,
        "costAndExpenses": 3704000000,
        "interestIncome": 7000000,
        "interestExpense": 33000000,
        "depreciationAndAmortization": 198000000,
        "ebitda": 395000000,
        "ebitdaratio": 0.1014381099,
        "operatingIncome": 190000000,
        "operatingIncomeRatio": 0.0487930149,
        "totalOtherIncomeExpensesNet": -26000000,
        "incomeBeforeTax": 164000000,
        "incomeBeforeTaxRatio": 0.042116076,
        "incomeTaxExpense": 42000000,
        "netIncome": 122000000,
        "netIncomeRatio": 0.0313302517,
        "eps": 0.74,
        "epsdiluted": 0.72,
        "weightedAverageShsOut": 164100000,
        "weightedAverageShsOutDil": 168800000,
        "link": "https://www.sec.gov/Archives/edgar/data/72333/000007233324000104/0000072333-24-000104-index.htm",
        "finalLink": "https://www.sec.gov/Archives/edgar/data/72333/000007233324000104/jwn-20240803.htm"
    },
    {
        "date": "2024-05-04",
        "symbol": "JWN",
        "reportedCurrency": "USD",
        "cik": "0000072333",
        "fillingDate": "2024-06-07",
        "acceptedDate": "2024-06-07 16:44:40",
        "calendarYear": "2024",
        "period": "Q1",
        "revenue": 3335000000,
        "costOfRevenue": 2203000000,
        "grossProfit": 1132000000,
        "grossProfitRatio": 0.3394302849,
        "researchAndDevelopmentExpenses": 0,
        "generalAndAdministrativeExpenses": 0,
        "sellingAndMarketingExpenses": 0,
        "sellingGeneralAndAdministrativeExpenses": 1153000000,
        "otherExpenses": 0,
        "operatingExpenses": 1153000000,
        "costAndExpenses": 3356000000,
        "interestIncome": 0,
        "interestExpense": 27000000,
        "depreciationAndAmortization": 199000000,
        "ebitda": 178000000,
        "ebitdaratio": 0.0533733133,
        "operatingIncome": -21000000,
        "operatingIncomeRatio": -0.0062968516,
        "totalOtherIncomeExpensesNet": -27000000,
        "incomeBeforeTax": -48000000,
        "incomeBeforeTaxRatio": -0.0143928036,
        "incomeTaxExpense": -9000000,
        "netIncome": -39000000,
        "netIncomeRatio": -0.0116941529,
        "eps": -0.24,
        "epsdiluted": -0.24,
        "weightedAverageShsOut": 163200000,
        "weightedAverageShsOutDil": 163200000,
        "link": "https://www.sec.gov/Archives/edgar/data/72333/000007233324000080/0000072333-24-000080-index.htm",
        "finalLink": "https://www.sec.gov/Archives/edgar/data/72333/000007233324000080/jwn-20240504.htm"
    },
    {
        "date": "2024-02-03",
        "symbol": "JWN",
        "reportedCurrency": "USD",
        "cik": "0000072333",
        "fillingDate": "2024-03-19",
        "acceptedDate": "2024-03-19 17:28:26",
        "calendarYear": "2023",
        "period": "Q4",
        "revenue": 4420000000,
        "costOfRevenue": 2815000000,
        "grossProfit": 1605000000,
        "grossProfitRatio": 0.3631221719,
        "researchAndDevelopmentExpenses": 0,
        "generalAndAdministrativeExpenses": 1047000000,
        "sellingAndMarketingExpenses": 313000000,
        "sellingGeneralAndAdministrativeExpenses": 1360000000,
        "otherExpenses": 0,
        "operatingExpenses": 1360000000,
        "costAndExpenses": 4175000000,
        "interestIncome": 0,
        "interestExpense": 26000000,
        "depreciationAndAmortization": 156000000,
        "ebitda": 404000000,
        "ebitdaratio": 0.0914027149,
        "operatingIncome": 245000000,
        "operatingIncomeRatio": 0.0554298643,
        "totalOtherIncomeExpensesNet": -56000000,
        "incomeBeforeTax": 189000000,
        "incomeBeforeTaxRatio": 0.042760181,
        "incomeTaxExpense": 55000000,
        "netIncome": 134000000,
        "netIncomeRatio": 0.0303167421,
        "eps": 0.82,
        "epsdiluted": 0.81,
        "weightedAverageShsOut": 162500000,
        "weightedAverageShsOutDil": 164600000,
        "link": "https://www.sec.gov/Archives/edgar/data/72333/000007233324000031/0000072333-24-000031-index.htm",
        "finalLink": "https://www.sec.gov/Archives/edgar/data/72333/000007233324000031/jwn-20240203.htm"
    },
    {
        "date": "2023-10-28",
        "symbol": "JWN",
        "reportedCurrency": "USD",
        "cik": "0000072333",
        "fillingDate": "2023-12-01",
        "acceptedDate": "2023-12-01 16:30:51",
        "calendarYear": "2023",
        "period": "Q3",
        "revenue": 3320000000,
        "costOfRevenue": 2080000000,
        "grossProfit": 1240000000,
        "grossProfitRatio": 0.3734939759,
        "researchAndDevelopmentExpenses": 0,
        "generalAndAdministrativeExpenses": 0,
        "sellingAndMarketingExpenses": 0,
        "sellingGeneralAndAdministrativeExpenses": 1163000000,
        "otherExpenses": 0,
        "operatingExpenses": 1163000000,
        "costAndExpenses": 3243000000,
        "interestIncome": 0,
        "interestExpense": 24000000,
        "depreciationAndAmortization": 191000000,
        "ebitda": 293000000,
        "ebitdaratio": 0.088253012,
        "operatingIncome": -1128000000,
        "operatingIncomeRatio": -0.3397590361,
        "totalOtherIncomeExpensesNet": 1000000,
        "incomeBeforeTax": 78000000,
        "incomeBeforeTaxRatio": 0.0234939759,
        "incomeTaxExpense": 11000000,
        "netIncome": 67000000,
        "netIncomeRatio": 0.0201807229,
        "eps": 0.41,
        "epsdiluted": 0.41,
        "weightedAverageShsOut": 162000000,
        "weightedAverageShsOutDil": 163600000,
        "link": "https://www.sec.gov/Archives/edgar/data/72333/000007233323000186/0000072333-23-000186-index.htm",
        "finalLink": "https://www.sec.gov/Archives/edgar/data/72333/000007233323000186/jwn-20231028.htm"
    },
    {
        "date": "2023-07-29",
        "symbol": "JWN",
        "reportedCurrency": "USD",
        "cik": "0000072333",
        "fillingDate": "2023-09-01",
        "acceptedDate": "2023-09-01 16:47:35",
        "calendarYear": "2023",
        "period": "Q2",
        "revenue": 3772000000,
        "costOfRevenue": 2380000000,
        "grossProfit": 1392000000,
        "grossProfitRatio": 0.3690349947,
        "researchAndDevelopmentExpenses": 0,
        "generalAndAdministrativeExpenses": 0,
        "sellingAndMarketingExpenses": 0,
        "sellingGeneralAndAdministrativeExpenses": 1200000000,
        "otherExpenses": 0,
        "operatingExpenses": 1200000000,
        "costAndExpenses": 3580000000,
        "interestIncome": 8000000,
        "interestExpense": 34000000,
        "depreciationAndAmortization": 184000000,
        "ebitda": 376000000,
        "ebitdaratio": 0.0996818664,
        "operatingIncome": -1165000000,
        "operatingIncomeRatio": -0.308854719,
        "totalOtherIncomeExpensesNet": -26000000,
        "incomeBeforeTax": 166000000,
        "incomeBeforeTaxRatio": 0.0440084836,
        "incomeTaxExpense": 29000000,
        "netIncome": 137000000,
        "netIncomeRatio": 0.0363202545,
        "eps": 0.85,
        "epsdiluted": 0.84,
        "weightedAverageShsOut": 161700000,
        "weightedAverageShsOutDil": 163200000,
        "link": "https://www.sec.gov/Archives/edgar/data/72333/000007233323000150/0000072333-23-000150-index.htm",
        "finalLink": "https://www.sec.gov/Archives/edgar/data/72333/000007233323000150/jwn-20230729.htm"
    },
    {
        "date": "2023-04-29",
        "symbol": "JWN",
        "reportedCurrency": "USD",
        "cik": "0000072333",
        "fillingDate": "2023-06-07",
        "acceptedDate": "2023-06-07 16:21:08",
        "calendarYear": "2023",
        "period": "Q1",
        "revenue": 3181000000,
        "costOfRevenue": 2028000000,
        "grossProfit": 1153000000,
        "grossProfitRatio": 0.3624646338,
        "researchAndDevelopmentExpenses": 0,
        "generalAndAdministrativeExpenses": 0,
        "sellingAndMarketingExpenses": 0,
        "sellingGeneralAndAdministrativeExpenses": 1103000000,
        "otherExpenses": 50000000,
        "operatingExpenses": 1153000000,
        "costAndExpenses": 3131000000,
        "interestIncome": 0,
        "interestExpense": 28000000,
        "depreciationAndAmortization": 187000000,
        "ebitda": -72000000,
        "ebitdaratio": -0.0226343917,
        "operatingIncome": 50000000,
        "operatingIncomeRatio": 0.0157183276,
        "totalOtherIncomeExpensesNet": -337000000,
        "incomeBeforeTax": -287000000,
        "incomeBeforeTaxRatio": -0.0902232003,
        "incomeTaxExpense": -82000000,
        "netIncome": -205000000,
        "netIncomeRatio": -0.064445143,
        "eps": -1.27,
        "epsdiluted": -1.27,
        "weightedAverageShsOut": 160800000,
        "weightedAverageShsOutDil": 160800000,
        "link": "https://www.sec.gov/Archives/edgar/data/72333/000007233323000102/0000072333-23-000102-index.htm",
        "finalLink": "https://www.sec.gov/Archives/edgar/data/72333/000007233323000102/jwn-20230429.htm"
    },
    {
        "date": "2023-01-28",
        "symbol": "JWN",
        "reportedCurrency": "USD",
        "cik": "0000072333",
        "fillingDate": "2023-03-10",
        "acceptedDate": "2023-03-10 17:26:18",
        "calendarYear": "2022",
        "period": "Q4",
        "revenue": 4319000000,
        "costOfRevenue": 2808000000,
        "grossProfit": 1511000000,
        "grossProfitRatio": 0.3498495022,
        "researchAndDevelopmentExpenses": 0,
        "generalAndAdministrativeExpenses": 0,
        "sellingAndMarketingExpenses": 0,
        "sellingGeneralAndAdministrativeExpenses": 1324000000,
        "otherExpenses": 187000000,
        "operatingExpenses": 1511000000,
        "costAndExpenses": 4319000000,
        "interestIncome": 10000000,
        "interestExpense": 37000000,
        "depreciationAndAmortization": 195000000,
        "ebitda": 392000000,
        "ebitdaratio": 0.0907617504,
        "operatingIncome": 187000000,
        "operatingIncomeRatio": 0.0432970595,
        "totalOtherIncomeExpensesNet": -27000000,
        "incomeBeforeTax": 160000000,
        "incomeBeforeTaxRatio": 0.0370456124,
        "incomeTaxExpense": 41000000,
        "netIncome": 119000000,
        "netIncomeRatio": 0.0275526742,
        "eps": 0.74,
        "epsdiluted": 0.74,
        "weightedAverageShsOut": 160100000,
        "weightedAverageShsOutDil": 161600000,
        "link": "https://www.sec.gov/Archives/edgar/data/72333/000007233323000037/0000072333-23-000037-index.htm",
        "finalLink": "https://www.sec.gov/Archives/edgar/data/72333/000007233323000037/jwn-20230128.htm"
    },
    {
        "date": "2022-10-29",
        "symbol": "JWN",
        "reportedCurrency": "USD",
        "cik": "0000072333",
        "fillingDate": "2022-12-02",
        "acceptedDate": "2022-12-02 16:40:45",
        "calendarYear": "2022",
        "period": "Q3",
        "revenue": 3546000000,
        "costOfRevenue": 2294000000,
        "grossProfit": 1252000000,
        "grossProfitRatio": 0.3530738861,
        "researchAndDevelopmentExpenses": 0,
        "generalAndAdministrativeExpenses": 0,
        "sellingAndMarketingExpenses": 0,
        "sellingGeneralAndAdministrativeExpenses": 1249000000,
        "otherExpenses": 0,
        "operatingExpenses": 1249000000,
        "costAndExpenses": 3543000000,
        "interestIncome": 0,
        "interestExpense": 32000000,
        "depreciationAndAmortization": 200000000,
        "ebitda": 203000000,
        "ebitdaratio": 0.0572476029,
        "operatingIncome": 3000000,
        "operatingIncomeRatio": 0.0008460237,
        "totalOtherIncomeExpensesNet": -32000000,
        "incomeBeforeTax": -29000000,
        "incomeBeforeTaxRatio": -0.008178229,
        "incomeTaxExpense": -9000000,
        "netIncome": -20000000,
        "netIncomeRatio": -0.0056401579,
        "eps": -0.13,
        "epsdiluted": -0.13,
        "weightedAverageShsOut": 159500000,
        "weightedAverageShsOutDil": 159500000,
        "link": "https://www.sec.gov/Archives/edgar/data/72333/000007233322000207/0000072333-22-000207-index.htm",
        "finalLink": "https://www.sec.gov/Archives/edgar/data/72333/000007233322000207/jwn-20221029.htm"
    },
    {
        "date": "2022-07-30",
        "symbol": "JWN",
        "reportedCurrency": "USD",
        "cik": "0000072333",
        "fillingDate": "2022-09-02",
        "acceptedDate": "2022-09-02 16:33:53",
        "calendarYear": "2022",
        "period": "Q2",
        "revenue": 4095000000,
        "costOfRevenue": 2586000000,
        "grossProfit": 1509000000,
        "grossProfitRatio": 0.3684981685,
        "researchAndDevelopmentExpenses": 0,
        "generalAndAdministrativeExpenses": 0,
        "sellingAndMarketingExpenses": 0,
        "sellingGeneralAndAdministrativeExpenses": 1307000000,
        "otherExpenses": 0,
        "operatingExpenses": 1307000000,
        "costAndExpenses": 3893000000,
        "interestIncome": 0,
        "interestExpense": 34000000,
        "depreciationAndAmortization": 195000000,
        "ebitda": 397000000,
        "ebitdaratio": 0.0969474969,
        "operatingIncome": 202000000,
        "operatingIncomeRatio": 0.0493284493,
        "totalOtherIncomeExpensesNet": -34000000,
        "incomeBeforeTax": 168000000,
        "incomeBeforeTaxRatio": 0.041025641,
        "incomeTaxExpense": 42000000,
        "netIncome": 126000000,
        "netIncomeRatio": 0.0307692308,
        "eps": 0.78,
        "epsdiluted": 0.77,
        "weightedAverageShsOut": 160600000,
        "weightedAverageShsOutDil": 162900000,
        "link": "https://www.sec.gov/Archives/edgar/data/72333/000007233322000181/0000072333-22-000181-index.htm",
        "finalLink": "https://www.sec.gov/Archives/edgar/data/72333/000007233322000181/jwn-20220730.htm"
    },
    {
        "date": "2022-04-30",
        "symbol": "JWN",
        "reportedCurrency": "USD",
        "cik": "0000072333",
        "fillingDate": "2022-06-03",
        "acceptedDate": "2022-06-03 16:43:52",
        "calendarYear": "2022",
        "period": "Q1",
        "revenue": 3569000000,
        "costOfRevenue": 2331000000,
        "grossProfit": 1238000000,
        "grossProfitRatio": 0.3468758756,
        "researchAndDevelopmentExpenses": 0,
        "generalAndAdministrativeExpenses": 0,
        "sellingAndMarketingExpenses": 0,
        "sellingGeneralAndAdministrativeExpenses": 1165000000,
        "otherExpenses": 0,
        "operatingExpenses": 1165000000,
        "costAndExpenses": 3496000000,
        "interestIncome": 0,
        "interestExpense": 35000000,
        "depreciationAndAmortization": 199000000,
        "ebitda": 272000000,
        "ebitdaratio": 0.076211824,
        "operatingIncome": 73000000,
        "operatingIncomeRatio": 0.0204539087,
        "totalOtherIncomeExpensesNet": -35000000,
        "incomeBeforeTax": 38000000,
        "incomeBeforeTaxRatio": 0.0106472401,
        "incomeTaxExpense": 18000000,
        "netIncome": 20000000,
        "netIncomeRatio": 0.0056038106,
        "eps": 0.12,
        "epsdiluted": 0.12,
        "weightedAverageShsOut": 160100000,
        "weightedAverageShsOutDil": 162900000,
        "link": "https://www.sec.gov/Archives/edgar/data/72333/000007233322000156/0000072333-22-000156-index.htm",
        "finalLink": "https://www.sec.gov/Archives/edgar/data/72333/000007233322000156/jwn-20220430.htm"
    },
    {
        "date": "2022-01-29",
        "symbol": "JWN",
        "reportedCurrency": "USD",
        "cik": "0000072333",
        "fillingDate": "2022-03-11",
        "acceptedDate": "2022-03-11 17:25:20",
        "calendarYear": "2021",
        "period": "Q4",
        "revenue": 4486000000,
        "costOfRevenue": 2699000000,
        "grossProfit": 1787000000,
        "grossProfitRatio": 0.3983504235,
        "researchAndDevelopmentExpenses": 0,
        "generalAndAdministrativeExpenses": 1188000000,
        "sellingAndMarketingExpenses": 300000000,
        "sellingGeneralAndAdministrativeExpenses": 1488000000,
        "otherExpenses": 0,
        "operatingExpenses": 1488000000,
        "costAndExpenses": 4187000000,
        "interestIncome": 0,
        "interestExpense": 33000000,
        "depreciationAndAmortization": 183000000,
        "ebitda": 482000000,
        "ebitdaratio": 0.1074453856,
        "operatingIncome": 300000000,
        "operatingIncomeRatio": 0.0668747214,
        "totalOtherIncomeExpensesNet": -33000000,
        "incomeBeforeTax": 266000000,
        "incomeBeforeTaxRatio": 0.0592955863,
        "incomeTaxExpense": 66000000,
        "netIncome": 200000000,
        "netIncomeRatio": 0.0445831476,
        "eps": 1.26,
        "epsdiluted": 1.23,
        "weightedAverageShsOut": 159500000,
        "weightedAverageShsOutDil": 162400000,
        "link": "https://www.sec.gov/Archives/edgar/data/72333/000007233322000060/0000072333-22-000060-index.htm",
        "finalLink": "https://www.sec.gov/Archives/edgar/data/72333/000007233322000060/jwn-20220129.htm"
    },
    {
        "date": "2021-10-30",
        "symbol": "JWN",
        "reportedCurrency": "USD",
        "cik": "0000072333",
        "fillingDate": "2021-12-03",
        "acceptedDate": "2021-12-03 16:20:22",
        "calendarYear": "2021",
        "period": "Q3",
        "revenue": 3637000000,
        "costOfRevenue": 2294000000,
        "grossProfit": 1343000000,
        "grossProfitRatio": 0.3692603794,
        "researchAndDevelopmentExpenses": 0,
        "generalAndAdministrativeExpenses": 0,
        "sellingAndMarketingExpenses": 0,
        "sellingGeneralAndAdministrativeExpenses": 1216000000,
        "otherExpenses": 0,
        "operatingExpenses": 1216000000,
        "costAndExpenses": 3510000000,
        "interestIncome": 0,
        "interestExpense": 36000000,
        "depreciationAndAmortization": 196000000,
        "ebitda": 323000000,
        "ebitdaratio": 0.0888094583,
        "operatingIncome": 127000000,
        "operatingIncomeRatio": 0.0349188892,
        "totalOtherIncomeExpensesNet": -36000000,
        "incomeBeforeTax": 91000000,
        "incomeBeforeTaxRatio": 0.0250206214,
        "incomeTaxExpense": 27000000,
        "netIncome": 64000000,
        "netIncomeRatio": 0.0175969205,
        "eps": 0.4,
        "epsdiluted": 0.39,
        "weightedAverageShsOut": 159200000,
        "weightedAverageShsOutDil": 162500000,
        "link": "https://www.sec.gov/Archives/edgar/data/72333/000007233321000237/0000072333-21-000237-index.htm",
        "finalLink": "https://www.sec.gov/Archives/edgar/data/72333/000007233321000237/jwn-20211030.htm"
    },
    {
        "date": "2021-07-31",
        "symbol": "JWN",
        "reportedCurrency": "USD",
        "cik": "0000072333",
        "fillingDate": "2021-09-03",
        "acceptedDate": "2021-09-03 16:41:08",
        "calendarYear": "2021",
        "period": "Q2",
        "revenue": 3657000000,
        "costOfRevenue": 2332000000,
        "grossProfit": 1325000000,
        "grossProfitRatio": 0.3623188406,
        "researchAndDevelopmentExpenses": 0,
        "generalAndAdministrativeExpenses": 0,
        "sellingAndMarketingExpenses": 0,
        "sellingGeneralAndAdministrativeExpenses": 1174000000,
        "otherExpenses": 0,
        "operatingExpenses": 1174000000,
        "costAndExpenses": 3506000000,
        "interestIncome": 0,
        "interestExpense": 40000000,
        "depreciationAndAmortization": 206000000,
        "ebitda": 357000000,
        "ebitdaratio": 0.0976210008,
        "operatingIncome": 151000000,
        "operatingIncomeRatio": 0.0412906754,
        "totalOtherIncomeExpensesNet": -40000000,
        "incomeBeforeTax": 111000000,
        "incomeBeforeTaxRatio": 0.0303527482,
        "incomeTaxExpense": 31000000,
        "netIncome": 80000000,
        "netIncomeRatio": 0.0218758545,
        "eps": 0.5,
        "epsdiluted": 0.49,
        "weightedAverageShsOut": 159000000,
        "weightedAverageShsOutDil": 162800000,
        "link": "https://www.sec.gov/Archives/edgar/data/72333/000007233321000212/0000072333-21-000212-index.htm",
        "finalLink": "https://www.sec.gov/Archives/edgar/data/72333/000007233321000212/jwn-20210731.htm"
    },
    {
        "date": "2021-05-01",
        "symbol": "JWN",
        "reportedCurrency": "USD",
        "cik": "0000072333",
        "fillingDate": "2021-06-04",
        "acceptedDate": "2021-06-04 16:15:19",
        "calendarYear": "2021",
        "period": "Q1",
        "revenue": 3009000000,
        "costOfRevenue": 2019000000,
        "grossProfit": 990000000,
        "grossProfitRatio": 0.3290129611,
        "researchAndDevelopmentExpenses": 0,
        "generalAndAdministrativeExpenses": 0,
        "sellingAndMarketingExpenses": 0,
        "sellingGeneralAndAdministrativeExpenses": 1075000000,
        "otherExpenses": 0,
        "operatingExpenses": 1075000000,
        "costAndExpenses": 3094000000,
        "interestIncome": 0,
        "interestExpense": 137000000,
        "depreciationAndAmortization": 205000000,
        "ebitda": 120000000,
        "ebitdaratio": 0.0398803589,
        "operatingIncome": -85000000,
        "operatingIncomeRatio": -0.0282485876,
        "totalOtherIncomeExpensesNet": -137000000,
        "incomeBeforeTax": -222000000,
        "incomeBeforeTaxRatio": -0.073778664,
        "incomeTaxExpense": -56000000,
        "netIncome": -166000000,
        "netIncomeRatio": -0.0551678298,
        "eps": -1.05,
        "epsdiluted": -1.05,
        "weightedAverageShsOut": 158095238,
        "weightedAverageShsOutDil": 158500000,
        "link": "https://www.sec.gov/Archives/edgar/data/72333/000007233321000185/0000072333-21-000185-index.htm",
        "finalLink": "https://www.sec.gov/Archives/edgar/data/72333/000007233321000185/jwn-20210501.htm"
    },
    {
        "date": "2021-01-30",
        "symbol": "JWN",
        "reportedCurrency": "USD",
        "cik": "0000072333",
        "fillingDate": "2021-03-16",
        "acceptedDate": "2021-03-15 19:53:18",
        "calendarYear": "2020",
        "period": "Q4",
        "revenue": 3645000000,
        "costOfRevenue": 2365000000,
        "grossProfit": 1280000000,
        "grossProfitRatio": 0.3511659808,
        "researchAndDevelopmentExpenses": 0,
        "generalAndAdministrativeExpenses": 967000000,
        "sellingAndMarketingExpenses": 283000000,
        "sellingGeneralAndAdministrativeExpenses": 1250000000,
        "otherExpenses": 0,
        "operatingExpenses": 1250000000,
        "costAndExpenses": 3615000000,
        "interestIncome": 3000000,
        "interestExpense": 48000000,
        "depreciationAndAmortization": 199000000,
        "ebitda": 229000000,
        "ebitdaratio": 0.0628257888,
        "operatingIncome": 30000000,
        "operatingIncomeRatio": 0.0082304527,
        "totalOtherIncomeExpensesNet": -48000000,
        "incomeBeforeTax": -18000000,
        "incomeBeforeTaxRatio": -0.0049382716,
        "incomeTaxExpense": -51000000,
        "netIncome": 33000000,
        "netIncomeRatio": 0.0090534979,
        "eps": 0.21,
        "epsdiluted": 0.21,
        "weightedAverageShsOut": 157900000,
        "weightedAverageShsOutDil": 160900000,
        "link": "https://www.sec.gov/Archives/edgar/data/72333/000007233321000099/0000072333-21-000099-index.htm",
        "finalLink": "https://www.sec.gov/Archives/edgar/data/72333/000007233321000099/jwn-20210130.htm"
    },
    {
        "date": "2020-10-31",
        "symbol": "JWN",
        "reportedCurrency": "USD",
        "cik": "0000072333",
        "fillingDate": "2020-12-04",
        "acceptedDate": "2020-12-04 17:14:33",
        "calendarYear": "2020",
        "period": "Q3",
        "revenue": 3089000000,
        "costOfRevenue": 2019000000,
        "grossProfit": 1070000000,
        "grossProfitRatio": 0.3463904176,
        "researchAndDevelopmentExpenses": 0,
        "generalAndAdministrativeExpenses": 0,
        "sellingAndMarketingExpenses": 0,
        "sellingGeneralAndAdministrativeExpenses": 964000000,
        "otherExpenses": 0,
        "operatingExpenses": 964000000,
        "costAndExpenses": 2983000000,
        "interestIncome": 0,
        "interestExpense": 48000000,
        "depreciationAndAmortization": 206000000,
        "ebitda": 106000000,
        "ebitdaratio": 0.0343153124,
        "operatingIncome": 106000000,
        "operatingIncomeRatio": 0.0343153124,
        "totalOtherIncomeExpensesNet": -48000000,
        "incomeBeforeTax": 58000000,
        "incomeBeforeTaxRatio": 0.018776303,
        "incomeTaxExpense": 5000000,
        "netIncome": 53000000,
        "netIncomeRatio": 0.0171576562,
        "eps": 0.34,
        "epsdiluted": 0.34,
        "weightedAverageShsOut": 157500000,
        "weightedAverageShsOutDil": 158200000,
        "link": "https://www.sec.gov/Archives/edgar/data/72333/000007233320000246/0000072333-20-000246-index.htm",
        "finalLink": "https://www.sec.gov/Archives/edgar/data/72333/000007233320000246/jwn-20201031.htm"
    },
    {
        "date": "2020-08-01",
        "symbol": "JWN",
        "reportedCurrency": "USD",
        "cik": "0000072333",
        "fillingDate": "2020-09-04",
        "acceptedDate": "2020-09-04 16:37:47",
        "calendarYear": "2020",
        "period": "Q2",
        "revenue": 1862000000,
        "costOfRevenue": 1406000000,
        "grossProfit": 456000000,
        "grossProfitRatio": 0.2448979592,
        "researchAndDevelopmentExpenses": 0,
        "generalAndAdministrativeExpenses": 826000000,
        "sellingAndMarketingExpenses": 0,
        "sellingGeneralAndAdministrativeExpenses": 826000000,
        "otherExpenses": 0,
        "operatingExpenses": 826000000,
        "costAndExpenses": 2232000000,
        "interestIncome": 0,
        "interestExpense": 51000000,
        "depreciationAndAmortization": 216000000,
        "ebitda": -154000000,
        "ebitdaratio": -0.0827067669,
        "operatingIncome": -370000000,
        "operatingIncomeRatio": -0.1987110634,
        "totalOtherIncomeExpensesNet": -51000000,
        "incomeBeforeTax": -421000000,
        "incomeBeforeTaxRatio": -0.2261009667,
        "incomeTaxExpense": -166000000,
        "netIncome": -255000000,
        "netIncomeRatio": -0.1369495166,
        "eps": -1.62,
        "epsdiluted": -1.62,
        "weightedAverageShsOut": 157200000,
        "weightedAverageShsOutDil": 157200000,
        "link": "https://www.sec.gov/Archives/edgar/data/72333/000007233320000195/0000072333-20-000195-index.htm",
        "finalLink": "https://www.sec.gov/Archives/edgar/data/72333/000007233320000195/jwn-20200801.htm"
    },
    {
        "date": "2020-05-02",
        "symbol": "JWN",
        "reportedCurrency": "USD",
        "cik": "0000072333",
        "fillingDate": "2020-06-10",
        "acceptedDate": "2020-06-10 16:57:27",
        "calendarYear": "2020",
        "period": "Q1",
        "revenue": 2119000000,
        "costOfRevenue": 1810000000,
        "grossProfit": 309000000,
        "grossProfitRatio": 0.1458235017,
        "researchAndDevelopmentExpenses": 0,
        "generalAndAdministrativeExpenses": 1122000000,
        "sellingAndMarketingExpenses": 0,
        "sellingGeneralAndAdministrativeExpenses": 1122000000,
        "otherExpenses": 0,
        "operatingExpenses": 1122000000,
        "costAndExpenses": 2932000000,
        "interestIncome": 0,
        "interestExpense": 34000000,
        "depreciationAndAmortization": 222000000,
        "ebitda": -591000000,
        "ebitdaratio": -0.2789051439,
        "operatingIncome": -813000000,
        "operatingIncomeRatio": -0.3836715432,
        "totalOtherIncomeExpensesNet": -34000000,
        "incomeBeforeTax": -847000000,
        "incomeBeforeTaxRatio": -0.3997168476,
        "incomeTaxExpense": -326000000,
        "netIncome": -521000000,
        "netIncomeRatio": -0.2458706937,
        "eps": -3.33,
        "epsdiluted": -3.33,
        "weightedAverageShsOut": 156400000,
        "weightedAverageShsOutDil": 156400000,
        "link": "https://www.sec.gov/Archives/edgar/data/72333/000007233320000142/0000072333-20-000142-index.htm",
        "finalLink": "https://www.sec.gov/Archives/edgar/data/72333/000007233320000142/jwn-q12020x10q.htm"
    },
    {
        "date": "2020-02-01",
        "symbol": "JWN",
        "reportedCurrency": "USD",
        "cik": "0000072333",
        "fillingDate": "2020-03-20",
        "acceptedDate": "2020-03-20 17:06:45",
        "calendarYear": "2019",
        "period": "Q4",
        "revenue": 4538000000,
        "costOfRevenue": 2884000000,
        "grossProfit": 1654000000,
        "grossProfitRatio": 0.3644777435,
        "researchAndDevelopmentExpenses": 0,
        "generalAndAdministrativeExpenses": 808000000,
        "sellingAndMarketingExpenses": 299000000,
        "sellingGeneralAndAdministrativeExpenses": 1107000000,
        "otherExpenses": 0,
        "operatingExpenses": 1355000000,
        "costAndExpenses": 4239000000,
        "interestIncome": 10000000,
        "interestExpense": 36000000,
        "depreciationAndAmortization": 240000000,
        "ebitda": 539000000,
        "ebitdaratio": 0.1187747907,
        "operatingIncome": 299000000,
        "operatingIncomeRatio": 0.0658880564,
        "totalOtherIncomeExpensesNet": -36000000,
        "incomeBeforeTax": 263000000,
        "incomeBeforeTaxRatio": 0.0579550463,
        "incomeTaxExpense": 70000000,
        "netIncome": 193000000,
        "netIncomeRatio": 0.0425297488,
        "eps": 1.24,
        "epsdiluted": 1.23,
        "weightedAverageShsOut": 155500000,
        "weightedAverageShsOutDil": 156600000,
        "link": "https://www.sec.gov/Archives/edgar/data/72333/000007233320000078/0000072333-20-000078-index.htm",
        "finalLink": "https://www.sec.gov/Archives/edgar/data/72333/000007233320000078/jwn-212020x10k.htm"
    },
    {
        "date": "2019-11-02",
        "symbol": "JWN",
        "reportedCurrency": "USD",
        "cik": "0000072333",
        "fillingDate": "2019-12-04",
        "acceptedDate": "2019-12-04 16:50:54",
        "calendarYear": "2019",
        "period": "Q3",
        "revenue": 3672000000,
        "costOfRevenue": 2344000000,
        "grossProfit": 1328000000,
        "grossProfitRatio": 0.3616557734,
        "researchAndDevelopmentExpenses": 0,
        "generalAndAdministrativeExpenses": 1135000000,
        "sellingAndMarketingExpenses": 0,
        "sellingGeneralAndAdministrativeExpenses": 1135000000,
        "otherExpenses": 0,
        "operatingExpenses": 1135000000,
        "costAndExpenses": 3479000000,
        "interestIncome": 0,
        "interestExpense": 20000000,
        "depreciationAndAmortization": 289000000,
        "ebitda": 193000000,
        "ebitdaratio": 0.0525599129,
        "operatingIncome": 193000000,
        "operatingIncomeRatio": 0.0525599129,
        "totalOtherIncomeExpensesNet": -20000000,
        "incomeBeforeTax": 173000000,
        "incomeBeforeTaxRatio": 0.0471132898,
        "incomeTaxExpense": 47000000,
        "netIncome": 126000000,
        "netIncomeRatio": 0.0343137255,
        "eps": 0.81,
        "epsdiluted": 0.81,
        "weightedAverageShsOut": 155200000,
        "weightedAverageShsOutDil": 155800000,
        "link": "https://www.sec.gov/Archives/edgar/data/72333/000007233319000230/0000072333-19-000230-index.htm",
        "finalLink": "https://www.sec.gov/Archives/edgar/data/72333/000007233319000230/jwn-q32019x10q.htm"
    },
    {
        "date": "2019-08-03",
        "symbol": "JWN",
        "reportedCurrency": "USD",
        "cik": "0000072333",
        "fillingDate": "2019-09-04",
        "acceptedDate": "2019-09-04 16:55:33",
        "calendarYear": "2019",
        "period": "Q2",
        "revenue": 3872000000,
        "costOfRevenue": 2476000000,
        "grossProfit": 1396000000,
        "grossProfitRatio": 0.3605371901,
        "researchAndDevelopmentExpenses": 0,
        "generalAndAdministrativeExpenses": 1180000000,
        "sellingAndMarketingExpenses": 0,
        "sellingGeneralAndAdministrativeExpenses": 1180000000,
        "otherExpenses": 0,
        "operatingExpenses": 1180000000,
        "costAndExpenses": 3656000000,
        "interestIncome": 0,
        "interestExpense": 23000000,
        "depreciationAndAmortization": 160000000,
        "ebitda": 376000000,
        "ebitdaratio": 0.097107438,
        "operatingIncome": 216000000,
        "operatingIncomeRatio": 0.055785124,
        "totalOtherIncomeExpensesNet": -23000000,
        "incomeBeforeTax": 193000000,
        "incomeBeforeTaxRatio": 0.0498450413,
        "incomeTaxExpense": 52000000,
        "netIncome": 141000000,
        "netIncomeRatio": 0.0364152893,
        "eps": 0.91,
        "epsdiluted": 0.9,
        "weightedAverageShsOut": 155000000,
        "weightedAverageShsOutDil": 155600000,
        "link": "https://www.sec.gov/Archives/edgar/data/72333/000007233319000201/0000072333-19-000201-index.htm",
        "finalLink": "https://www.sec.gov/Archives/edgar/data/72333/000007233319000201/jwn-q22019x10q.htm"
    },
    {
        "date": "2019-05-04",
        "symbol": "JWN",
        "reportedCurrency": "USD",
        "cik": "0000072333",
        "fillingDate": "2019-06-05",
        "acceptedDate": "2019-06-05 16:48:36",
        "calendarYear": "2019",
        "period": "Q1",
        "revenue": 3443000000,
        "costOfRevenue": 2228000000,
        "grossProfit": 1215000000,
        "grossProfitRatio": 0.3528899216,
        "researchAndDevelopmentExpenses": 0,
        "generalAndAdministrativeExpenses": 1138000000,
        "sellingAndMarketingExpenses": 0,
        "sellingGeneralAndAdministrativeExpenses": 1138000000,
        "otherExpenses": 0,
        "operatingExpenses": 1138000000,
        "costAndExpenses": 3366000000,
        "interestIncome": 0,
        "interestExpense": 24000000,
        "depreciationAndAmortization": 165000000,
        "ebitda": 77000000,
        "ebitdaratio": 0.0223642173,
        "operatingIncome": 77000000,
        "operatingIncomeRatio": 0.0223642173,
        "totalOtherIncomeExpensesNet": -24000000,
        "incomeBeforeTax": 53000000,
        "incomeBeforeTaxRatio": 0.0153935521,
        "incomeTaxExpense": 16000000,
        "netIncome": 37000000,
        "netIncomeRatio": 0.0107464421,
        "eps": 0.24,
        "epsdiluted": 0.23,
        "weightedAverageShsOut": 155000000,
        "weightedAverageShsOutDil": 156200000,
        "link": "https://www.sec.gov/Archives/edgar/data/72333/000007233319000152/0000072333-19-000152-index.htm",
        "finalLink": "https://www.sec.gov/Archives/edgar/data/72333/000007233319000152/jwn-q12019x10q.htm"
    },
    {
        "date": "2019-02-02",
        "symbol": "JWN",
        "reportedCurrency": "USD",
        "cik": "0000072333",
        "fillingDate": "2019-03-18",
        "acceptedDate": "2019-03-18 17:14:42",
        "calendarYear": "2018",
        "period": "Q4",
        "revenue": 4484000000,
        "costOfRevenue": 2843000000,
        "grossProfit": 1641000000,
        "grossProfitRatio": 0.3659678858,
        "researchAndDevelopmentExpenses": 0,
        "generalAndAdministrativeExpenses": 1306000000,
        "sellingAndMarketingExpenses": 2000000,
        "sellingGeneralAndAdministrativeExpenses": 1308000000,
        "otherExpenses": 0,
        "operatingExpenses": 1308000000,
        "costAndExpenses": 4151000000,
        "interestIncome": 15000000,
        "interestExpense": 23000000,
        "depreciationAndAmortization": 171000000,
        "ebitda": 504000000,
        "ebitdaratio": 0.1123996432,
        "operatingIncome": 333000000,
        "operatingIncomeRatio": 0.07426405,
        "totalOtherIncomeExpensesNet": -23000000,
        "incomeBeforeTax": 310000000,
        "incomeBeforeTaxRatio": 0.0691347012,
        "incomeTaxExpense": 62000000,
        "netIncome": 248000000,
        "netIncomeRatio": 0.0553077609,
        "eps": 1.5,
        "epsdiluted": 1.48,
        "weightedAverageShsOut": 164800000,
        "weightedAverageShsOutDil": 167100000,
        "link": "https://www.sec.gov/Archives/edgar/data/72333/000007233319000060/0000072333-19-000060-index.htm",
        "finalLink": "https://www.sec.gov/Archives/edgar/data/72333/000007233319000060/jwn-222019x10k.htm"
    },
    {
        "date": "2018-11-03",
        "symbol": "JWN",
        "reportedCurrency": "USD",
        "cik": "0000072333",
        "fillingDate": "2018-12-10",
        "acceptedDate": "2018-12-10 16:30:30",
        "calendarYear": "2018",
        "period": "Q3",
        "revenue": 3748000000,
        "costOfRevenue": 2435000000,
        "grossProfit": 1313000000,
        "grossProfitRatio": 0.3503201708,
        "researchAndDevelopmentExpenses": 0,
        "generalAndAdministrativeExpenses": 1208000000,
        "sellingAndMarketingExpenses": 0,
        "sellingGeneralAndAdministrativeExpenses": 1208000000,
        "otherExpenses": 0,
        "operatingExpenses": 1208000000,
        "costAndExpenses": 3643000000,
        "interestIncome": 0,
        "interestExpense": 25000000,
        "depreciationAndAmortization": 160000000,
        "ebitda": 265000000,
        "ebitdaratio": 0.0707043757,
        "operatingIncome": 105000000,
        "operatingIncomeRatio": 0.0280149413,
        "totalOtherIncomeExpensesNet": -25000000,
        "incomeBeforeTax": 80000000,
        "incomeBeforeTaxRatio": 0.0213447172,
        "incomeTaxExpense": 13000000,
        "netIncome": 67000000,
        "netIncomeRatio": 0.0178762006,
        "eps": 0.4,
        "epsdiluted": 0.39,
        "weightedAverageShsOut": 168800000,
        "weightedAverageShsOutDil": 172400000,
        "link": "https://www.sec.gov/Archives/edgar/data/72333/000007233318000181/0000072333-18-000181-index.htm",
        "finalLink": "https://www.sec.gov/Archives/edgar/data/72333/000007233318000181/jwn-q32018x10q.htm"
    },
    {
        "date": "2018-08-04",
        "symbol": "JWN",
        "reportedCurrency": "USD",
        "cik": "0000072333",
        "fillingDate": "2018-09-05",
        "acceptedDate": "2018-09-05 16:33:51",
        "calendarYear": "2018",
        "period": "Q2",
        "revenue": 4067000000,
        "costOfRevenue": 2589000000,
        "grossProfit": 1478000000,
        "grossProfitRatio": 0.363412835,
        "researchAndDevelopmentExpenses": 0,
        "generalAndAdministrativeExpenses": 1232000000,
        "sellingAndMarketingExpenses": 0,
        "sellingGeneralAndAdministrativeExpenses": 1232000000,
        "otherExpenses": 0,
        "operatingExpenses": 1232000000,
        "costAndExpenses": 3821000000,
        "interestIncome": 0,
        "interestExpense": 28000000,
        "depreciationAndAmortization": 169000000,
        "ebitda": 415000000,
        "ebitdaratio": 0.1020408163,
        "operatingIncome": 246000000,
        "operatingIncomeRatio": 0.0604868453,
        "totalOtherIncomeExpensesNet": -28000000,
        "incomeBeforeTax": 218000000,
        "incomeBeforeTaxRatio": 0.0536021638,
        "incomeTaxExpense": 56000000,
        "netIncome": 162000000,
        "netIncomeRatio": 0.0398328006,
        "eps": 0.97,
        "epsdiluted": 0.95,
        "weightedAverageShsOut": 167800000,
        "weightedAverageShsOutDil": 170300000,
        "link": "https://www.sec.gov/Archives/edgar/data/72333/000007233318000132/0000072333-18-000132-index.htm",
        "finalLink": "https://www.sec.gov/Archives/edgar/data/72333/000007233318000132/jwn-q22018x10q.htm"
    },
    {
        "date": "2018-05-05",
        "symbol": "JWN",
        "reportedCurrency": "USD",
        "cik": "0000072333",
        "fillingDate": "2018-06-07",
        "acceptedDate": "2018-06-07 16:37:38",
        "calendarYear": "2018",
        "period": "Q1",
        "revenue": 3561000000,
        "costOfRevenue": 2288000000,
        "grossProfit": 1273000000,
        "grossProfitRatio": 0.3574838529,
        "researchAndDevelopmentExpenses": 0,
        "generalAndAdministrativeExpenses": 1120000000,
        "sellingAndMarketingExpenses": 0,
        "sellingGeneralAndAdministrativeExpenses": 1120000000,
        "otherExpenses": 0,
        "operatingExpenses": 1120000000,
        "costAndExpenses": 3408000000,
        "interestIncome": 0,
        "interestExpense": 28000000,
        "depreciationAndAmortization": 169000000,
        "ebitda": 322000000,
        "ebitdaratio": 0.0904240382,
        "operatingIncome": 153000000,
        "operatingIncomeRatio": 0.0429654591,
        "totalOtherIncomeExpensesNet": -28000000,
        "incomeBeforeTax": 125000000,
        "incomeBeforeTaxRatio": 0.0351024993,
        "incomeTaxExpense": 38000000,
        "netIncome": 87000000,
        "netIncomeRatio": 0.0244313395,
        "eps": 0.52,
        "epsdiluted": 0.51,
        "weightedAverageShsOut": 167800000,
        "weightedAverageShsOutDil": 170200000,
        "link": "https://www.sec.gov/Archives/edgar/data/72333/000007233318000096/0000072333-18-000096-index.htm",
        "finalLink": "https://www.sec.gov/Archives/edgar/data/72333/000007233318000096/jwn-q12018x10q.htm"
    },
    {
        "date": "2018-02-03",
        "symbol": "JWN",
        "reportedCurrency": "USD",
        "cik": "0000072333",
        "fillingDate": "2018-03-19",
        "acceptedDate": "2018-03-19 16:43:52",
        "calendarYear": "2017",
        "period": "Q4",
        "revenue": 4702000000,
        "costOfRevenue": 2969000000,
        "grossProfit": 1733000000,
        "grossProfitRatio": 0.3685665674,
        "researchAndDevelopmentExpenses": 0,
        "generalAndAdministrativeExpenses": 1382000000,
        "sellingAndMarketingExpenses": 1000000,
        "sellingGeneralAndAdministrativeExpenses": 1383000000,
        "otherExpenses": 0,
        "operatingExpenses": 1383000000,
        "costAndExpenses": 4352000000,
        "interestIncome": 5000000,
        "interestExpense": 31000000,
        "depreciationAndAmortization": 187000000,
        "ebitda": 538000000,
        "ebitdaratio": 0.114419396,
        "operatingIncome": 351000000,
        "operatingIncomeRatio": 0.0746490855,
        "totalOtherIncomeExpensesNet": -32000000,
        "incomeBeforeTax": 319000000,
        "incomeBeforeTaxRatio": 0.0678434709,
        "incomeTaxExpense": 168000000,
        "netIncome": 151000000,
        "netIncomeRatio": 0.032113994,
        "eps": 0.9,
        "epsdiluted": 0.89,
        "weightedAverageShsOut": 166900000,
        "weightedAverageShsOutDil": 169400000,
        "link": "https://www.sec.gov/Archives/edgar/data/72333/000007233318000049/0000072333-18-000049-index.htm",
        "finalLink": "https://www.sec.gov/Archives/edgar/data/72333/000007233318000049/jwn-232018x10k.htm"
    },
    {
        "date": "2017-10-28",
        "symbol": "JWN",
        "reportedCurrency": "USD",
        "cik": "0000072333",
        "fillingDate": "2017-11-28",
        "acceptedDate": "2017-11-28 16:33:36",
        "calendarYear": "2017",
        "period": "Q3",
        "revenue": 3629000000,
        "costOfRevenue": 2315000000,
        "grossProfit": 1314000000,
        "grossProfitRatio": 0.3620832185,
        "researchAndDevelopmentExpenses": 0,
        "generalAndAdministrativeExpenses": 1106000000,
        "sellingAndMarketingExpenses": 0,
        "sellingGeneralAndAdministrativeExpenses": 1106000000,
        "otherExpenses": 0,
        "operatingExpenses": 1106000000,
        "costAndExpenses": 3421000000,
        "interestIncome": 0,
        "interestExpense": 28000000,
        "depreciationAndAmortization": 159000000,
        "ebitda": 367000000,
        "ebitdaratio": 0.1011297878,
        "operatingIncome": 208000000,
        "operatingIncomeRatio": 0.057316065,
        "totalOtherIncomeExpensesNet": -28000000,
        "incomeBeforeTax": 180000000,
        "incomeBeforeTaxRatio": 0.0496004409,
        "incomeTaxExpense": 66000000,
        "netIncome": 114000000,
        "netIncomeRatio": 0.0314136126,
        "eps": 0.68,
        "epsdiluted": 0.67,
        "weightedAverageShsOut": 166600000,
        "weightedAverageShsOutDil": 168800000,
        "link": "https://www.sec.gov/Archives/edgar/data/72333/000007233317000197/0000072333-17-000197-index.htm",
        "finalLink": "https://www.sec.gov/Archives/edgar/data/72333/000007233317000197/jwn-q32017x10q.htm"
    },
    {
        "date": "2017-07-29",
        "symbol": "JWN",
        "reportedCurrency": "USD",
        "cik": "0000072333",
        "fillingDate": "2017-08-29",
        "acceptedDate": "2017-08-29 16:44:35",
        "calendarYear": "2017",
        "period": "Q2",
        "revenue": 3793000000,
        "costOfRevenue": 2451000000,
        "grossProfit": 1342000000,
        "grossProfitRatio": 0.3538096494,
        "researchAndDevelopmentExpenses": 0,
        "generalAndAdministrativeExpenses": 1125000000,
        "sellingAndMarketingExpenses": 0,
        "sellingGeneralAndAdministrativeExpenses": 1125000000,
        "otherExpenses": 0,
        "operatingExpenses": 1125000000,
        "costAndExpenses": 3576000000,
        "interestIncome": 0,
        "interestExpense": 29000000,
        "depreciationAndAmortization": 159000000,
        "ebitda": 376000000,
        "ebitdaratio": 0.0991299763,
        "operatingIncome": 217000000,
        "operatingIncomeRatio": 0.0572106512,
        "totalOtherIncomeExpensesNet": -29000000,
        "incomeBeforeTax": 188000000,
        "incomeBeforeTaxRatio": 0.0495649881,
        "incomeTaxExpense": 78000000,
        "netIncome": 110000000,
        "netIncomeRatio": 0.0290007909,
        "eps": 0.66,
        "epsdiluted": 0.65,
        "weightedAverageShsOut": 166400000,
        "weightedAverageShsOutDil": 168500000,
        "link": "https://www.sec.gov/Archives/edgar/data/72333/000007233317000165/0000072333-17-000165-index.htm",
        "finalLink": "https://www.sec.gov/Archives/edgar/data/72333/000007233317000165/jwn-q22017x10q.htm"
    },
    {
        "date": "2017-04-29",
        "symbol": "JWN",
        "reportedCurrency": "USD",
        "cik": "0000072333",
        "fillingDate": "2017-05-31",
        "acceptedDate": "2017-05-31 16:36:24",
        "calendarYear": "2017",
        "period": "Q1",
        "revenue": 3354000000,
        "costOfRevenue": 2155000000,
        "grossProfit": 1199000000,
        "grossProfitRatio": 0.3574836017,
        "researchAndDevelopmentExpenses": 0,
        "generalAndAdministrativeExpenses": 1048000000,
        "sellingAndMarketingExpenses": 0,
        "sellingGeneralAndAdministrativeExpenses": 1048000000,
        "otherExpenses": 0,
        "operatingExpenses": 1048000000,
        "costAndExpenses": 3203000000,
        "interestIncome": 0,
        "interestExpense": 48000000,
        "depreciationAndAmortization": 161000000,
        "ebitda": 312000000,
        "ebitdaratio": 0.0930232558,
        "operatingIncome": 151000000,
        "operatingIncomeRatio": 0.0450208706,
        "totalOtherIncomeExpensesNet": -48000000,
        "incomeBeforeTax": 103000000,
        "incomeBeforeTaxRatio": 0.0307096005,
        "incomeTaxExpense": 40000000,
        "netIncome": 63000000,
        "netIncomeRatio": 0.018783542,
        "eps": 0.38,
        "epsdiluted": 0.37,
        "weightedAverageShsOut": 167300000,
        "weightedAverageShsOutDil": 169100000,
        "link": "https://www.sec.gov/Archives/edgar/data/72333/000007233317000117/0000072333-17-000117-index.htm",
        "finalLink": "https://www.sec.gov/Archives/edgar/data/72333/000007233317000117/jwn-q12017x10q.htm"
    },
    {
        "date": "2017-01-28",
        "symbol": "JWN",
        "reportedCurrency": "USD",
        "cik": "0000072333",
        "fillingDate": "2017-03-20",
        "acceptedDate": "2017-03-20 16:35:45",
        "calendarYear": "2016",
        "period": "Q4",
        "revenue": 4316000000,
        "costOfRevenue": 2720000000,
        "grossProfit": 1596000000,
        "grossProfitRatio": 0.3697868397,
        "researchAndDevelopmentExpenses": 0,
        "generalAndAdministrativeExpenses": 1172000000,
        "sellingAndMarketingExpenses": 0,
        "sellingGeneralAndAdministrativeExpenses": 1172000000,
        "otherExpenses": 0,
        "operatingExpenses": 1172000000,
        "costAndExpenses": 3892000000,
        "interestIncome": 1000000,
        "interestExpense": 31000000,
        "depreciationAndAmortization": 165000000,
        "ebitda": 589000000,
        "ebitdaratio": 0.1364689527,
        "operatingIncome": 424000000,
        "operatingIncomeRatio": 0.0982391103,
        "totalOtherIncomeExpensesNet": -31000000,
        "incomeBeforeTax": 393000000,
        "incomeBeforeTaxRatio": 0.0910565338,
        "incomeTaxExpense": 192000000,
        "netIncome": 201000000,
        "netIncomeRatio": 0.046570899,
        "eps": 1.17,
        "epsdiluted": 1.15,
        "weightedAverageShsOut": 172700000,
        "weightedAverageShsOutDil": 175700000,
        "link": "https://www.sec.gov/Archives/edgar/data/72333/000007233317000071/0000072333-17-000071-index.htm",
        "finalLink": "https://www.sec.gov/Archives/edgar/data/72333/000007233317000071/jwn-1282017x10k.htm"
    },
    {
        "date": "2016-10-29",
        "symbol": "JWN",
        "reportedCurrency": "USD",
        "cik": "0000072333",
        "fillingDate": "2016-11-29",
        "acceptedDate": "2016-11-29 16:47:45",
        "calendarYear": "2016",
        "period": "Q3",
        "revenue": 3542000000,
        "costOfRevenue": 2261000000,
        "grossProfit": 1281000000,
        "grossProfitRatio": 0.3616600791,
        "researchAndDevelopmentExpenses": 0,
        "generalAndAdministrativeExpenses": 1029000000,
        "sellingAndMarketingExpenses": 0,
        "sellingGeneralAndAdministrativeExpenses": 1029000000,
        "otherExpenses": 0,
        "operatingExpenses": 1029000000,
        "costAndExpenses": 3290000000,
        "interestIncome": 0,
        "interestExpense": 30000000,
        "depreciationAndAmortization": 161000000,
        "ebitda": 216000000,
        "ebitdaratio": 0.0609824958,
        "operatingIncome": 252000000,
        "operatingIncomeRatio": 0.0711462451,
        "totalOtherIncomeExpensesNet": -227000000,
        "incomeBeforeTax": 25000000,
        "incomeBeforeTaxRatio": 0.0070581592,
        "incomeTaxExpense": 35000000,
        "netIncome": -10000000,
        "netIncomeRatio": -0.0028232637,
        "eps": -0.06,
        "epsdiluted": -0.0577,
        "weightedAverageShsOut": 166666666,
        "weightedAverageShsOutDil": 173400000,
        "link": "https://www.sec.gov/Archives/edgar/data/72333/000007233316000400/0000072333-16-000400-index.htm",
        "finalLink": "https://www.sec.gov/Archives/edgar/data/72333/000007233316000400/jwn-q32016x10q.htm"
    },
    {
        "date": "2016-07-30",
        "symbol": "JWN",
        "reportedCurrency": "USD",
        "cik": "0000072333",
        "fillingDate": "2016-08-30",
        "acceptedDate": "2016-08-30 16:40:19",
        "calendarYear": "2016",
        "period": "Q2",
        "revenue": 3651000000,
        "costOfRevenue": 2359000000,
        "grossProfit": 1292000000,
        "grossProfitRatio": 0.3538756505,
        "researchAndDevelopmentExpenses": 0,
        "generalAndAdministrativeExpenses": 1071000000,
        "sellingAndMarketingExpenses": 0,
        "sellingGeneralAndAdministrativeExpenses": 1071000000,
        "otherExpenses": 0,
        "operatingExpenses": 1071000000,
        "costAndExpenses": 3430000000,
        "interestIncome": 0,
        "interestExpense": 30000000,
        "depreciationAndAmortization": 164000000,
        "ebitda": 385000000,
        "ebitdaratio": 0.1054505615,
        "operatingIncome": 221000000,
        "operatingIncomeRatio": 0.0605313613,
        "totalOtherIncomeExpensesNet": -30000000,
        "incomeBeforeTax": 191000000,
        "incomeBeforeTaxRatio": 0.0523144344,
        "incomeTaxExpense": 74000000,
        "netIncome": 117000000,
        "netIncomeRatio": 0.0320460148,
        "eps": 0.67,
        "epsdiluted": 0.67,
        "weightedAverageShsOut": 173500000,
        "weightedAverageShsOutDil": 174800000,
        "link": "https://www.sec.gov/Archives/edgar/data/72333/000007233316000371/0000072333-16-000371-index.htm",
        "finalLink": "https://www.sec.gov/Archives/edgar/data/72333/000007233316000371/jwn-q22016x10q.htm"
    },
    {
        "date": "2016-04-30",
        "symbol": "JWN",
        "reportedCurrency": "USD",
        "cik": "0000072333",
        "fillingDate": "2016-06-01",
        "acceptedDate": "2016-06-01 16:38:02",
        "calendarYear": "2016",
        "period": "Q1",
        "revenue": 3249000000,
        "costOfRevenue": 2100000000,
        "grossProfit": 1149000000,
        "grossProfitRatio": 0.3536472761,
        "researchAndDevelopmentExpenses": 0,
        "generalAndAdministrativeExpenses": 0,
        "sellingAndMarketingExpenses": 0,
        "sellingGeneralAndAdministrativeExpenses": 1043000000,
        "otherExpenses": 0,
        "operatingExpenses": 1043000000,
        "costAndExpenses": 3143000000,
        "interestIncome": 0,
        "interestExpense": 31000000,
        "depreciationAndAmortization": 155000000,
        "ebitda": 261000000,
        "ebitdaratio": 0.08033241,
        "operatingIncome": 106000000,
        "operatingIncomeRatio": 0.0326254232,
        "totalOtherIncomeExpensesNet": -31000000,
        "incomeBeforeTax": 75000000,
        "incomeBeforeTaxRatio": 0.0230840259,
        "incomeTaxExpense": 29000000,
        "netIncome": 46000000,
        "netIncomeRatio": 0.0141582025,
        "eps": 0.27,
        "epsdiluted": 0.26,
        "weightedAverageShsOut": 173100000,
        "weightedAverageShsOutDil": 175700000,
        "link": "https://www.sec.gov/Archives/edgar/data/72333/000007233316000304/0000072333-16-000304-index.htm",
        "finalLink": "https://www.sec.gov/Archives/edgar/data/72333/000007233316000304/jwn-q12016x10q.htm"
    },
    {
        "date": "2016-01-30",
        "symbol": "JWN",
        "reportedCurrency": "USD",
        "cik": "0000072333",
        "fillingDate": "2016-03-14",
        "acceptedDate": "2016-03-14 16:54:15",
        "calendarYear": "2015",
        "period": "Q4",
        "revenue": 4194000000,
        "costOfRevenue": 2700000000,
        "grossProfit": 1494000000,
        "grossProfitRatio": 0.356223176,
        "researchAndDevelopmentExpenses": 0,
        "generalAndAdministrativeExpenses": 1150000000,
        "sellingAndMarketingExpenses": 20000000,
        "sellingGeneralAndAdministrativeExpenses": 1170000000,
        "otherExpenses": 0,
        "operatingExpenses": 1170000000,
        "costAndExpenses": 3870000000,
        "interestIncome": 0,
        "interestExpense": 30000000,
        "depreciationAndAmortization": 152000000,
        "ebitda": 476000000,
        "ebitdaratio": 0.1134954697,
        "operatingIncome": 343000000,
        "operatingIncomeRatio": 0.0817835002,
        "totalOtherIncomeExpensesNet": -50000000,
        "incomeBeforeTax": 294000000,
        "incomeBeforeTaxRatio": 0.0701001431,
        "incomeTaxExpense": 114000000,
        "netIncome": 180000000,
        "netIncomeRatio": 0.0429184549,
        "eps": 1.01,
        "epsdiluted": 1,
        "weightedAverageShsOut": 178100000,
        "weightedAverageShsOutDil": 180700000,
        "link": "https://www.sec.gov/Archives/edgar/data/72333/000007233316000260/0000072333-16-000260-index.htm",
        "finalLink": "https://www.sec.gov/Archives/edgar/data/72333/000007233316000260/jwn-1302016x10k.htm"
    },
    {
        "date": "2015-10-31",
        "symbol": "JWN",
        "reportedCurrency": "USD",
        "cik": "0000072333",
        "fillingDate": "2015-12-01",
        "acceptedDate": "2015-12-01 16:44:45",
        "calendarYear": "2015",
        "period": "Q3",
        "revenue": 3328000000,
        "costOfRevenue": 2142000000,
        "grossProfit": 1186000000,
        "grossProfitRatio": 0.3563701923,
        "researchAndDevelopmentExpenses": 0,
        "generalAndAdministrativeExpenses": 0,
        "sellingAndMarketingExpenses": 0,
        "sellingGeneralAndAdministrativeExpenses": 999000000,
        "otherExpenses": 0,
        "operatingExpenses": 999000000,
        "costAndExpenses": 3141000000,
        "interestIncome": 0,
        "interestExpense": 30000000,
        "depreciationAndAmortization": 147000000,
        "ebitda": 334000000,
        "ebitdaratio": 0.1003605769,
        "operatingIncome": 187000000,
        "operatingIncomeRatio": 0.0561899038,
        "totalOtherIncomeExpensesNet": -30000000,
        "incomeBeforeTax": 125000000,
        "incomeBeforeTaxRatio": 0.0375600962,
        "incomeTaxExpense": 44000000,
        "netIncome": 81000000,
        "netIncomeRatio": 0.0243389423,
        "eps": 0.43,
        "epsdiluted": 0.42,
        "weightedAverageShsOut": 187200000,
        "weightedAverageShsOutDil": 191300000,
        "link": "https://www.sec.gov/Archives/edgar/data/72333/000007233315000182/0000072333-15-000182-index.htm",
        "finalLink": "https://www.sec.gov/Archives/edgar/data/72333/000007233315000182/jwn-q32015x10q.htm"
    },
    {
        "date": "2015-08-01",
        "symbol": "JWN",
        "reportedCurrency": "USD",
        "cik": "0000072333",
        "fillingDate": "2015-09-01",
        "acceptedDate": "2015-09-01 16:40:15",
        "calendarYear": "2015",
        "period": "Q2",
        "revenue": 3701000000,
        "costOfRevenue": 2327000000,
        "grossProfit": 1374000000,
        "grossProfitRatio": 0.3712510132,
        "researchAndDevelopmentExpenses": 0,
        "generalAndAdministrativeExpenses": 1048000000,
        "sellingAndMarketingExpenses": 0,
        "sellingGeneralAndAdministrativeExpenses": 1048000000,
        "otherExpenses": 0,
        "operatingExpenses": 1048000000,
        "costAndExpenses": 3375000000,
        "interestIncome": 0,
        "interestExpense": 32000000,
        "depreciationAndAmortization": 140000000,
        "ebitda": 466000000,
        "ebitdaratio": 0.1259119157,
        "operatingIncome": 326000000,
        "operatingIncomeRatio": 0.0880843015,
        "totalOtherIncomeExpensesNet": 19000000,
        "incomeBeforeTax": 345000000,
        "incomeBeforeTaxRatio": 0.0932180492,
        "incomeTaxExpense": 134000000,
        "netIncome": 211000000,
        "netIncomeRatio": 0.0570116185,
        "eps": 1.11,
        "epsdiluted": 1.09,
        "weightedAverageShsOut": 189400000,
        "weightedAverageShsOutDil": 193500000,
        "link": "https://www.sec.gov/Archives/edgar/data/72333/000007233315000131/0000072333-15-000131-index.htm",
        "finalLink": "https://www.sec.gov/Archives/edgar/data/72333/000007233315000131/jwn-q22015x10q.htm"
    },
    {
        "date": "2015-05-02",
        "symbol": "JWN",
        "reportedCurrency": "USD",
        "cik": "0000072333",
        "fillingDate": "2015-06-02",
        "acceptedDate": "2015-06-02 16:48:33",
        "calendarYear": "2015",
        "period": "Q1",
        "revenue": 3215000000,
        "costOfRevenue": 1999000000,
        "grossProfit": 1216000000,
        "grossProfitRatio": 0.3782270607,
        "researchAndDevelopmentExpenses": 0,
        "generalAndAdministrativeExpenses": 971000000,
        "sellingAndMarketingExpenses": 0,
        "sellingGeneralAndAdministrativeExpenses": 971000000,
        "otherExpenses": 0,
        "operatingExpenses": 971000000,
        "costAndExpenses": 2970000000,
        "interestIncome": 0,
        "interestExpense": 33000000,
        "depreciationAndAmortization": 137000000,
        "ebitda": 382000000,
        "ebitdaratio": 0.1188180404,
        "operatingIncome": 245000000,
        "operatingIncomeRatio": 0.0762052877,
        "totalOtherIncomeExpensesNet": -33000000,
        "incomeBeforeTax": 212000000,
        "incomeBeforeTaxRatio": 0.065940902,
        "incomeTaxExpense": 84000000,
        "netIncome": 128000000,
        "netIncomeRatio": 0.0398133748,
        "eps": 0.67,
        "epsdiluted": 0.66,
        "weightedAverageShsOut": 190600000,
        "weightedAverageShsOutDil": 194900000,
        "link": "https://www.sec.gov/Archives/edgar/data/72333/000007233315000097/0000072333-15-000097-index.htm",
        "finalLink": "https://www.sec.gov/Archives/edgar/data/72333/000007233315000097/jwn-q12015x10q.htm"
    },
    {
        "date": "2015-01-31",
        "symbol": "JWN",
        "reportedCurrency": "USD",
        "cik": "0000072333",
        "fillingDate": "2015-03-16",
        "acceptedDate": "2015-03-16 16:37:57",
        "calendarYear": "2014",
        "period": "Q4",
        "revenue": 4043000000,
        "costOfRevenue": 2494000000,
        "grossProfit": 1549000000,
        "grossProfitRatio": 0.3831313381,
        "researchAndDevelopmentExpenses": 0,
        "generalAndAdministrativeExpenses": 0,
        "sellingAndMarketingExpenses": 0,
        "sellingGeneralAndAdministrativeExpenses": 1084000000,
        "otherExpenses": 0,
        "operatingExpenses": 1084000000,
        "costAndExpenses": 3578000000,
        "interestIncome": 1000000,
        "interestExpense": 34000000,
        "depreciationAndAmortization": 132000000,
        "ebitda": 598000000,
        "ebitdaratio": 0.1479099678,
        "operatingIncome": 465000000,
        "operatingIncomeRatio": 0.1150136038,
        "totalOtherIncomeExpensesNet": -34000000,
        "incomeBeforeTax": 431000000,
        "incomeBeforeTaxRatio": 0.1066040069,
        "incomeTaxExpense": 176000000,
        "netIncome": 255000000,
        "netIncomeRatio": 0.0630719763,
        "eps": 1.35,
        "epsdiluted": 1.32,
        "weightedAverageShsOut": 189900000,
        "weightedAverageShsOutDil": 194300000,
        "link": "https://www.sec.gov/Archives/edgar/data/72333/000007233315000041/0000072333-15-000041-index.htm",
        "finalLink": "https://www.sec.gov/Archives/edgar/data/72333/000007233315000041/jwn-1312015x10k.htm"
    },
    {
        "date": "2014-11-01",
        "symbol": "JWN",
        "reportedCurrency": "USD",
        "cik": "0000072333",
        "fillingDate": "2014-12-02",
        "acceptedDate": "2014-12-02 16:30:14",
        "calendarYear": "2014",
        "period": "Q3",
        "revenue": 3140000000,
        "costOfRevenue": 1961000000,
        "grossProfit": 1179000000,
        "grossProfitRatio": 0.375477707,
        "researchAndDevelopmentExpenses": 0,
        "generalAndAdministrativeExpenses": 917000000,
        "sellingAndMarketingExpenses": 0,
        "sellingGeneralAndAdministrativeExpenses": 917000000,
        "otherExpenses": 0,
        "operatingExpenses": 917000000,
        "costAndExpenses": 2878000000,
        "interestIncome": 0,
        "interestExpense": 34000000,
        "depreciationAndAmortization": 132000000,
        "ebitda": 394000000,
        "ebitdaratio": 0.125477707,
        "operatingIncome": 262000000,
        "operatingIncomeRatio": 0.0834394904,
        "totalOtherIncomeExpensesNet": -34000000,
        "incomeBeforeTax": 228000000,
        "incomeBeforeTaxRatio": 0.072611465,
        "incomeTaxExpense": 86000000,
        "netIncome": 142000000,
        "netIncomeRatio": 0.0452229299,
        "eps": 0.74,
        "epsdiluted": 0.73,
        "weightedAverageShsOut": 190700000,
        "weightedAverageShsOutDil": 194700000,
        "link": "https://www.sec.gov/Archives/edgar/data/72333/000007233314000158/0000072333-14-000158-index.htm",
        "finalLink": "https://www.sec.gov/Archives/edgar/data/72333/000007233314000158/jwn-q32014x10q.htm"
    },
    {
        "date": "2014-08-02",
        "symbol": "JWN",
        "reportedCurrency": "USD",
        "cik": "0000072333",
        "fillingDate": "2014-09-02",
        "acceptedDate": "2014-09-02 16:07:43",
        "calendarYear": "2014",
        "period": "Q2",
        "revenue": 3392000000,
        "costOfRevenue": 2130000000,
        "grossProfit": 1262000000,
        "grossProfitRatio": 0.3720518868,
        "researchAndDevelopmentExpenses": 0,
        "generalAndAdministrativeExpenses": 931000000,
        "sellingAndMarketingExpenses": 0,
        "sellingGeneralAndAdministrativeExpenses": 931000000,
        "otherExpenses": 0,
        "operatingExpenses": 931000000,
        "costAndExpenses": 3061000000,
        "interestIncome": 0,
        "interestExpense": 35000000,
        "depreciationAndAmortization": 126000000,
        "ebitda": 457000000,
        "ebitdaratio": 0.1347287736,
        "operatingIncome": 331000000,
        "operatingIncomeRatio": 0.0975825472,
        "totalOtherIncomeExpensesNet": -35000000,
        "incomeBeforeTax": 296000000,
        "incomeBeforeTaxRatio": 0.0872641509,
        "incomeTaxExpense": 113000000,
        "netIncome": 183000000,
        "netIncomeRatio": 0.0539504717,
        "eps": 0.97,
        "epsdiluted": 0.95,
        "weightedAverageShsOut": 189600000,
        "weightedAverageShsOutDil": 192700000,
        "link": "https://www.sec.gov/Archives/edgar/data/72333/000007233314000140/0000072333-14-000140-index.htm",
        "finalLink": "https://www.sec.gov/Archives/edgar/data/72333/000007233314000140/jwn-q22014x10q.htm"
    },
    {
        "date": "2014-05-03",
        "symbol": "JWN",
        "reportedCurrency": "USD",
        "cik": "0000072333",
        "fillingDate": "2014-06-03",
        "acceptedDate": "2014-06-03 16:17:45",
        "calendarYear": "2014",
        "period": "Q1",
        "revenue": 2931000000,
        "costOfRevenue": 1822000000,
        "grossProfit": 1109000000,
        "grossProfitRatio": 0.3783691573,
        "researchAndDevelopmentExpenses": 0,
        "generalAndAdministrativeExpenses": 844000000,
        "sellingAndMarketingExpenses": 0,
        "sellingGeneralAndAdministrativeExpenses": 844000000,
        "otherExpenses": 0,
        "operatingExpenses": 844000000,
        "costAndExpenses": 2666000000,
        "interestIncome": 0,
        "interestExpense": 35000000,
        "depreciationAndAmortization": 118000000,
        "ebitda": 383000000,
        "ebitdaratio": 0.1306721256,
        "operatingIncome": 265000000,
        "operatingIncomeRatio": 0.0904128284,
        "totalOtherIncomeExpensesNet": -35000000,
        "incomeBeforeTax": 230000000,
        "incomeBeforeTaxRatio": 0.0784715114,
        "incomeTaxExpense": 90000000,
        "netIncome": 140000000,
        "netIncomeRatio": 0.0477652678,
        "eps": 0.74,
        "epsdiluted": 0.72,
        "weightedAverageShsOut": 189800000,
        "weightedAverageShsOutDil": 192700000,
        "link": "https://www.sec.gov/Archives/edgar/data/72333/000007233314000109/0000072333-14-000109-index.htm",
        "finalLink": "https://www.sec.gov/Archives/edgar/data/72333/000007233314000109/jwn-q12014x10q.htm"
    },
    {
        "date": "2014-02-01",
        "symbol": "JWN",
        "reportedCurrency": "USD",
        "cik": "0000072333",
        "fillingDate": "2014-03-17",
        "acceptedDate": "2014-03-17 16:37:22",
        "calendarYear": "2013",
        "period": "Q4",
        "revenue": 3711000000,
        "costOfRevenue": 2269000000,
        "grossProfit": 1442000000,
        "grossProfitRatio": 0.3885745082,
        "researchAndDevelopmentExpenses": 0,
        "generalAndAdministrativeExpenses": 955000000,
        "sellingAndMarketingExpenses": 0,
        "sellingGeneralAndAdministrativeExpenses": 955000000,
        "otherExpenses": 0,
        "operatingExpenses": 955000000,
        "costAndExpenses": 3224000000,
        "interestIncome": 1000000,
        "interestExpense": 50000000,
        "depreciationAndAmortization": 122000000,
        "ebitda": 610000000,
        "ebitdaratio": 0.1643761789,
        "operatingIncome": 487000000,
        "operatingIncomeRatio": 0.131231474,
        "totalOtherIncomeExpensesNet": -50000000,
        "incomeBeforeTax": 437000000,
        "incomeBeforeTaxRatio": 0.1177580167,
        "incomeTaxExpense": 169000000,
        "netIncome": 268000000,
        "netIncomeRatio": 0.0722177311,
        "eps": 1.39,
        "epsdiluted": 1.37,
        "weightedAverageShsOut": 192700000,
        "weightedAverageShsOutDil": 195800000,
        "link": "https://www.sec.gov/Archives/edgar/data/72333/000007233314000036/0000072333-14-000036-index.htm",
        "finalLink": "https://www.sec.gov/Archives/edgar/data/72333/000007233314000036/jwn-212014x10k.htm"
    },
    {
        "date": "2013-11-02",
        "symbol": "JWN",
        "reportedCurrency": "USD",
        "cik": "0000072333",
        "fillingDate": "2013-12-02",
        "acceptedDate": "2013-12-02 16:33:36",
        "calendarYear": "2013",
        "period": "Q3",
        "revenue": 2884000000,
        "costOfRevenue": 1791000000,
        "grossProfit": 1093000000,
        "grossProfitRatio": 0.3789875173,
        "researchAndDevelopmentExpenses": 0,
        "generalAndAdministrativeExpenses": 840000000,
        "sellingAndMarketingExpenses": 0,
        "sellingGeneralAndAdministrativeExpenses": 840000000,
        "otherExpenses": 0,
        "operatingExpenses": 840000000,
        "costAndExpenses": 2631000000,
        "interestIncome": 0,
        "interestExpense": 35000000,
        "depreciationAndAmortization": 112000000,
        "ebitda": 365000000,
        "ebitdaratio": 0.1265603329,
        "operatingIncome": 253000000,
        "operatingIncomeRatio": 0.0877253814,
        "totalOtherIncomeExpensesNet": -35000000,
        "incomeBeforeTax": 218000000,
        "incomeBeforeTaxRatio": 0.0755894591,
        "incomeTaxExpense": 81000000,
        "netIncome": 137000000,
        "netIncomeRatio": 0.0475034674,
        "eps": 0.7,
        "epsdiluted": 0.69,
        "weightedAverageShsOut": 194300000,
        "weightedAverageShsOutDil": 197300000,
        "link": "https://www.sec.gov/Archives/edgar/data/72333/000007233313000159/0000072333-13-000159-index.htm",
        "finalLink": "https://www.sec.gov/Archives/edgar/data/72333/000007233313000159/jwn-q32013x10q.htm"
    },
    {
        "date": "2013-08-03",
        "symbol": "JWN",
        "reportedCurrency": "USD",
        "cik": "0000072333",
        "fillingDate": "2013-09-03",
        "acceptedDate": "2013-09-03 16:25:22",
        "calendarYear": "2013",
        "period": "Q2",
        "revenue": 3196000000,
        "costOfRevenue": 2004000000,
        "grossProfit": 1192000000,
        "grossProfitRatio": 0.3729662078,
        "researchAndDevelopmentExpenses": 0,
        "generalAndAdministrativeExpenses": 857000000,
        "sellingAndMarketingExpenses": 0,
        "sellingGeneralAndAdministrativeExpenses": 857000000,
        "otherExpenses": 0,
        "operatingExpenses": 857000000,
        "costAndExpenses": 2861000000,
        "interestIncome": 0,
        "interestExpense": 37000000,
        "depreciationAndAmortization": 111000000,
        "ebitda": 446000000,
        "ebitdaratio": 0.1395494368,
        "operatingIncome": 335000000,
        "operatingIncomeRatio": 0.1048185232,
        "totalOtherIncomeExpensesNet": -37000000,
        "incomeBeforeTax": 298000000,
        "incomeBeforeTaxRatio": 0.0932415519,
        "incomeTaxExpense": 114000000,
        "netIncome": 184000000,
        "netIncomeRatio": 0.057571965,
        "eps": 0.94,
        "epsdiluted": 0.93,
        "weightedAverageShsOut": 195500000,
        "weightedAverageShsOutDil": 198800000,
        "link": "https://www.sec.gov/Archives/edgar/data/72333/000007233313000130/0000072333-13-000130-index.htm",
        "finalLink": "https://www.sec.gov/Archives/edgar/data/72333/000007233313000130/jwn-q22013x10q.htm"
    },
    {
        "date": "2013-05-04",
        "symbol": "JWN",
        "reportedCurrency": "USD",
        "cik": "0000072333",
        "fillingDate": "2013-06-04",
        "acceptedDate": "2013-06-04 16:27:23",
        "calendarYear": "2013",
        "period": "Q1",
        "revenue": 2749000000,
        "costOfRevenue": 1673000000,
        "grossProfit": 1076000000,
        "grossProfitRatio": 0.39141506,
        "researchAndDevelopmentExpenses": 0,
        "generalAndAdministrativeExpenses": 801000000,
        "sellingAndMarketingExpenses": 0,
        "sellingGeneralAndAdministrativeExpenses": 801000000,
        "otherExpenses": 0,
        "operatingExpenses": 801000000,
        "costAndExpenses": 2474000000,
        "interestIncome": 0,
        "interestExpense": 39000000,
        "depreciationAndAmortization": 109000000,
        "ebitda": 384000000,
        "ebitdaratio": 0.139687159,
        "operatingIncome": 275000000,
        "operatingIncomeRatio": 0.1000363769,
        "totalOtherIncomeExpensesNet": -39000000,
        "incomeBeforeTax": 236000000,
        "incomeBeforeTaxRatio": 0.0858493998,
        "incomeTaxExpense": 91000000,
        "netIncome": 145000000,
        "netIncomeRatio": 0.0527464533,
        "eps": 0.74,
        "epsdiluted": 0.73,
        "weightedAverageShsOut": 195600000,
        "weightedAverageShsOutDil": 199000000,
        "link": "https://www.sec.gov/Archives/edgar/data/72333/000007233313000096/0000072333-13-000096-index.htm",
        "finalLink": "https://www.sec.gov/Archives/edgar/data/72333/000007233313000096/jwn-q12013x10q.htm"
    },
    {
        "date": "2013-02-02",
        "symbol": "JWN",
        "reportedCurrency": "USD",
        "cik": "0000072333",
        "fillingDate": "2013-03-18",
        "acceptedDate": "2013-03-18 16:56:03",
        "calendarYear": "2012",
        "period": "Q4",
        "revenue": 3702000000,
        "costOfRevenue": 2239000000,
        "grossProfit": 1463000000,
        "grossProfitRatio": 0.3951917882,
        "researchAndDevelopmentExpenses": 0,
        "generalAndAdministrativeExpenses": 961000000,
        "sellingAndMarketingExpenses": 4000000,
        "sellingGeneralAndAdministrativeExpenses": 965000000,
        "otherExpenses": -4000000,
        "operatingExpenses": 965000000,
        "costAndExpenses": 3204000000,
        "interestIncome": 2000000,
        "interestExpense": 42000000,
        "depreciationAndAmortization": 115000000,
        "ebitda": 615000000,
        "ebitdaratio": 0.1661264182,
        "operatingIncome": 498000000,
        "operatingIncomeRatio": 0.1345218801,
        "totalOtherIncomeExpensesNet": -42000000,
        "incomeBeforeTax": 456000000,
        "incomeBeforeTaxRatio": 0.1231766613,
        "incomeTaxExpense": 172000000,
        "netIncome": 284000000,
        "netIncomeRatio": 0.076715289,
        "eps": 1.43,
        "epsdiluted": 1.4,
        "weightedAverageShsOut": 198900000,
        "weightedAverageShsOutDil": 202400000,
        "link": "https://www.sec.gov/Archives/edgar/data/72333/000007233313000039/0000072333-13-000039-index.htm",
        "finalLink": "https://www.sec.gov/Archives/edgar/data/72333/000007233313000039/jwn-222013x10k.htm"
    },
    {
        "date": "2012-10-27",
        "symbol": "JWN",
        "reportedCurrency": "USD",
        "cik": "0000072333",
        "fillingDate": "2012-12-03",
        "acceptedDate": "2012-12-03 16:40:19",
        "calendarYear": "2012",
        "period": "Q3",
        "revenue": 2808000000,
        "costOfRevenue": 1730000000,
        "grossProfit": 1078000000,
        "grossProfitRatio": 0.3839031339,
        "researchAndDevelopmentExpenses": 0,
        "generalAndAdministrativeExpenses": 798000000,
        "sellingAndMarketingExpenses": 3000000,
        "sellingGeneralAndAdministrativeExpenses": 801000000,
        "otherExpenses": -3000000,
        "operatingExpenses": 801000000,
        "costAndExpenses": 2531000000,
        "interestIncome": 0,
        "interestExpense": 38000000,
        "depreciationAndAmortization": 107000000,
        "ebitda": 378000000,
        "ebitdaratio": 0.1346153846,
        "operatingIncome": 277000000,
        "operatingIncomeRatio": 0.0986467236,
        "totalOtherIncomeExpensesNet": -38000000,
        "incomeBeforeTax": 239000000,
        "incomeBeforeTaxRatio": 0.0851139601,
        "incomeTaxExpense": 93000000,
        "netIncome": 146000000,
        "netIncomeRatio": 0.051994302,
        "eps": 0.73,
        "epsdiluted": 0.71,
        "weightedAverageShsOut": 200900000,
        "weightedAverageShsOutDil": 204700000,
        "link": "https://www.sec.gov/Archives/edgar/data/72333/000007233312000170/0000072333-12-000170-index.htm",
        "finalLink": "https://www.sec.gov/Archives/edgar/data/72333/000007233312000170/jwn-q32012x10q.htm"
    },
    {
        "date": "2012-07-28",
        "symbol": "JWN",
        "reportedCurrency": "USD",
        "cik": "0000072333",
        "fillingDate": "2012-08-27",
        "acceptedDate": "2012-08-27 16:47:17",
        "calendarYear": "2012",
        "period": "Q2",
        "revenue": 3009000000,
        "costOfRevenue": 1879000000,
        "grossProfit": 1130000000,
        "grossProfitRatio": 0.3755400465,
        "researchAndDevelopmentExpenses": 0,
        "generalAndAdministrativeExpenses": 837000000,
        "sellingAndMarketingExpenses": 3000000,
        "sellingGeneralAndAdministrativeExpenses": 840000000,
        "otherExpenses": -3000000,
        "operatingExpenses": 840000000,
        "costAndExpenses": 2719000000,
        "interestIncome": 0,
        "interestExpense": 40000000,
        "depreciationAndAmortization": 106000000,
        "ebitda": 396000000,
        "ebitdaratio": 0.1316051844,
        "operatingIncome": 290000000,
        "operatingIncomeRatio": 0.0963775341,
        "totalOtherIncomeExpensesNet": -40000000,
        "incomeBeforeTax": 250000000,
        "incomeBeforeTaxRatio": 0.0830840811,
        "incomeTaxExpense": 94000000,
        "netIncome": 156000000,
        "netIncomeRatio": 0.0518444666,
        "eps": 0.76,
        "epsdiluted": 0.75,
        "weightedAverageShsOut": 205200000,
        "weightedAverageShsOutDil": 208700000,
        "link": "https://www.sec.gov/Archives/edgar/data/72333/000007233312000140/0000072333-12-000140-index.htm",
        "finalLink": "https://www.sec.gov/Archives/edgar/data/72333/000007233312000140/jwn-q22012x10q.htm"
    },
    {
        "date": "2012-04-28",
        "symbol": "JWN",
        "reportedCurrency": "USD",
        "cik": "0000072333",
        "fillingDate": "2012-05-29",
        "acceptedDate": "2012-05-29 16:21:49",
        "calendarYear": "2012",
        "period": "Q1",
        "revenue": 2629000000,
        "costOfRevenue": 1584000000,
        "grossProfit": 1045000000,
        "grossProfitRatio": 0.3974895397,
        "researchAndDevelopmentExpenses": 0,
        "generalAndAdministrativeExpenses": 761000000,
        "sellingAndMarketingExpenses": 4000000,
        "sellingGeneralAndAdministrativeExpenses": 765000000,
        "otherExpenses": -4000000,
        "operatingExpenses": 765000000,
        "costAndExpenses": 2349000000,
        "interestIncome": 0,
        "interestExpense": 40000000,
        "depreciationAndAmortization": 101000000,
        "ebitda": 381000000,
        "ebitdaratio": 0.1449220236,
        "operatingIncome": 280000000,
        "operatingIncomeRatio": 0.1065043743,
        "totalOtherIncomeExpensesNet": -40000000,
        "incomeBeforeTax": 240000000,
        "incomeBeforeTaxRatio": 0.0912894637,
        "incomeTaxExpense": 91000000,
        "netIncome": 149000000,
        "netIncomeRatio": 0.056675542,
        "eps": 0.72,
        "epsdiluted": 0.7,
        "weightedAverageShsOut": 207300000,
        "weightedAverageShsOutDil": 211400000,
        "link": "https://www.sec.gov/Archives/edgar/data/72333/000007233312000115/0000072333-12-000115-index.htm",
        "finalLink": "https://www.sec.gov/Archives/edgar/data/72333/000007233312000115/jwn-502x2012x10q.htm"
    },
    {
        "date": "2012-01-28",
        "symbol": "JWN",
        "reportedCurrency": "USD",
        "cik": "0000072333",
        "fillingDate": "2012-03-16",
        "acceptedDate": "2012-03-16 16:03:29",
        "calendarYear": "2011",
        "period": "Q4",
        "revenue": 3266000000,
        "costOfRevenue": 1973000000,
        "grossProfit": 1293000000,
        "grossProfitRatio": 0.3958971219,
        "researchAndDevelopmentExpenses": 0,
        "generalAndAdministrativeExpenses": 859000000,
        "sellingAndMarketingExpenses": 17000000,
        "sellingGeneralAndAdministrativeExpenses": 876000000,
        "otherExpenses": 0,
        "operatingExpenses": 876000000,
        "costAndExpenses": 2849000000,
        "interestIncome": 0,
        "interestExpense": 38000000,
        "depreciationAndAmortization": 139000000,
        "ebitda": 556000000,
        "ebitdaratio": 0.1702388242,
        "operatingIncome": 417000000,
        "operatingIncomeRatio": 0.1276791182,
        "totalOtherIncomeExpensesNet": -38000000,
        "incomeBeforeTax": 379000000,
        "incomeBeforeTaxRatio": 0.1160440906,
        "incomeTaxExpense": 143000000,
        "netIncome": 236000000,
        "netIncomeRatio": 0.0722596448,
        "eps": 1.13,
        "epsdiluted": 1.11,
        "weightedAverageShsOut": 208200000,
        "weightedAverageShsOutDil": 212300000,
        "link": "https://www.sec.gov/Archives/edgar/data/72333/000119312512119641/0001193125-12-119641-index.htm",
        "finalLink": "https://www.sec.gov/Archives/edgar/data/72333/000119312512119641/d264543d10k.htm"
    },
    {
        "date": "2011-10-29",
        "symbol": "JWN",
        "reportedCurrency": "USD",
        "cik": "0000072333",
        "fillingDate": "2011-12-07",
        "acceptedDate": "2011-12-07 16:06:09",
        "calendarYear": "2011",
        "period": "Q3",
        "revenue": 2478000000,
        "costOfRevenue": 1511000000,
        "grossProfit": 967000000,
        "grossProfitRatio": 0.3902340597,
        "researchAndDevelopmentExpenses": 0,
        "generalAndAdministrativeExpenses": 727000000,
        "sellingAndMarketingExpenses": 0,
        "sellingGeneralAndAdministrativeExpenses": 727000000,
        "otherExpenses": 0,
        "operatingExpenses": 727000000,
        "costAndExpenses": 2238000000,
        "interestIncome": 0,
        "interestExpense": 31000000,
        "depreciationAndAmortization": 53000000,
        "ebitda": 293000000,
        "ebitdaratio": 0.1182405165,
        "operatingIncome": 240000000,
        "operatingIncomeRatio": 0.0968523002,
        "totalOtherIncomeExpensesNet": -31000000,
        "incomeBeforeTax": 209000000,
        "incomeBeforeTaxRatio": 0.0843422115,
        "incomeTaxExpense": 82000000,
        "netIncome": 127000000,
        "netIncomeRatio": 0.0512510089,
        "eps": 0.6,
        "epsdiluted": 0.59,
        "weightedAverageShsOut": 210900000,
        "weightedAverageShsOutDil": 215000000,
        "link": "https://www.sec.gov/Archives/edgar/data/72333/000119312511333582/0001193125-11-333582-index.htm",
        "finalLink": "https://www.sec.gov/Archives/edgar/data/72333/000119312511333582/d238150d10q.htm"
    },
    {
        "date": "2011-07-30",
        "symbol": "JWN",
        "reportedCurrency": "USD",
        "cik": "0000072333",
        "fillingDate": "2011-09-07",
        "acceptedDate": "2011-09-07 16:06:52",
        "calendarYear": "2011",
        "period": "Q2",
        "revenue": 2810000000,
        "costOfRevenue": 1723000000,
        "grossProfit": 1087000000,
        "grossProfitRatio": 0.3868327402,
        "researchAndDevelopmentExpenses": 0,
        "generalAndAdministrativeExpenses": 767000000,
        "sellingAndMarketingExpenses": 0,
        "sellingGeneralAndAdministrativeExpenses": 767000000,
        "otherExpenses": 0,
        "operatingExpenses": 767000000,
        "costAndExpenses": 2490000000,
        "interestIncome": 0,
        "interestExpense": 30000000,
        "depreciationAndAmortization": 107000000,
        "ebitda": 427000000,
        "ebitdaratio": 0.1519572954,
        "operatingIncome": 320000000,
        "operatingIncomeRatio": 0.1138790036,
        "totalOtherIncomeExpensesNet": -30000000,
        "incomeBeforeTax": 290000000,
        "incomeBeforeTaxRatio": 0.103202847,
        "incomeTaxExpense": 115000000,
        "netIncome": 175000000,
        "netIncomeRatio": 0.0622775801,
        "eps": 0.81,
        "epsdiluted": 0.8,
        "weightedAverageShsOut": 215900000,
        "weightedAverageShsOutDil": 220300000,
        "link": "https://www.sec.gov/Archives/edgar/data/72333/000119312511242325/0001193125-11-242325-index.htm",
        "finalLink": "https://www.sec.gov/Archives/edgar/data/72333/000119312511242325/d10q.htm"
    },
    {
        "date": "2011-04-30",
        "symbol": "JWN",
        "reportedCurrency": "USD",
        "cik": "0000072333",
        "fillingDate": "2011-06-08",
        "acceptedDate": "2011-06-08 16:05:52",
        "calendarYear": "2011",
        "period": "Q1",
        "revenue": 2323000000,
        "costOfRevenue": 1385000000,
        "grossProfit": 938000000,
        "grossProfitRatio": 0.4037882049,
        "researchAndDevelopmentExpenses": 0,
        "generalAndAdministrativeExpenses": 0,
        "sellingAndMarketingExpenses": 0,
        "sellingGeneralAndAdministrativeExpenses": 666000000,
        "otherExpenses": 0,
        "operatingExpenses": 666000000,
        "costAndExpenses": 2051000000,
        "interestIncome": 0,
        "interestExpense": 31000000,
        "depreciationAndAmortization": 72000000,
        "ebitda": 344000000,
        "ebitdaratio": 0.1480843737,
        "operatingIncome": 272000000,
        "operatingIncomeRatio": 0.1170899699,
        "totalOtherIncomeExpensesNet": -31000000,
        "incomeBeforeTax": 241000000,
        "incomeBeforeTaxRatio": 0.1037451571,
        "incomeTaxExpense": 96000000,
        "netIncome": 145000000,
        "netIncomeRatio": 0.0624192854,
        "eps": 0.66,
        "epsdiluted": 0.65,
        "weightedAverageShsOut": 219000000,
        "weightedAverageShsOutDil": 223300000,
        "link": "https://www.sec.gov/Archives/edgar/data/72333/000119312511161191/0001193125-11-161191-index.htm",
        "finalLink": "https://www.sec.gov/Archives/edgar/data/72333/000119312511161191/d10q.htm"
    },
    {
        "date": "2011-01-29",
        "symbol": "JWN",
        "reportedCurrency": "USD",
        "cik": "0000072333",
        "fillingDate": "2011-03-18",
        "acceptedDate": "2011-03-18 16:07:14",
        "calendarYear": "2010",
        "period": "Q4",
        "revenue": 2916000000,
        "costOfRevenue": 1758000000,
        "grossProfit": 1158000000,
        "grossProfitRatio": 0.3971193416,
        "researchAndDevelopmentExpenses": 0,
        "generalAndAdministrativeExpenses": 752000000,
        "sellingAndMarketingExpenses": 0,
        "sellingGeneralAndAdministrativeExpenses": 752000000,
        "otherExpenses": 0,
        "operatingExpenses": 752000000,
        "costAndExpenses": 2510000000,
        "interestIncome": 0,
        "interestExpense": 0,
        "depreciationAndAmortization": 123000000,
        "ebitda": 535000000,
        "ebitdaratio": 0.1834705075,
        "operatingIncome": 406000000,
        "operatingIncomeRatio": 0.1392318244,
        "totalOtherIncomeExpensesNet": -33000000,
        "incomeBeforeTax": 373000000,
        "incomeBeforeTaxRatio": 0.127914952,
        "incomeTaxExpense": 141000000,
        "netIncome": 232000000,
        "netIncomeRatio": 0.0795610425,
        "eps": 1.04,
        "epsdiluted": 1.04,
        "weightedAverageShsOut": 218500000,
        "weightedAverageShsOutDil": 222900000,
        "link": "https://www.sec.gov/Archives/edgar/data/72333/000119312511071211/0001193125-11-071211-index.htm",
        "finalLink": "https://www.sec.gov/Archives/edgar/data/72333/000119312511071211/d10k.htm"
    },
    {
        "date": "2010-10-30",
        "symbol": "JWN",
        "reportedCurrency": "USD",
        "cik": "0000072333",
        "fillingDate": "2010-12-08",
        "acceptedDate": "2010-12-08 16:06:17",
        "calendarYear": "2010",
        "period": "Q3",
        "revenue": 2182000000,
        "costOfRevenue": 1331000000,
        "grossProfit": 851000000,
        "grossProfitRatio": 0.3900091659,
        "researchAndDevelopmentExpenses": 0,
        "generalAndAdministrativeExpenses": 630000000,
        "sellingAndMarketingExpenses": 0,
        "sellingGeneralAndAdministrativeExpenses": 630000000,
        "otherExpenses": 0,
        "operatingExpenses": 630000000,
        "costAndExpenses": 1961000000,
        "interestIncome": 0,
        "interestExpense": 31000000,
        "depreciationAndAmortization": 69000000,
        "ebitda": 290000000,
        "ebitdaratio": 0.1329055912,
        "operatingIncome": 221000000,
        "operatingIncomeRatio": 0.1012832264,
        "totalOtherIncomeExpensesNet": -31000000,
        "incomeBeforeTax": 190000000,
        "incomeBeforeTaxRatio": 0.087076077,
        "incomeTaxExpense": 71000000,
        "netIncome": 119000000,
        "netIncomeRatio": 0.0545371219,
        "eps": 0.54,
        "epsdiluted": 0.53,
        "weightedAverageShsOut": 219000000,
        "weightedAverageShsOutDil": 222500000,
        "link": "https://www.sec.gov/Archives/edgar/data/72333/000119312510276629/0001193125-10-276629-index.htm",
        "finalLink": "https://www.sec.gov/Archives/edgar/data/72333/000119312510276629/d10q.htm"
    },
    {
        "date": "2010-07-31",
        "symbol": "JWN",
        "reportedCurrency": "USD",
        "cik": "0000072333",
        "fillingDate": "2010-09-08",
        "acceptedDate": "2010-09-08 16:06:54",
        "calendarYear": "2010",
        "period": "Q2",
        "revenue": 2515000000,
        "costOfRevenue": 1565000000,
        "grossProfit": 950000000,
        "grossProfitRatio": 0.3777335984,
        "researchAndDevelopmentExpenses": 0,
        "generalAndAdministrativeExpenses": 0,
        "sellingAndMarketingExpenses": 0,
        "sellingGeneralAndAdministrativeExpenses": 678000000,
        "otherExpenses": 0,
        "operatingExpenses": 678000000,
        "costAndExpenses": 2243000000,
        "interestIncome": 0,
        "interestExpense": 32000000,
        "depreciationAndAmortization": 71000000,
        "ebitda": 343000000,
        "ebitdaratio": 0.1363817097,
        "operatingIncome": 272000000,
        "operatingIncomeRatio": 0.1081510934,
        "totalOtherIncomeExpensesNet": -32000000,
        "incomeBeforeTax": 240000000,
        "incomeBeforeTaxRatio": 0.0954274354,
        "incomeTaxExpense": 94000000,
        "netIncome": 146000000,
        "netIncomeRatio": 0.0580516899,
        "eps": 0.67,
        "epsdiluted": 0.66,
        "weightedAverageShsOut": 219200000,
        "weightedAverageShsOutDil": 222800000,
        "link": "https://www.sec.gov/Archives/edgar/data/72333/000119312510206660/0001193125-10-206660-index.htm",
        "finalLink": "https://www.sec.gov/Archives/edgar/data/72333/000119312510206660/d10q.htm"
    },
    {
        "date": "2010-05-01",
        "symbol": "JWN",
        "reportedCurrency": "USD",
        "cik": "0000072333",
        "fillingDate": "2010-06-08",
        "acceptedDate": "2010-06-08 16:13:55",
        "calendarYear": "2010",
        "period": "Q1",
        "revenue": 2087000000,
        "costOfRevenue": 1243000000,
        "grossProfit": 844000000,
        "grossProfitRatio": 0.4044082415,
        "researchAndDevelopmentExpenses": 0,
        "generalAndAdministrativeExpenses": 625000000,
        "sellingAndMarketingExpenses": 0,
        "sellingGeneralAndAdministrativeExpenses": 625000000,
        "otherExpenses": 0,
        "operatingExpenses": 625000000,
        "costAndExpenses": 1868000000,
        "interestIncome": 0,
        "interestExpense": 31000000,
        "depreciationAndAmortization": 64000000,
        "ebitda": 283000000,
        "ebitdaratio": 0.1356013416,
        "operatingIncome": 219000000,
        "operatingIncomeRatio": 0.1049353138,
        "totalOtherIncomeExpensesNet": -31000000,
        "incomeBeforeTax": 188000000,
        "incomeBeforeTaxRatio": 0.0900814566,
        "incomeTaxExpense": 72000000,
        "netIncome": 116000000,
        "netIncomeRatio": 0.0555821754,
        "eps": 0.53,
        "epsdiluted": 0.52,
        "weightedAverageShsOut": 218400000,
        "weightedAverageShsOutDil": 222400000,
        "link": "https://www.sec.gov/Archives/edgar/data/72333/000119312510134925/0001193125-10-134925-index.htm",
        "finalLink": "https://www.sec.gov/Archives/edgar/data/72333/000119312510134925/d10q.htm"
    },
    {
        "date": "2010-01-30",
        "symbol": "JWN",
        "reportedCurrency": "USD",
        "cik": "0000072333",
        "fillingDate": "2010-03-22",
        "acceptedDate": "2010-03-22 14:24:25",
        "calendarYear": "2009",
        "period": "Q4",
        "revenue": 2640000000,
        "costOfRevenue": 1593000000,
        "grossProfit": 1047000000,
        "grossProfitRatio": 0.3965909091,
        "researchAndDevelopmentExpenses": 0,
        "generalAndAdministrativeExpenses": 737000000,
        "sellingAndMarketingExpenses": 0,
        "sellingGeneralAndAdministrativeExpenses": 737000000,
        "otherExpenses": 0,
        "operatingExpenses": 737000000,
        "costAndExpenses": 2330000000,
        "interestIncome": 0,
        "interestExpense": 0,
        "depreciationAndAmortization": 68000000,
        "ebitda": 388000000,
        "ebitdaratio": 0.146969697,
        "operatingIncome": 310000000,
        "operatingIncomeRatio": 0.1174242424,
        "totalOtherIncomeExpensesNet": -33000000,
        "incomeBeforeTax": 277000000,
        "incomeBeforeTaxRatio": 0.1049242424,
        "incomeTaxExpense": 105000000,
        "netIncome": 172000000,
        "netIncomeRatio": 0.0651515152,
        "eps": 0.78,
        "epsdiluted": 0.78,
        "weightedAverageShsOut": 217700000,
        "weightedAverageShsOutDil": 221700000,
        "link": "https://www.sec.gov/Archives/edgar/data/72333/000095012310026782/0000950123-10-026782-index.htm",
        "finalLink": "https://www.sec.gov/Archives/edgar/data/72333/000095012310026782/v54971e10vk.htm"
    },
    {
        "date": "2009-10-31",
        "symbol": "JWN",
        "reportedCurrency": "USD",
        "cik": "0000072333",
        "fillingDate": "2009-12-08",
        "acceptedDate": "2009-12-08 16:03:21",
        "calendarYear": "2009",
        "period": "Q3",
        "revenue": 1963000000,
        "costOfRevenue": 1210000000,
        "grossProfit": 753000000,
        "grossProfitRatio": 0.3835965359,
        "researchAndDevelopmentExpenses": 0,
        "generalAndAdministrativeExpenses": 0,
        "sellingAndMarketingExpenses": 0,
        "sellingGeneralAndAdministrativeExpenses": 581000000,
        "otherExpenses": 0,
        "operatingExpenses": 581000000,
        "costAndExpenses": 1791000000,
        "interestIncome": 0,
        "interestExpense": 38000000,
        "depreciationAndAmortization": 69000000,
        "ebitda": 241000000,
        "ebitdaratio": 0.1227712685,
        "operatingIncome": 172000000,
        "operatingIncomeRatio": 0.0876209883,
        "totalOtherIncomeExpensesNet": -38000000,
        "incomeBeforeTax": 134000000,
        "incomeBeforeTaxRatio": 0.068262863,
        "incomeTaxExpense": 51000000,
        "netIncome": 83000000,
        "netIncomeRatio": 0.0422822211,
        "eps": 0.38,
        "epsdiluted": 0.38,
        "weightedAverageShsOut": 217100000,
        "weightedAverageShsOutDil": 220700000,
        "link": "https://www.sec.gov/Archives/edgar/data/72333/000095012309069177/0000950123-09-069177-index.htm",
        "finalLink": "https://www.sec.gov/Archives/edgar/data/72333/000095012309069177/v54266e10vq.htm"
    },
    {
        "date": "2009-08-01",
        "symbol": "JWN",
        "reportedCurrency": "USD",
        "cik": "0000072333",
        "fillingDate": "2009-09-09",
        "acceptedDate": "2009-09-09 13:22:54",
        "calendarYear": "2009",
        "period": "Q2",
        "revenue": 2232000000,
        "costOfRevenue": 1418000000,
        "grossProfit": 814000000,
        "grossProfitRatio": 0.3646953405,
        "researchAndDevelopmentExpenses": 0,
        "generalAndAdministrativeExpenses": 77000000,
        "sellingAndMarketingExpenses": 531000000,
        "sellingGeneralAndAdministrativeExpenses": 608000000,
        "otherExpenses": 0,
        "operatingExpenses": 608000000,
        "costAndExpenses": 2026000000,
        "interestIncome": 0,
        "interestExpense": 36000000,
        "depreciationAndAmortization": 67000000,
        "ebitda": 206000000,
        "ebitdaratio": 0.0922939068,
        "operatingIncome": 206000000,
        "operatingIncomeRatio": 0.0922939068,
        "totalOtherIncomeExpensesNet": -36000000,
        "incomeBeforeTax": 170000000,
        "incomeBeforeTaxRatio": 0.0761648746,
        "incomeTaxExpense": 65000000,
        "netIncome": 105000000,
        "netIncomeRatio": 0.0470430108,
        "eps": 0.49,
        "epsdiluted": 0.48,
        "weightedAverageShsOut": 216500000,
        "weightedAverageShsOutDil": 218800000,
        "link": "https://www.sec.gov/Archives/edgar/data/72333/000095012309041984/0000950123-09-041984-index.htm",
        "finalLink": "https://www.sec.gov/Archives/edgar/data/72333/000095012309041984/v53370e10vq.htm"
    },
    {
        "date": "2009-05-02",
        "symbol": "JWN",
        "reportedCurrency": "USD",
        "cik": "0000072333",
        "fillingDate": "2009-06-09",
        "acceptedDate": "2009-06-09 15:09:04",
        "calendarYear": "2009",
        "period": "Q1",
        "revenue": 1792000000,
        "costOfRevenue": 1107000000,
        "grossProfit": 685000000,
        "grossProfitRatio": 0.3822544643,
        "researchAndDevelopmentExpenses": 0,
        "generalAndAdministrativeExpenses": 539000000,
        "sellingAndMarketingExpenses": 0,
        "sellingGeneralAndAdministrativeExpenses": 539000000,
        "otherExpenses": 0,
        "operatingExpenses": 539000000,
        "costAndExpenses": 1646000000,
        "interestIncome": 0,
        "interestExpense": 0,
        "depreciationAndAmortization": 67000000,
        "ebitda": 213000000,
        "ebitdaratio": 0.1188616071,
        "operatingIncome": 146000000,
        "operatingIncomeRatio": 0.0814732143,
        "totalOtherIncomeExpensesNet": -31000000,
        "incomeBeforeTax": 115000000,
        "incomeBeforeTaxRatio": 0.0641741071,
        "incomeTaxExpense": 34000000,
        "netIncome": 81000000,
        "netIncomeRatio": 0.0452008929,
        "eps": 0.38,
        "epsdiluted": 0.37,
        "weightedAverageShsOut": 215900000,
        "weightedAverageShsOutDil": 217400000,
        "link": "https://www.sec.gov/Archives/edgar/data/72333/000095012309012544/0000950123-09-012544-index.htm",
        "finalLink": "https://www.sec.gov/Archives/edgar/data/72333/000095012309012544/v52663e10vq.htm"
    },
    {
        "date": "2009-01-31",
        "symbol": "JWN",
        "reportedCurrency": "USD",
        "cik": "0000072333",
        "fillingDate": "2009-03-23",
        "acceptedDate": "2009-03-23 17:04:48",
        "calendarYear": "2008",
        "period": "Q4",
        "revenue": 2602000000,
        "costOfRevenue": 1565000000,
        "grossProfit": 1037000000,
        "grossProfitRatio": 0.3985395849,
        "researchAndDevelopmentExpenses": 0,
        "generalAndAdministrativeExpenses": 0,
        "sellingAndMarketingExpenses": 0,
        "sellingGeneralAndAdministrativeExpenses": 670000000,
        "otherExpenses": -9000000,
        "operatingExpenses": 661000000,
        "costAndExpenses": 2226000000,
        "interestIncome": 0,
        "interestExpense": 0,
        "depreciationAndAmortization": 59000000,
        "ebitda": 435000000,
        "ebitdaratio": 0.167179093,
        "operatingIncome": 376000000,
        "operatingIncomeRatio": 0.1445042275,
        "totalOtherIncomeExpensesNet": -253000000,
        "incomeBeforeTax": 123000000,
        "incomeBeforeTaxRatio": 0.0472713297,
        "incomeTaxExpense": 55000000,
        "netIncome": 68000000,
        "netIncomeRatio": 0.0261337433,
        "eps": 0.31,
        "epsdiluted": 0.31,
        "weightedAverageShsOut": 215700000,
        "weightedAverageShsOutDil": 218100000,
        "link": "https://www.sec.gov/Archives/edgar/data/72333/000095013409005871/0000950134-09-005871-index.htm",
        "finalLink": "https://www.sec.gov/Archives/edgar/data/72333/000095013409005871/v51634e10vk.htm"
    },
    {
        "date": "2008-11-01",
        "symbol": "JWN",
        "reportedCurrency": "USD",
        "cik": "0000072333",
        "fillingDate": "2008-12-09",
        "acceptedDate": "2008-12-09 14:50:57",
        "calendarYear": "2008",
        "period": "Q3",
        "revenue": 1805000000,
        "costOfRevenue": 1185000000,
        "grossProfit": 620000000,
        "grossProfitRatio": 0.3434903047,
        "researchAndDevelopmentExpenses": 0,
        "generalAndAdministrativeExpenses": 567000000,
        "sellingAndMarketingExpenses": 0,
        "sellingGeneralAndAdministrativeExpenses": 567000000,
        "otherExpenses": 0,
        "operatingExpenses": 567000000,
        "costAndExpenses": 1752000000,
        "interestIncome": 0,
        "interestExpense": 0,
        "depreciationAndAmortization": 96000000,
        "ebitda": 193000000,
        "ebitdaratio": 0.1069252078,
        "operatingIncome": 53000000,
        "operatingIncomeRatio": 0.0293628809,
        "totalOtherIncomeExpensesNet": 41000000,
        "incomeBeforeTax": 94000000,
        "incomeBeforeTaxRatio": 0.0520775623,
        "incomeTaxExpense": 23000000,
        "netIncome": 71000000,
        "netIncomeRatio": 0.0393351801,
        "eps": 0.33,
        "epsdiluted": 0.33,
        "weightedAverageShsOut": 215600000,
        "weightedAverageShsOutDil": 218100000,
        "link": "https://www.sec.gov/Archives/edgar/data/72333/000095013408021854/0000950134-08-021854-index.htm",
        "finalLink": "https://www.sec.gov/Archives/edgar/data/72333/000095013408021854/v50777e10vq.htm"
    },
    {
        "date": "2008-08-02",
        "symbol": "JWN",
        "reportedCurrency": "USD",
        "cik": "0000072333",
        "fillingDate": "2008-09-10",
        "acceptedDate": "2008-09-10 14:47:56",
        "calendarYear": "2008",
        "period": "Q2",
        "revenue": 2287000000,
        "costOfRevenue": 1488000000,
        "grossProfit": 799000000,
        "grossProfitRatio": 0.3493659816,
        "researchAndDevelopmentExpenses": 0,
        "generalAndAdministrativeExpenses": 602000000,
        "sellingAndMarketingExpenses": 2000000,
        "sellingGeneralAndAdministrativeExpenses": 604000000,
        "otherExpenses": -2000000,
        "operatingExpenses": 604000000,
        "costAndExpenses": 2092000000,
        "interestIncome": 0,
        "interestExpense": 0,
        "depreciationAndAmortization": 64000000,
        "ebitda": 333000000,
        "ebitdaratio": 0.1456055969,
        "operatingIncome": 195000000,
        "operatingIncomeRatio": 0.0852645387,
        "totalOtherIncomeExpensesNet": 74000000,
        "incomeBeforeTax": 269000000,
        "incomeBeforeTaxRatio": 0.117621338,
        "incomeTaxExpense": 92000000,
        "netIncome": 143000000,
        "netIncomeRatio": 0.0625273284,
        "eps": 0.66,
        "epsdiluted": 0.65,
        "weightedAverageShsOut": 216500000,
        "weightedAverageShsOutDil": 219500000,
        "link": "https://www.sec.gov/Archives/edgar/data/72333/000095013408016412/0000950134-08-016412-index.htm",
        "finalLink": "https://www.sec.gov/Archives/edgar/data/72333/000095013408016412/v43545e10vq.htm"
    },
    {
        "date": "2008-05-03",
        "symbol": "JWN",
        "reportedCurrency": "USD",
        "cik": "0000072333",
        "fillingDate": "2008-06-10",
        "acceptedDate": "2008-06-10 16:17:17",
        "calendarYear": "2008",
        "period": "Q1",
        "revenue": 1879000000,
        "costOfRevenue": 1179000000,
        "grossProfit": 700000000,
        "grossProfitRatio": 0.3725385844,
        "researchAndDevelopmentExpenses": 0,
        "generalAndAdministrativeExpenses": 543000000,
        "sellingAndMarketingExpenses": 2000000,
        "sellingGeneralAndAdministrativeExpenses": 545000000,
        "otherExpenses": -2000000,
        "operatingExpenses": 545000000,
        "costAndExpenses": 1724000000,
        "interestIncome": 0,
        "interestExpense": 0,
        "depreciationAndAmortization": 62000000,
        "ebitda": 289000000,
        "ebitdaratio": 0.1538052155,
        "operatingIncome": 155000000,
        "operatingIncomeRatio": 0.0824906865,
        "totalOtherIncomeExpensesNet": 41000000,
        "incomeBeforeTax": 196000000,
        "incomeBeforeTaxRatio": 0.1043108036,
        "incomeTaxExpense": 77000000,
        "netIncome": 119000000,
        "netIncomeRatio": 0.0633315593,
        "eps": 0.54,
        "epsdiluted": 0.54,
        "weightedAverageShsOut": 218600000,
        "weightedAverageShsOutDil": 221700000,
        "link": "https://www.sec.gov/Archives/edgar/data/72333/000095013408011021/0000950134-08-011021-index.htm",
        "finalLink": "https://www.sec.gov/Archives/edgar/data/72333/000095013408011021/v40496e10vq.htm"
    },
    {
        "date": "2008-02-02",
        "symbol": "JWN",
        "reportedCurrency": "USD",
        "cik": "0000072333",
        "fillingDate": "2008-03-21",
        "acceptedDate": "2008-03-21 15:56:41",
        "calendarYear": "2007",
        "period": "Q4",
        "revenue": 2514186000,
        "costOfRevenue": 1568822000,
        "grossProfit": 945364000,
        "grossProfitRatio": 0.3760119577,
        "researchAndDevelopmentExpenses": 0,
        "generalAndAdministrativeExpenses": 637200000,
        "sellingAndMarketingExpenses": 20000,
        "sellingGeneralAndAdministrativeExpenses": 637220000,
        "otherExpenses": -20000,
        "operatingExpenses": 637220000,
        "costAndExpenses": 2206042000,
        "interestIncome": 0,
        "interestExpense": 0,
        "depreciationAndAmortization": 60667000,
        "ebitda": 368811000,
        "ebitdaratio": 0.1466920109,
        "operatingIncome": 308144000,
        "operatingIncomeRatio": 0.1225621334,
        "totalOtherIncomeExpensesNet": 46560000,
        "incomeBeforeTax": 354704000,
        "incomeBeforeTaxRatio": 0.1410810497,
        "incomeTaxExpense": 142655000,
        "netIncome": 212049000,
        "netIncomeRatio": 0.0843410153,
        "eps": 0.92,
        "epsdiluted": 0.92,
        "weightedAverageShsOut": 228708000,
        "weightedAverageShsOutDil": 231600000,
        "link": "https://www.sec.gov/Archives/edgar/data/72333/000095013408005196/0000950134-08-005196-index.htm",
        "finalLink": "https://www.sec.gov/Archives/edgar/data/72333/000095013408005196/v39073e10vk.htm"
    },
    {
        "date": "2007-11-03",
        "symbol": "JWN",
        "reportedCurrency": "USD",
        "cik": "0000072333",
        "fillingDate": "2007-12-06",
        "acceptedDate": "2007-12-06 16:56:36",
        "calendarYear": "2007",
        "period": "Q3",
        "revenue": 1970444000,
        "costOfRevenue": 1228506000,
        "grossProfit": 741938000,
        "grossProfitRatio": 0.3765334107,
        "researchAndDevelopmentExpenses": 0,
        "generalAndAdministrativeExpenses": 552600000,
        "sellingAndMarketingExpenses": 32000,
        "sellingGeneralAndAdministrativeExpenses": 552632000,
        "otherExpenses": 0,
        "operatingExpenses": 552632000,
        "costAndExpenses": 1781138000,
        "interestIncome": 0,
        "interestExpense": 0,
        "depreciationAndAmortization": 56601000,
        "ebitda": 245639000,
        "ebitdaratio": 0.1246617514,
        "operatingIncome": 223200000,
        "operatingIncomeRatio": 0.1132739626,
        "totalOtherIncomeExpensesNet": 48371000,
        "incomeBeforeTax": 271602000,
        "incomeBeforeTaxRatio": 0.1378379695,
        "incomeTaxExpense": 105878000,
        "netIncome": 165724000,
        "netIncomeRatio": 0.0841049022,
        "eps": 0.69,
        "epsdiluted": 0.68,
        "weightedAverageShsOut": 241521000,
        "weightedAverageShsOutDil": 245344000,
        "link": "https://www.sec.gov/Archives/edgar/data/72333/000095013407025032/0000950134-07-025032-index.htm",
        "finalLink": "https://www.sec.gov/Archives/edgar/data/72333/000095013407025032/v36114e10vq.htm"
    },
    {
        "date": "2007-08-04",
        "symbol": "JWN",
        "reportedCurrency": "USD",
        "cik": "0000072333",
        "fillingDate": "2007-09-12",
        "acceptedDate": "2007-09-12 13:34:14",
        "calendarYear": "2007",
        "period": "Q2",
        "revenue": 2389498000,
        "costOfRevenue": 1513920000,
        "grossProfit": 875578000,
        "grossProfitRatio": 0.3664275927,
        "researchAndDevelopmentExpenses": 0,
        "generalAndAdministrativeExpenses": 636100000,
        "sellingAndMarketingExpenses": 34000,
        "sellingGeneralAndAdministrativeExpenses": 636134000,
        "otherExpenses": 65999,
        "operatingExpenses": 636134000,
        "costAndExpenses": 2150054000,
        "interestIncome": 0,
        "interestExpense": 0,
        "depreciationAndAmortization": 55372000,
        "ebitda": 295000000,
        "ebitdaratio": 0.1234568935,
        "operatingIncome": 239444000,
        "operatingIncomeRatio": 0.1002068217,
        "totalOtherIncomeExpensesNet": 53505000,
        "incomeBeforeTax": 292949000,
        "incomeBeforeTaxRatio": 0.1225985542,
        "incomeTaxExpense": 112519000,
        "netIncome": 180430000,
        "netIncomeRatio": 0.075509584,
        "eps": 0.72,
        "epsdiluted": 0.71,
        "weightedAverageShsOut": 251000000,
        "weightedAverageShsOutDil": 255400000,
        "link": "https://www.sec.gov/Archives/edgar/data/72333/000095013407019873/0000950134-07-019873-index.htm",
        "finalLink": "https://www.sec.gov/Archives/edgar/data/72333/000095013407019873/v33650e10vq.htm"
    },
    {
        "date": "2007-05-05",
        "symbol": "JWN",
        "reportedCurrency": "USD",
        "cik": "0000072333",
        "fillingDate": "2007-06-08",
        "acceptedDate": "2007-06-08 15:56:29",
        "calendarYear": "2007",
        "period": "Q1",
        "revenue": 1953872000,
        "costOfRevenue": 1214752000,
        "grossProfit": 739120000,
        "grossProfitRatio": 0.3782847597,
        "researchAndDevelopmentExpenses": 0,
        "generalAndAdministrativeExpenses": 534000000,
        "sellingAndMarketingExpenses": 14000,
        "sellingGeneralAndAdministrativeExpenses": 534014000,
        "otherExpenses": -14000,
        "operatingExpenses": 534014000,
        "costAndExpenses": 1748766000,
        "interestIncome": 0,
        "interestExpense": 0,
        "depreciationAndAmortization": 60360000,
        "ebitda": 265000000,
        "ebitdaratio": 0.1356281271,
        "operatingIncome": 205106000,
        "operatingIncomeRatio": 0.1049741232,
        "totalOtherIncomeExpensesNet": 48894000,
        "incomeBeforeTax": 253745000,
        "incomeBeforeTaxRatio": 0.1298677703,
        "incomeTaxExpense": 96948000,
        "netIncome": 156797000,
        "netIncomeRatio": 0.0802493715,
        "eps": 0.61,
        "epsdiluted": 0.6,
        "weightedAverageShsOut": 257900000,
        "weightedAverageShsOutDil": 262700000,
        "link": "https://www.sec.gov/Archives/edgar/data/72333/000095013407013148/0000950134-07-013148-index.htm",
        "finalLink": "https://www.sec.gov/Archives/edgar/data/72333/000095013407013148/v30969e10vq.htm"
    },
    {
        "date": "2007-02-03",
        "symbol": "JWN",
        "reportedCurrency": "USD",
        "cik": "0000072333",
        "fillingDate": "2007-03-23",
        "acceptedDate": "2007-03-23 15:33:27",
        "calendarYear": "2006",
        "period": "Q4",
        "revenue": 2630904000,
        "costOfRevenue": 1624190000,
        "grossProfit": 1006714000,
        "grossProfitRatio": 0.3826494619,
        "researchAndDevelopmentExpenses": 0,
        "generalAndAdministrativeExpenses": 684900000,
        "sellingAndMarketingExpenses": -19000,
        "sellingGeneralAndAdministrativeExpenses": 684881000,
        "otherExpenses": 18999,
        "operatingExpenses": 684881000,
        "costAndExpenses": 2309071000,
        "interestIncome": 0,
        "interestExpense": 0,
        "depreciationAndAmortization": 67666000,
        "ebitda": 389499000,
        "ebitdaratio": 0.1480475912,
        "operatingIncome": 321833000,
        "operatingIncomeRatio": 0.1223279147,
        "totalOtherIncomeExpensesNet": 57212000,
        "incomeBeforeTax": 379045000,
        "incomeBeforeTaxRatio": 0.1440740521,
        "incomeTaxExpense": 146704000,
        "netIncome": 232341000,
        "netIncomeRatio": 0.0883122303,
        "eps": 0.89,
        "epsdiluted": 0.89,
        "weightedAverageShsOut": 258240000,
        "weightedAverageShsOutDil": 262200000,
        "link": "https://www.sec.gov/Archives/edgar/data/72333/000095013407006483/0000950134-07-006483-index.htm",
        "finalLink": "https://www.sec.gov/Archives/edgar/data/72333/000095013407006483/v28408e10vk.htm"
    },
    {
        "date": "2006-10-28",
        "symbol": "JWN",
        "reportedCurrency": "USD",
        "cik": "0000072333",
        "fillingDate": "2006-12-05",
        "acceptedDate": "2006-12-05 15:49:23",
        "calendarYear": "2006",
        "period": "Q3",
        "revenue": 1872103000,
        "costOfRevenue": 1160123000,
        "grossProfit": 711980000,
        "grossProfitRatio": 0.3803102714,
        "researchAndDevelopmentExpenses": 0,
        "generalAndAdministrativeExpenses": 538200000,
        "sellingAndMarketingExpenses": 10000,
        "sellingGeneralAndAdministrativeExpenses": 538210000,
        "otherExpenses": -10000,
        "operatingExpenses": 538210000,
        "costAndExpenses": 1698333000,
        "interestIncome": 0,
        "interestExpense": 0,
        "depreciationAndAmortization": 58209000,
        "ebitda": 173770000,
        "ebitdaratio": 0.0928207476,
        "operatingIncome": 173770000,
        "operatingIncomeRatio": 0.0928207476,
        "totalOtherIncomeExpensesNet": 47400000,
        "incomeBeforeTax": 221170000,
        "incomeBeforeTaxRatio": 0.1181398673,
        "incomeTaxExpense": 85497000,
        "netIncome": 135673000,
        "netIncomeRatio": 0.0724709057,
        "eps": 0.53,
        "epsdiluted": 0.52,
        "weightedAverageShsOut": 256757000,
        "weightedAverageShsOutDil": 261616000,
        "link": "https://www.sec.gov/Archives/edgar/data/72333/000095012406007316/0000950124-06-007316-index.htm",
        "finalLink": "https://www.sec.gov/Archives/edgar/data/72333/000095012406007316/v25551e10vq.htm"
    },
    {
        "date": "2006-07-29",
        "symbol": "JWN",
        "reportedCurrency": "USD",
        "cik": "0000072333",
        "fillingDate": "2006-08-31",
        "acceptedDate": "2006-08-31 14:36:27",
        "calendarYear": "2006",
        "period": "Q2",
        "revenue": 2270468000,
        "costOfRevenue": 1446633000,
        "grossProfit": 823835000,
        "grossProfitRatio": 0.3628481,
        "researchAndDevelopmentExpenses": 0,
        "generalAndAdministrativeExpenses": 579600000,
        "sellingAndMarketingExpenses": -48000,
        "sellingGeneralAndAdministrativeExpenses": 579552000,
        "otherExpenses": 48000,
        "operatingExpenses": 579552000,
        "costAndExpenses": 2026185000,
        "interestIncome": 0,
        "interestExpense": 0,
        "depreciationAndAmortization": 60604000,
        "ebitda": 244283000,
        "ebitdaratio": 0.1075914745,
        "operatingIncome": 244283000,
        "operatingIncomeRatio": 0.1075914745,
        "totalOtherIncomeExpensesNet": 48068000,
        "incomeBeforeTax": 292351000,
        "incomeBeforeTaxRatio": 0.1287624402,
        "incomeTaxExpense": 113597000,
        "netIncome": 178754000,
        "netIncomeRatio": 0.0787300239,
        "eps": 0.68,
        "epsdiluted": 0.67,
        "weightedAverageShsOut": 261512000,
        "weightedAverageShsOutDil": 266226000,
        "link": "https://www.sec.gov/Archives/edgar/data/72333/000095012406004960/0000950124-06-004960-index.htm",
        "finalLink": "https://www.sec.gov/Archives/edgar/data/72333/000095012406004960/v23357e10vq.htm"
    },
    {
        "date": "2006-04-29",
        "symbol": "JWN",
        "reportedCurrency": "USD",
        "cik": "0000072333",
        "fillingDate": "2006-06-06",
        "acceptedDate": "2006-06-06 16:35:48",
        "calendarYear": "2006",
        "period": "Q1",
        "revenue": 1787223000,
        "costOfRevenue": 1123003000,
        "grossProfit": 664220000,
        "grossProfitRatio": 0.371649201,
        "researchAndDevelopmentExpenses": 0,
        "generalAndAdministrativeExpenses": 494200000,
        "sellingAndMarketingExpenses": 20000,
        "sellingGeneralAndAdministrativeExpenses": 494220000,
        "otherExpenses": -19999.999999940395,
        "operatingExpenses": 494220000,
        "costAndExpenses": 1617223000,
        "interestIncome": 0,
        "interestExpense": 0,
        "depreciationAndAmortization": 61748000,
        "ebitda": 231748000,
        "ebitdaratio": 0.129669325,
        "operatingIncome": 170000000,
        "operatingIncomeRatio": 0.0951196353,
        "totalOtherIncomeExpensesNet": 43087000,
        "incomeBeforeTax": 213087000,
        "incomeBeforeTaxRatio": 0.1192279867,
        "incomeTaxExpense": 81856000,
        "netIncome": 131231000,
        "netIncomeRatio": 0.0734273227,
        "eps": 0.49,
        "epsdiluted": 0.48,
        "weightedAverageShsOut": 267490000,
        "weightedAverageShsOutDil": 272831000,
        "link": "https://www.sec.gov/Archives/edgar/data/72333/000007233306000149/0000072333-06-000149-index.htm",
        "finalLink": "https://www.sec.gov/Archives/edgar/data/72333/000007233306000149/ni10q060606.txt"
    },
    {
        "date": "2006-01-28",
        "symbol": "JWN",
        "reportedCurrency": "USD",
        "cik": "0000072333",
        "fillingDate": "2006-03-24",
        "acceptedDate": "2006-03-24 15:06:06",
        "calendarYear": "2005",
        "period": "Q4",
        "revenue": 2295818000,
        "costOfRevenue": 1435891000,
        "grossProfit": 859927000,
        "grossProfitRatio": 0.3745623564,
        "researchAndDevelopmentExpenses": 0,
        "generalAndAdministrativeExpenses": 602300000,
        "sellingAndMarketingExpenses": -20000,
        "sellingGeneralAndAdministrativeExpenses": 602280000,
        "otherExpenses": 20000,
        "operatingExpenses": 602280000,
        "costAndExpenses": 2038171000,
        "interestIncome": 0,
        "interestExpense": 0,
        "depreciationAndAmortization": 62813000,
        "ebitda": 320460000,
        "ebitdaratio": 0.1395842353,
        "operatingIncome": 257647000,
        "operatingIncomeRatio": 0.1122244882,
        "totalOtherIncomeExpensesNet": 49793000,
        "incomeBeforeTax": 307440000,
        "incomeBeforeTaxRatio": 0.1339130541,
        "incomeTaxExpense": 117010000,
        "netIncome": 190430000,
        "netIncomeRatio": 0.0829464705,
        "eps": 0.69,
        "epsdiluted": 0.69,
        "weightedAverageShsOut": 269783000,
        "weightedAverageShsOutDil": 275700000,
        "link": "https://www.sec.gov/Archives/edgar/data/72333/000095012406001459/0000950124-06-001459-index.htm",
        "finalLink": "https://www.sec.gov/Archives/edgar/data/72333/000095012406001459/v18665e10vk.htm"
    },
    {
        "date": "2005-10-29",
        "symbol": "JWN",
        "reportedCurrency": "USD",
        "cik": "0000072333",
        "fillingDate": "2005-11-30",
        "acceptedDate": "2005-11-30 16:07:59",
        "calendarYear": "2005",
        "period": "Q3",
        "revenue": 1666130000,
        "costOfRevenue": 1058452000,
        "grossProfit": 607678000,
        "grossProfitRatio": 0.3647242412,
        "researchAndDevelopmentExpenses": 0,
        "generalAndAdministrativeExpenses": 481800000,
        "sellingAndMarketingExpenses": -32000,
        "sellingGeneralAndAdministrativeExpenses": 481768000,
        "otherExpenses": -67999.9999999404,
        "operatingExpenses": 481768000,
        "costAndExpenses": 1540220000,
        "interestIncome": 0,
        "interestExpense": 0,
        "depreciationAndAmortization": 58393000,
        "ebitda": 184303000,
        "ebitdaratio": 0.1106174188,
        "operatingIncome": 125910000,
        "operatingIncomeRatio": 0.0755703336,
        "totalOtherIncomeExpensesNet": 37102000,
        "incomeBeforeTax": 163012000,
        "incomeBeforeTaxRatio": 0.0978387041,
        "incomeTaxExpense": 55559000,
        "netIncome": 107453000,
        "netIncomeRatio": 0.0644925666,
        "eps": 0.4,
        "epsdiluted": 0.39,
        "weightedAverageShsOut": 271599000,
        "weightedAverageShsOutDil": 277293000,
        "link": "https://www.sec.gov/Archives/edgar/data/72333/000007233305000234/0000072333-05-000234-index.htm",
        "finalLink": "https://www.sec.gov/Archives/edgar/data/72333/000007233305000234/niq30510q.txt"
    },
    {
        "date": "2005-07-30",
        "symbol": "JWN",
        "reportedCurrency": "USD",
        "cik": "0000072333",
        "fillingDate": "2005-09-01",
        "acceptedDate": "2005-09-01 14:46:53",
        "calendarYear": "2005",
        "period": "Q2",
        "revenue": 2106438000,
        "costOfRevenue": 1347515000,
        "grossProfit": 758923000,
        "grossProfitRatio": 0.3602873666,
        "researchAndDevelopmentExpenses": 0,
        "generalAndAdministrativeExpenses": 551200000,
        "sellingAndMarketingExpenses": -4000,
        "sellingGeneralAndAdministrativeExpenses": 551196000,
        "otherExpenses": 4000,
        "operatingExpenses": 551196000,
        "costAndExpenses": 1898711000,
        "interestIncome": 0,
        "interestExpense": 0,
        "depreciationAndAmortization": 59471000,
        "ebitda": 267198000,
        "ebitdaratio": 0.1268482623,
        "operatingIncome": 207727000,
        "operatingIncomeRatio": 0.0986152927,
        "totalOtherIncomeExpensesNet": 34066000,
        "incomeBeforeTax": 241793000,
        "incomeBeforeTaxRatio": 0.1147876178,
        "incomeTaxExpense": 92875000,
        "netIncome": 148918000,
        "netIncomeRatio": 0.0706965978,
        "eps": 0.54,
        "epsdiluted": 0.53,
        "weightedAverageShsOut": 273379000,
        "weightedAverageShsOutDil": 279169000,
        "link": "https://www.sec.gov/Archives/edgar/data/72333/000007233305000197/0000072333-05-000197-index.htm",
        "finalLink": "https://www.sec.gov/Archives/edgar/data/72333/000007233305000197/ni10qq22005.txt"
    },
    {
        "date": "2005-04-30",
        "symbol": "JWN",
        "reportedCurrency": "USD",
        "cik": "0000072333",
        "fillingDate": "2005-06-07",
        "acceptedDate": "2005-06-07 17:10:22",
        "calendarYear": "2005",
        "period": "Q1",
        "revenue": 1654474000,
        "costOfRevenue": 1046165000,
        "grossProfit": 608309000,
        "grossProfitRatio": 0.3676751644,
        "researchAndDevelopmentExpenses": 0,
        "generalAndAdministrativeExpenses": 0,
        "sellingAndMarketingExpenses": 0,
        "sellingGeneralAndAdministrativeExpenses": 465422000,
        "otherExpenses": 81000,
        "operatingExpenses": 465503000,
        "costAndExpenses": 1511668000,
        "interestIncome": 0,
        "interestExpense": 0,
        "depreciationAndAmortization": 62301000,
        "ebitda": 205107000,
        "ebitdaratio": 0.1239711231,
        "operatingIncome": 142806000,
        "operatingIncomeRatio": 0.0863150464,
        "totalOtherIncomeExpensesNet": 30174000,
        "incomeBeforeTax": 172980000,
        "incomeBeforeTaxRatio": 0.104552867,
        "incomeTaxExpense": 68442000,
        "netIncome": 104538000,
        "netIncomeRatio": 0.0631850365,
        "eps": 0.38,
        "epsdiluted": 0.38,
        "weightedAverageShsOut": 273070000,
        "weightedAverageShsOutDil": 278395000,
        "link": "https://www.sec.gov/Archives/edgar/data/72333/000007233305000163/0000072333-05-000163-index.htm",
        "finalLink": "https://www.sec.gov/Archives/edgar/data/72333/000007233305000163/niq10510q.txt"
    },
    {
        "date": "2005-01-29",
        "symbol": "JWN",
        "reportedCurrency": "USD",
        "cik": "0000072333",
        "fillingDate": "2005-04-08",
        "acceptedDate": "2005-04-08 17:32:46",
        "calendarYear": "2004",
        "period": "Q4",
        "revenue": 2100343000,
        "costOfRevenue": 1330656000,
        "grossProfit": 769687000,
        "grossProfitRatio": 0.3664577643,
        "researchAndDevelopmentExpenses": 0,
        "generalAndAdministrativeExpenses": 565500000,
        "sellingAndMarketingExpenses": -3000,
        "sellingGeneralAndAdministrativeExpenses": 565497000,
        "otherExpenses": 3000,
        "operatingExpenses": 565497000,
        "costAndExpenses": 1896153000,
        "interestIncome": 0,
        "interestExpense": 0,
        "depreciationAndAmortization": 61852000,
        "ebitda": 266042000,
        "ebitdaratio": 0.1266659779,
        "operatingIncome": 204190000,
        "operatingIncomeRatio": 0.0972174545,
        "totalOtherIncomeExpensesNet": 32285000,
        "incomeBeforeTax": 236475000,
        "incomeBeforeTaxRatio": 0.1125887534,
        "incomeTaxExpense": 96495000,
        "netIncome": 139980000,
        "netIncomeRatio": 0.0666462573,
        "eps": 0.5,
        "epsdiluted": 0.5,
        "weightedAverageShsOut": 274890000,
        "weightedAverageShsOutDil": 280600000,
        "link": "https://www.sec.gov/Archives/edgar/data/72333/000089102005000104/0000891020-05-000104-index.htm",
        "finalLink": "https://www.sec.gov/Archives/edgar/data/72333/000089102005000104/v07697e10vk.htm"
    },
    {
        "date": "2004-10-30",
        "symbol": "JWN",
        "reportedCurrency": "USD",
        "cik": "0000072333",
        "fillingDate": "2004-12-03",
        "acceptedDate": "2004-12-03 13:05:21",
        "calendarYear": "2004",
        "period": "Q3",
        "revenue": 1542075000,
        "costOfRevenue": 984908000,
        "grossProfit": 557167000,
        "grossProfitRatio": 0.3613099233,
        "researchAndDevelopmentExpenses": 0,
        "generalAndAdministrativeExpenses": 465800000,
        "sellingAndMarketingExpenses": -31000,
        "sellingGeneralAndAdministrativeExpenses": 465769000,
        "otherExpenses": 31000,
        "operatingExpenses": 465769000,
        "costAndExpenses": 1450677000,
        "interestIncome": 0,
        "interestExpense": 0,
        "depreciationAndAmortization": 56994000,
        "ebitda": 148392000,
        "ebitdaratio": 0.0962287826,
        "operatingIncome": 91398000,
        "operatingIncomeRatio": 0.0592694908,
        "totalOtherIncomeExpensesNet": 31515000,
        "incomeBeforeTax": 122913000,
        "incomeBeforeTaxRatio": 0.07970624,
        "incomeTaxExpense": 45085000,
        "netIncome": 77828000,
        "netIncomeRatio": 0.0504696594,
        "eps": 0.28,
        "epsdiluted": 0.27,
        "weightedAverageShsOut": 281396000,
        "weightedAverageShsOutDil": 286298000,
        "link": "https://www.sec.gov/Archives/edgar/data/72333/000007233304000263/0000072333-04-000263-index.htm",
        "finalLink": "https://www.sec.gov/Archives/edgar/data/72333/000007233304000263/ni10qq304.txt"
    },
    {
        "date": "2004-07-31",
        "symbol": "JWN",
        "reportedCurrency": "USD",
        "cik": "0000072333",
        "fillingDate": "2004-09-09",
        "acceptedDate": "2004-09-09 15:54:49",
        "calendarYear": "2004",
        "period": "Q2",
        "revenue": 1953480000,
        "costOfRevenue": 1270892000,
        "grossProfit": 682588000,
        "grossProfitRatio": 0.3494215451,
        "researchAndDevelopmentExpenses": 0,
        "generalAndAdministrativeExpenses": 0,
        "sellingAndMarketingExpenses": 0,
        "sellingGeneralAndAdministrativeExpenses": 536233000,
        "otherExpenses": 0,
        "operatingExpenses": 536233000,
        "costAndExpenses": 1807125000,
        "interestIncome": 0,
        "interestExpense": 0,
        "depreciationAndAmortization": 58294000,
        "ebitda": 204649000,
        "ebitdaratio": 0.1047612466,
        "operatingIncome": 146355000,
        "operatingIncomeRatio": 0.0749201425,
        "totalOtherIncomeExpensesNet": 28911000,
        "incomeBeforeTax": 175266000,
        "incomeBeforeTaxRatio": 0.0897198845,
        "incomeTaxExpense": 68351000,
        "netIncome": 106915000,
        "netIncomeRatio": 0.0547305322,
        "eps": 0.38,
        "epsdiluted": 0.37,
        "weightedAverageShsOut": 281469000,
        "weightedAverageShsOutDil": 286994000,
        "link": "https://www.sec.gov/Archives/edgar/data/72333/000007233304000209/0000072333-04-000209-index.htm",
        "finalLink": "https://www.sec.gov/Archives/edgar/data/72333/000007233304000209/ni7310410q.txt"
    },
    {
        "date": "2004-05-01",
        "symbol": "JWN",
        "reportedCurrency": "USD",
        "cik": "0000072333",
        "fillingDate": "2004-06-08",
        "acceptedDate": "2004-06-08 13:45:58",
        "calendarYear": "2004",
        "period": "Q1",
        "revenue": 1535490000,
        "costOfRevenue": 970460000,
        "grossProfit": 565030000,
        "grossProfitRatio": 0.3679802539,
        "researchAndDevelopmentExpenses": 0,
        "generalAndAdministrativeExpenses": 452700000,
        "sellingAndMarketingExpenses": 2506000,
        "sellingGeneralAndAdministrativeExpenses": 455206000,
        "otherExpenses": -2405999.9999999404,
        "operatingExpenses": 455206000,
        "costAndExpenses": 1425666000,
        "interestIncome": 0,
        "interestExpense": 0,
        "depreciationAndAmortization": 56251000,
        "ebitda": 166075000,
        "ebitdaratio": 0.1081576565,
        "operatingIncome": 109824000,
        "operatingIncomeRatio": 0.0715237481,
        "totalOtherIncomeExpensesNet": 2803000,
        "incomeBeforeTax": 112627000,
        "incomeBeforeTaxRatio": 0.073349224,
        "incomeTaxExpense": 43900000,
        "netIncome": 68727000,
        "netIncomeRatio": 0.044759002,
        "eps": 0.25,
        "epsdiluted": 0.24,
        "weightedAverageShsOut": 278220000,
        "weightedAverageShsOutDil": 283950000,
        "link": "https://www.sec.gov/Archives/edgar/data/72333/000007233304000165/0000072333-04-000165-index.htm",
        "finalLink": "https://www.sec.gov/Archives/edgar/data/72333/000007233304000165/ni050104.txt"
    },
    {
        "date": "2004-01-31",
        "symbol": "JWN",
        "reportedCurrency": "USD",
        "cik": "0000072333",
        "fillingDate": "2004-03-30",
        "acceptedDate": "2004-03-30 14:23:07",
        "calendarYear": "2003",
        "period": "Q4",
        "revenue": 1932549000,
        "costOfRevenue": 1221988000,
        "grossProfit": 710561000,
        "grossProfitRatio": 0.367680716,
        "researchAndDevelopmentExpenses": 0,
        "generalAndAdministrativeExpenses": 0,
        "sellingAndMarketingExpenses": 0,
        "sellingGeneralAndAdministrativeExpenses": 562407000,
        "otherExpenses": 0,
        "operatingExpenses": 562407000,
        "costAndExpenses": 1784395000,
        "interestIncome": 0,
        "interestExpense": 0,
        "depreciationAndAmortization": 58124000,
        "ebitda": 206278000,
        "ebitdaratio": 0.1067388201,
        "operatingIncome": 148154000,
        "operatingIncomeRatio": 0.0766624805,
        "totalOtherIncomeExpensesNet": 22892000,
        "incomeBeforeTax": 171046000,
        "incomeBeforeTaxRatio": 0.0885079757,
        "incomeTaxExpense": 66700000,
        "netIncome": 104346000,
        "netIncomeRatio": 0.0539939738,
        "eps": 0.38,
        "epsdiluted": 0.38,
        "weightedAverageShsOut": 275187072,
        "weightedAverageShsOutDil": 276200000,
        "link": "https://www.sec.gov/Archives/edgar/data/72333/000095012404001345/0000950124-04-001345-index.htm",
        "finalLink": "https://www.sec.gov/Archives/edgar/data/72333/000095012404001345/v96844e10vk.htm"
    },
    {
        "date": "2003-11-01",
        "symbol": "JWN",
        "reportedCurrency": "USD",
        "cik": "0000072333",
        "fillingDate": "2003-12-08",
        "acceptedDate": "2003-12-08 17:24:59",
        "calendarYear": "2003",
        "period": "Q3",
        "revenue": 1420610000,
        "costOfRevenue": 911314000,
        "grossProfit": 509296000,
        "grossProfitRatio": 0.3585051492,
        "researchAndDevelopmentExpenses": 0,
        "generalAndAdministrativeExpenses": 439000000,
        "sellingAndMarketingExpenses": 11622000,
        "sellingGeneralAndAdministrativeExpenses": 450622000,
        "otherExpenses": 0,
        "operatingExpenses": 450622000,
        "costAndExpenses": 1361936000,
        "interestIncome": 0,
        "interestExpense": 0,
        "depreciationAndAmortization": 54486000,
        "ebitda": 171834000,
        "ebitdaratio": 0.1209578984,
        "operatingIncome": 58674000,
        "operatingIncomeRatio": 0.0413019759,
        "totalOtherIncomeExpensesNet": -42779000,
        "incomeBeforeTax": 74569000,
        "incomeBeforeTaxRatio": 0.0524908314,
        "incomeTaxExpense": 29100000,
        "netIncome": 45469000,
        "netIncomeRatio": 0.0320066732,
        "eps": 0.17,
        "epsdiluted": 0.17,
        "weightedAverageShsOut": 272607674,
        "weightedAverageShsOutDil": 276206200,
        "link": "https://www.sec.gov/Archives/edgar/data/72333/000007233303000219/0000072333-03-000219-index.htm",
        "finalLink": "https://www.sec.gov/Archives/edgar/data/72333/000007233303000219/ni110103.txt"
    },
    {
        "date": "2003-08-02",
        "symbol": "JWN",
        "reportedCurrency": "USD",
        "cik": "0000072333",
        "fillingDate": "2003-09-09",
        "acceptedDate": "2003-09-09 13:35:17",
        "calendarYear": "2003",
        "period": "Q2",
        "revenue": 1794975000,
        "costOfRevenue": 1192195000,
        "grossProfit": 602780000,
        "grossProfitRatio": 0.3358152621,
        "researchAndDevelopmentExpenses": 0,
        "generalAndAdministrativeExpenses": 492300000,
        "sellingAndMarketingExpenses": 12356000,
        "sellingGeneralAndAdministrativeExpenses": 504656000,
        "otherExpenses": 0,
        "operatingExpenses": 504656000,
        "costAndExpenses": 1696851000,
        "interestIncome": 0,
        "interestExpense": 0,
        "depreciationAndAmortization": 53935000,
        "ebitda": 152059000,
        "ebitdaratio": 0.0847137147,
        "operatingIncome": 98124000,
        "operatingIncomeRatio": 0.0546659424,
        "totalOtherIncomeExpensesNet": 9947000,
        "incomeBeforeTax": 108071000,
        "incomeBeforeTaxRatio": 0.0602075238,
        "incomeTaxExpense": 42200000,
        "netIncome": 65871000,
        "netIncomeRatio": 0.036697447,
        "eps": 0.24,
        "epsdiluted": 0.24,
        "weightedAverageShsOut": 271688000,
        "weightedAverageShsOutDil": 272676000,
        "link": "https://www.sec.gov/Archives/edgar/data/72333/000007233303000166/0000072333-03-000166-index.htm",
        "finalLink": "https://www.sec.gov/Archives/edgar/data/72333/000007233303000166/ni8203.txt"
    },
    {
        "date": "2003-05-31",
        "symbol": "JWN",
        "reportedCurrency": "USD",
        "cik": "0000072333",
        "fillingDate": "2003-06-09",
        "acceptedDate": "2003-06-09 15:57:57",
        "calendarYear": "2003",
        "period": "Q1",
        "revenue": 1343539000,
        "costOfRevenue": 888458000,
        "grossProfit": 455081000,
        "grossProfitRatio": 0.3387181169,
        "researchAndDevelopmentExpenses": 0,
        "generalAndAdministrativeExpenses": 420300000,
        "sellingAndMarketingExpenses": 5730000,
        "sellingGeneralAndAdministrativeExpenses": 426030000,
        "otherExpenses": 0,
        "operatingExpenses": 426030000,
        "costAndExpenses": 1314488000,
        "interestIncome": 0,
        "interestExpense": 0,
        "depreciationAndAmortization": 56426000,
        "ebitda": 85477000,
        "ebitdaratio": 0.0636207806,
        "operatingIncome": 29051000,
        "operatingIncomeRatio": 0.0216227441,
        "totalOtherIncomeExpensesNet": 15404000,
        "incomeBeforeTax": 44455000,
        "incomeBeforeTaxRatio": 0.0330879863,
        "incomeTaxExpense": 17300000,
        "netIncome": 27155000,
        "netIncomeRatio": 0.0202115458,
        "eps": 0.1,
        "epsdiluted": 0.1,
        "weightedAverageShsOut": 271156000,
        "weightedAverageShsOutDil": 271596000,
        "link": "https://www.sec.gov/Archives/edgar/data/72333/000007233303000122/0000072333-03-000122-index.htm",
        "finalLink": "https://www.sec.gov/Archives/edgar/data/72333/000007233303000122/ni53103.txt"
    },
    {
        "date": "2003-01-31",
        "symbol": "JWN",
        "reportedCurrency": "USD",
        "cik": "0000072333",
        "fillingDate": "2003-04-17",
        "acceptedDate": "2003-04-17 14:06:18",
        "calendarYear": "2002",
        "period": "Q4",
        "revenue": 1750586000,
        "costOfRevenue": 1168963000,
        "grossProfit": 581623000,
        "grossProfitRatio": 0.3322447455,
        "researchAndDevelopmentExpenses": 0,
        "generalAndAdministrativeExpenses": 0,
        "sellingAndMarketingExpenses": 0,
        "sellingGeneralAndAdministrativeExpenses": 499180000,
        "otherExpenses": 0,
        "operatingExpenses": 499180000,
        "costAndExpenses": 1668143000,
        "interestIncome": 0,
        "interestExpense": 0,
        "depreciationAndAmortization": 56339000,
        "ebitda": 138782000,
        "ebitdaratio": 0.0792774534,
        "operatingIncome": 82443000,
        "operatingIncomeRatio": 0.0470945158,
        "totalOtherIncomeExpensesNet": 15891000,
        "incomeBeforeTax": 98334000,
        "incomeBeforeTaxRatio": 0.0561720475,
        "incomeTaxExpense": 38300000,
        "netIncome": 60034000,
        "netIncomeRatio": 0.0342936594,
        "eps": 0.23,
        "epsdiluted": 0.23,
        "weightedAverageShsOut": 263242857,
        "weightedAverageShsOutDil": 263242857,
        "link": "https://www.sec.gov/Archives/edgar/data/72333/000089102003001270/0000891020-03-001270-index.htm",
        "finalLink": "https://www.sec.gov/Archives/edgar/data/72333/000089102003001270/v89013e10vk.htm"
    },
    {
        "date": "2002-10-31",
        "symbol": "JWN",
        "reportedCurrency": "USD",
        "cik": "0000072333",
        "fillingDate": "2002-12-06",
        "acceptedDate": "2002-12-06 17:29:42",
        "calendarYear": "2002",
        "period": "Q3",
        "revenue": 1323201000,
        "costOfRevenue": 873847000,
        "grossProfit": 449354000,
        "grossProfitRatio": 0.3395961762,
        "researchAndDevelopmentExpenses": 0,
        "generalAndAdministrativeExpenses": 0,
        "sellingAndMarketingExpenses": 0,
        "sellingGeneralAndAdministrativeExpenses": 433228000,
        "otherExpenses": 0,
        "operatingExpenses": 433228000,
        "costAndExpenses": 1307075000,
        "interestIncome": 0,
        "interestExpense": 0,
        "depreciationAndAmortization": 52550000,
        "ebitda": 68676000,
        "ebitdaratio": 0.0519014118,
        "operatingIncome": 16126000,
        "operatingIncomeRatio": 0.0121871129,
        "totalOtherIncomeExpensesNet": 14174000,
        "incomeBeforeTax": 30300000,
        "incomeBeforeTaxRatio": 0.0228990153,
        "incomeTaxExpense": 11873000,
        "netIncome": 18427000,
        "netIncomeRatio": 0.0139260777,
        "eps": 0.07,
        "epsdiluted": 0.07,
        "weightedAverageShsOut": 263242857,
        "weightedAverageShsOutDil": 263242857,
        "link": "https://www.sec.gov/Archives/edgar/data/72333/000007233302000026/0000072333-02-000026-index.htm",
        "finalLink": "https://www.sec.gov/Archives/edgar/data/72333/000007233302000026/ni103102.txt"
    },
    {
        "date": "2002-07-31",
        "symbol": "JWN",
        "reportedCurrency": "USD",
        "cik": "0000072333",
        "fillingDate": "2002-09-12",
        "acceptedDate": "2002-09-12 14:23:44",
        "calendarYear": "2002",
        "period": "Q2",
        "revenue": 1655528000,
        "costOfRevenue": 1104265000,
        "grossProfit": 551263000,
        "grossProfitRatio": 0.3329831933,
        "researchAndDevelopmentExpenses": 0,
        "generalAndAdministrativeExpenses": 496685000,
        "sellingAndMarketingExpenses": 0,
        "sellingGeneralAndAdministrativeExpenses": 496685000,
        "otherExpenses": 0,
        "operatingExpenses": 496685000,
        "costAndExpenses": 1600950000,
        "interestIncome": 0,
        "interestExpense": 0,
        "depreciationAndAmortization": 51906000,
        "ebitda": 106484000,
        "ebitdaratio": 0.0643202652,
        "operatingIncome": 54578000,
        "operatingIncomeRatio": 0.0329671259,
        "totalOtherIncomeExpensesNet": 4615000,
        "incomeBeforeTax": 59193000,
        "incomeBeforeTaxRatio": 0.0357547562,
        "incomeTaxExpense": 22858000,
        "netIncome": 36335000,
        "netIncomeRatio": 0.0219476807,
        "eps": 0.14,
        "epsdiluted": 0.14,
        "weightedAverageShsOut": 269148148,
        "weightedAverageShsOutDil": 269148148,
        "link": "https://www.sec.gov/Archives/edgar/data/72333/000007233302000013/0000072333-02-000013-index.htm",
        "finalLink": "https://www.sec.gov/Archives/edgar/data/72333/000007233302000013/ni73102.txt"
    },
    {
        "date": "2002-04-30",
        "symbol": "JWN",
        "reportedCurrency": "USD",
        "cik": "0000072333",
        "fillingDate": "2002-06-07",
        "acceptedDate": "2002-06-07 14:14:21",
        "calendarYear": "2002",
        "period": "Q1",
        "revenue": 1245761000,
        "costOfRevenue": 824297000,
        "grossProfit": 421464000,
        "grossProfitRatio": 0.3383185057,
        "researchAndDevelopmentExpenses": 0,
        "generalAndAdministrativeExpenses": 384875000,
        "sellingAndMarketingExpenses": 0,
        "sellingGeneralAndAdministrativeExpenses": 384875000,
        "otherExpenses": 0,
        "operatingExpenses": 384875000,
        "costAndExpenses": 1209172000,
        "interestIncome": 0,
        "interestExpense": 0,
        "depreciationAndAmortization": 50957000,
        "ebitda": 87546000,
        "ebitdaratio": 0.070275117,
        "operatingIncome": 36589000,
        "operatingIncomeRatio": 0.0293708023,
        "totalOtherIncomeExpensesNet": -28792000,
        "incomeBeforeTax": 7797000,
        "incomeBeforeTaxRatio": 0.0062588249,
        "incomeTaxExpense": 19010000,
        "netIncome": -24572000,
        "netIncomeRatio": -0.0197244897,
        "eps": -0.09,
        "epsdiluted": -0.09,
        "weightedAverageShsOut": 273022222,
        "weightedAverageShsOutDil": 273022222,
        "link": "https://www.sec.gov/Archives/edgar/data/72333/000007233302000008/0000072333-02-000008-index.htm",
        "finalLink": "https://www.sec.gov/Archives/edgar/data/72333/000007233302000008/ni43002.txt"
    },
    {
        "date": "2002-01-31",
        "symbol": "JWN",
        "reportedCurrency": "USD",
        "cik": "0000072333",
        "fillingDate": "2002-04-18",
        "acceptedDate": "2002-04-18 00:00:00",
        "calendarYear": "2001",
        "period": "Q4",
        "revenue": 1631090000,
        "costOfRevenue": 1089560000,
        "grossProfit": 541530000,
        "grossProfitRatio": 0.3320049783,
        "researchAndDevelopmentExpenses": 0,
        "generalAndAdministrativeExpenses": 468920000,
        "sellingAndMarketingExpenses": 0,
        "sellingGeneralAndAdministrativeExpenses": 468920000,
        "otherExpenses": 0,
        "operatingExpenses": 468920000,
        "costAndExpenses": 1558480000,
        "interestIncome": 0,
        "interestExpense": 0,
        "depreciationAndAmortization": 54981000,
        "ebitda": 127591000,
        "ebitdaratio": 0.0782243776,
        "operatingIncome": 72610000,
        "operatingIncomeRatio": 0.0445162437,
        "totalOtherIncomeExpensesNet": 10729000,
        "incomeBeforeTax": 83339000,
        "incomeBeforeTaxRatio": 0.0510940537,
        "incomeTaxExpense": 32600000,
        "netIncome": 50739000,
        "netIncomeRatio": 0.031107419,
        "eps": 0.19,
        "epsdiluted": 0.19,
        "weightedAverageShsOut": 268905455,
        "weightedAverageShsOutDil": 273022222,
        "link": "https://www.sec.gov/Archives/edgar/data/72333/000089102002000499/0000891020-02-000499-index.htm",
        "finalLink": "https://www.sec.gov/Archives/edgar/data/72333/000089102002000499/v80728e10-k.htm"
    },
    {
        "date": "2001-10-31",
        "symbol": "JWN",
        "reportedCurrency": "USD",
        "cik": "0000072333",
        "fillingDate": "2001-12-07",
        "acceptedDate": "2001-12-07 00:00:00",
        "calendarYear": "2001",
        "period": "Q3",
        "revenue": 1239241000,
        "costOfRevenue": 836961000,
        "grossProfit": 402280000,
        "grossProfitRatio": 0.3246180525,
        "researchAndDevelopmentExpenses": 0,
        "generalAndAdministrativeExpenses": 399568000,
        "sellingAndMarketingExpenses": 0,
        "sellingGeneralAndAdministrativeExpenses": 399568000,
        "otherExpenses": 0,
        "operatingExpenses": 399568000,
        "costAndExpenses": 1236529000,
        "interestIncome": 0,
        "interestExpense": 0,
        "depreciationAndAmortization": 53196000,
        "ebitda": 55908000,
        "ebitdaratio": 0.0451147113,
        "operatingIncome": 2712000,
        "operatingIncomeRatio": 0.0021884363,
        "totalOtherIncomeExpensesNet": 14383000,
        "incomeBeforeTax": 17095000,
        "incomeBeforeTaxRatio": 0.013794734,
        "incomeTaxExpense": 6600000,
        "netIncome": 10495000,
        "netIncomeRatio": 0.0084688935,
        "eps": 0.04,
        "epsdiluted": 0.04,
        "weightedAverageShsOut": 262375000,
        "weightedAverageShsOutDil": 262375000,
        "link": "https://www.sec.gov/Archives/edgar/data/72333/000007233301500017/0000072333-01-500017-index.htm",
        "finalLink": "https://www.sec.gov/Archives/edgar/data/72333/000007233301500017/ni103101.txt"
    },
    {
        "date": "2001-07-31",
        "symbol": "JWN",
        "reportedCurrency": "USD",
        "cik": "0000072333",
        "fillingDate": "2001-09-07",
        "acceptedDate": "2001-09-07 00:00:00",
        "calendarYear": "2001",
        "period": "Q2",
        "revenue": 1545759000,
        "costOfRevenue": 1040908000,
        "grossProfit": 504851000,
        "grossProfitRatio": 0.3266039531,
        "researchAndDevelopmentExpenses": 0,
        "generalAndAdministrativeExpenses": 457441000,
        "sellingAndMarketingExpenses": 0,
        "sellingGeneralAndAdministrativeExpenses": 457441000,
        "otherExpenses": 0,
        "operatingExpenses": 457441000,
        "costAndExpenses": 1498349000,
        "interestIncome": 0,
        "interestExpense": 0,
        "depreciationAndAmortization": 49246000,
        "ebitda": 96656000,
        "ebitdaratio": 0.0625297993,
        "operatingIncome": 47410000,
        "operatingIncomeRatio": 0.0306710166,
        "totalOtherIncomeExpensesNet": 16089000,
        "incomeBeforeTax": 63499000,
        "incomeBeforeTaxRatio": 0.0410794956,
        "incomeTaxExpense": 24800000,
        "netIncome": 38699000,
        "netIncomeRatio": 0.0250355974,
        "eps": 0.14,
        "epsdiluted": 0.14,
        "weightedAverageShsOut": 266889655,
        "weightedAverageShsOutDil": 266889655,
        "link": "https://www.sec.gov/Archives/edgar/data/72333/000007233301500014/0000072333-01-500014-index.htm",
        "finalLink": "https://www.sec.gov/Archives/edgar/data/72333/000007233301500014/ni073101.txt"
    },
    {
        "date": "2001-04-30",
        "symbol": "JWN",
        "reportedCurrency": "USD",
        "cik": "0000072333",
        "fillingDate": "2001-06-12",
        "acceptedDate": "2001-06-12 00:00:00",
        "calendarYear": "2001",
        "period": "Q1",
        "revenue": 1218040000,
        "costOfRevenue": 798430000,
        "grossProfit": 419610000,
        "grossProfitRatio": 0.3444960757,
        "researchAndDevelopmentExpenses": 0,
        "generalAndAdministrativeExpenses": 396706000,
        "sellingAndMarketingExpenses": 0,
        "sellingGeneralAndAdministrativeExpenses": 396706000,
        "otherExpenses": 0,
        "operatingExpenses": 396706000,
        "costAndExpenses": 1195136000,
        "interestIncome": 0,
        "interestExpense": 0,
        "depreciationAndAmortization": 51758000,
        "ebitda": 74662000,
        "ebitdaratio": 0.0612968375,
        "operatingIncome": 22904000,
        "operatingIncomeRatio": 0.0188039802,
        "totalOtherIncomeExpensesNet": 17651000,
        "incomeBeforeTax": 40555000,
        "incomeBeforeTaxRatio": 0.0332952941,
        "incomeTaxExpense": 15800000,
        "netIncome": 24755000,
        "netIncomeRatio": 0.0203236347,
        "eps": 0.09,
        "epsdiluted": 0.09,
        "weightedAverageShsOut": 275055556,
        "weightedAverageShsOutDil": 275055556,
        "link": "https://www.sec.gov/Archives/edgar/data/72333/000007233301500012/0000072333-01-500012-index.htm",
        "finalLink": "https://www.sec.gov/Archives/edgar/data/72333/000007233301500012/ni043001.txt"
    },
    {
        "date": "2001-01-31",
        "symbol": "JWN",
        "reportedCurrency": "USD",
        "cik": "0000072333",
        "fillingDate": "2001-04-11",
        "acceptedDate": "2001-04-11 00:00:00",
        "calendarYear": "2000",
        "period": "Q4",
        "revenue": 1678447000,
        "costOfRevenue": 1074125000,
        "grossProfit": 604322000,
        "grossProfitRatio": 0.3600483066,
        "researchAndDevelopmentExpenses": 0,
        "generalAndAdministrativeExpenses": 517053000,
        "sellingAndMarketingExpenses": 0,
        "sellingGeneralAndAdministrativeExpenses": 517053000,
        "otherExpenses": 51555000,
        "operatingExpenses": 568608000,
        "costAndExpenses": 1642733000,
        "interestIncome": 0,
        "interestExpense": 0,
        "depreciationAndAmortization": 51555000,
        "ebitda": 87269000,
        "ebitdaratio": 0.0519938967,
        "operatingIncome": 35714000,
        "operatingIncomeRatio": 0.0212780028,
        "totalOtherIncomeExpensesNet": 8634000,
        "incomeBeforeTax": 44348000,
        "incomeBeforeTaxRatio": 0.0264220437,
        "incomeTaxExpense": 17300000,
        "netIncome": 27048000,
        "netIncomeRatio": 0.0161148967,
        "eps": 0.0983,
        "epsdiluted": 0.0983,
        "weightedAverageShsOut": 265062339,
        "weightedAverageShsOutDil": 275055556,
        "link": "https://www.sec.gov/Archives/edgar/data/72333/000109581101501149/0001095811-01-501149-index.htm",
        "finalLink": "https://www.sec.gov/Archives/edgar/data/72333/000109581101501149/v71301e10-k.txt"
    },
    {
        "date": "2000-10-31",
        "symbol": "JWN",
        "reportedCurrency": "USD",
        "cik": "0000072333",
        "fillingDate": "2000-12-15",
        "acceptedDate": "2000-12-15 00:00:00",
        "calendarYear": "2000",
        "period": "Q3",
        "revenue": 1254296000,
        "costOfRevenue": 774769000,
        "grossProfit": 479527000,
        "grossProfitRatio": 0.3823076849,
        "researchAndDevelopmentExpenses": 0,
        "generalAndAdministrativeExpenses": 436296000,
        "sellingAndMarketingExpenses": 0,
        "sellingGeneralAndAdministrativeExpenses": 436296000,
        "otherExpenses": 49099000,
        "operatingExpenses": 485395000,
        "costAndExpenses": 1260164000,
        "interestIncome": 0,
        "interestExpense": 0,
        "depreciationAndAmortization": 49099000,
        "ebitda": 43231000,
        "ebitdaratio": 0.0344663461,
        "operatingIncome": -5868000,
        "operatingIncomeRatio": -0.0046783215,
        "totalOtherIncomeExpensesNet": 348000,
        "incomeBeforeTax": -5520000,
        "incomeBeforeTaxRatio": -0.0044008751,
        "incomeTaxExpense": -2200000,
        "netIncome": -3320000,
        "netIncomeRatio": -0.0026469031,
        "eps": -0.0128,
        "epsdiluted": -0.0128,
        "weightedAverageShsOut": 258630184,
        "weightedAverageShsOutDil": 258630184,
        "link": "https://www.sec.gov/Archives/edgar/data/72333/000007233300500010/0000072333-00-500010-index.htm",
        "finalLink": "https://www.sec.gov/Archives/edgar/data/72333/000007233300500010/ni10q3q00.txt"
    },
    {
        "date": "2000-07-31",
        "symbol": "JWN",
        "reportedCurrency": "USD",
        "cik": "0000072333",
        "fillingDate": "2000-09-14",
        "acceptedDate": "2000-09-14 00:00:00",
        "calendarYear": "2000",
        "period": "Q2",
        "revenue": 1449458000,
        "costOfRevenue": 908480000,
        "grossProfit": 540978000,
        "grossProfitRatio": 0.3732277858,
        "researchAndDevelopmentExpenses": 0,
        "generalAndAdministrativeExpenses": 428841000,
        "sellingAndMarketingExpenses": 0,
        "sellingGeneralAndAdministrativeExpenses": 428841000,
        "otherExpenses": 45833000,
        "operatingExpenses": 474674000,
        "costAndExpenses": 1383154000,
        "interestIncome": 0,
        "interestExpense": 0,
        "depreciationAndAmortization": 45833000,
        "ebitda": 112137000,
        "ebitdaratio": 0.0773647805,
        "operatingIncome": 66304000,
        "operatingIncomeRatio": 0.0457439953,
        "totalOtherIncomeExpensesNet": 8197000,
        "incomeBeforeTax": 74501000,
        "incomeBeforeTaxRatio": 0.0513992127,
        "incomeTaxExpense": 29100000,
        "netIncome": 45401000,
        "netIncomeRatio": 0.0313227427,
        "eps": 0.18,
        "epsdiluted": 0.18,
        "weightedAverageShsOut": 259339860,
        "weightedAverageShsOutDil": 260200298,
        "link": "https://www.sec.gov/Archives/edgar/data/72333/000007233300500006/0000072333-00-500006-index.htm",
        "finalLink": "https://www.sec.gov/Archives/edgar/data/72333/000007233300500006/ni10q2q00.txt"
    },
    {
        "date": "2000-04-30",
        "symbol": "JWN",
        "reportedCurrency": "USD",
        "cik": "0000072333",
        "fillingDate": "2000-06-08",
        "acceptedDate": "2000-06-08 00:00:00",
        "calendarYear": "2000",
        "period": "Q1",
        "revenue": 1146336000,
        "costOfRevenue": 700192000,
        "grossProfit": 446144000,
        "grossProfitRatio": 0.3891913017,
        "researchAndDevelopmentExpenses": 0,
        "generalAndAdministrativeExpenses": 364858000,
        "sellingAndMarketingExpenses": 0,
        "sellingGeneralAndAdministrativeExpenses": 364858000,
        "otherExpenses": 45463000,
        "operatingExpenses": 410321000,
        "costAndExpenses": 1110513000,
        "interestIncome": 0,
        "interestExpense": 0,
        "depreciationAndAmortization": 45463000,
        "ebitda": 131073000,
        "ebitdaratio": 0.1143408215,
        "operatingIncome": 35823000,
        "operatingIncomeRatio": 0.03125,
        "totalOtherIncomeExpensesNet": 17866000,
        "incomeBeforeTax": 53689000,
        "incomeBeforeTaxRatio": 0.0468353083,
        "incomeTaxExpense": 20900000,
        "netIncome": 32789000,
        "netIncomeRatio": 0.0286033065,
        "eps": 0.13,
        "epsdiluted": 0.13,
        "weightedAverageShsOut": 262329256,
        "weightedAverageShsOutDil": 263254384,
        "link": "https://www.sec.gov/Archives/edgar/data/72333/000007233300000002/0000072333-00-000002-index.htm",
        "finalLink": "https://www.sec.gov/Archives/edgar/data/72333/000007233300000002/0000072333-00-000002-0001.txt"
    },
    {
        "date": "2000-01-31",
        "symbol": "JWN",
        "reportedCurrency": "USD",
        "cik": "0000072333",
        "fillingDate": "2000-04-07",
        "acceptedDate": "2000-04-07 00:00:00",
        "calendarYear": "1999",
        "period": "Q4",
        "revenue": 1531600000,
        "costOfRevenue": 961100000,
        "grossProfit": 570500000,
        "grossProfitRatio": 0.3724862888,
        "researchAndDevelopmentExpenses": 0,
        "generalAndAdministrativeExpenses": 432000000,
        "sellingAndMarketingExpenses": 0,
        "sellingGeneralAndAdministrativeExpenses": 432000000,
        "otherExpenses": 49300000,
        "operatingExpenses": 481300000,
        "costAndExpenses": 1442400000,
        "interestIncome": 0,
        "interestExpense": 0,
        "depreciationAndAmortization": 49300000,
        "ebitda": 138500000,
        "ebitdaratio": 0.0904283103,
        "operatingIncome": 89200000,
        "operatingIncomeRatio": 0.0582397493,
        "totalOtherIncomeExpensesNet": 20000000,
        "incomeBeforeTax": 109200000,
        "incomeBeforeTaxRatio": 0.071297989,
        "incomeTaxExpense": 42600000,
        "netIncome": 66600000,
        "netIncomeRatio": 0.0434839384,
        "eps": 0.25,
        "epsdiluted": 0.25,
        "weightedAverageShsOut": 262312000,
        "weightedAverageShsOutDil": 262312000,
        "link": "https://www.sec.gov/Archives/edgar/data/72333/000089102000000775/0000891020-00-000775-index.html",
        "finalLink": "https://www.sec.gov/Archives/edgar/data/72333/000089102000000775/"
    },
    {
        "date": "1999-10-31",
        "symbol": "JWN",
        "reportedCurrency": "USD",
        "cik": "0000072333",
        "fillingDate": "1999-12-15",
        "acceptedDate": "1999-12-15 00:00:00",
        "calendarYear": "1999",
        "period": "Q3",
        "revenue": 1110100000,
        "costOfRevenue": 670800000,
        "grossProfit": 439300000,
        "grossProfitRatio": 0.3957301144,
        "researchAndDevelopmentExpenses": 0,
        "generalAndAdministrativeExpenses": 351200000,
        "sellingAndMarketingExpenses": 0,
        "sellingGeneralAndAdministrativeExpenses": 351200000,
        "otherExpenses": 47000000,
        "operatingExpenses": 398200000,
        "costAndExpenses": 1069000000,
        "interestIncome": 0,
        "interestExpense": 0,
        "depreciationAndAmortization": 47000000,
        "ebitda": 88100000,
        "ebitdaratio": 0.0793622196,
        "operatingIncome": 41100000,
        "operatingIncomeRatio": 0.0370236916,
        "totalOtherIncomeExpensesNet": 13900000,
        "incomeBeforeTax": 55000000,
        "incomeBeforeTaxRatio": 0.049545086,
        "incomeTaxExpense": 21400000,
        "netIncome": 33600000,
        "netIncomeRatio": 0.0302675435,
        "eps": 0.13,
        "epsdiluted": 0.13,
        "weightedAverageShsOut": 268800000,
        "weightedAverageShsOutDil": 268800000,
        "link": "https://www.sec.gov/Archives/edgar/data/72333/000007233399000016/0000072333-99-000016-index.html",
        "finalLink": "https://www.sec.gov/Archives/edgar/data/72333/000007233399000016/"
    },
    {
        "date": "1999-07-31",
        "symbol": "JWN",
        "reportedCurrency": "USD",
        "cik": "0000072333",
        "fillingDate": "1999-09-13",
        "acceptedDate": "1999-09-13 00:00:00",
        "calendarYear": "1999",
        "period": "Q2",
        "revenue": 1443400000,
        "costOfRevenue": 897300000,
        "grossProfit": 546100000,
        "grossProfitRatio": 0.3783428017,
        "researchAndDevelopmentExpenses": 0,
        "generalAndAdministrativeExpenses": 393400000,
        "sellingAndMarketingExpenses": 0,
        "sellingGeneralAndAdministrativeExpenses": 393400000,
        "otherExpenses": 46000000,
        "operatingExpenses": 439400000,
        "costAndExpenses": 1336700000,
        "interestIncome": 0,
        "interestExpense": 0,
        "depreciationAndAmortization": 46000000,
        "ebitda": 152700000,
        "ebitdaratio": 0.1057918803,
        "operatingIncome": 106700000,
        "operatingIncomeRatio": 0.0739226826,
        "totalOtherIncomeExpensesNet": 9500000,
        "incomeBeforeTax": 116200000,
        "incomeBeforeTaxRatio": 0.0805043647,
        "incomeTaxExpense": 45400000,
        "netIncome": 70800000,
        "netIncomeRatio": 0.0490508522,
        "eps": 0.26,
        "epsdiluted": 0.26,
        "weightedAverageShsOut": 277647059,
        "weightedAverageShsOutDil": 277647059,
        "link": "https://www.sec.gov/Archives/edgar/data/72333/000007233399000013/0000072333-99-000013-index.html",
        "finalLink": "https://www.sec.gov/Archives/edgar/data/72333/000007233399000013/"
    },
    {
        "date": "1999-04-30",
        "symbol": "JWN",
        "reportedCurrency": "USD",
        "cik": "0000072333",
        "fillingDate": "1999-06-11",
        "acceptedDate": "1999-06-11 00:00:00",
        "calendarYear": "1999",
        "period": "Q1",
        "revenue": 1039100000,
        "costOfRevenue": 643200000,
        "grossProfit": 395900000,
        "grossProfitRatio": 0.3810027909,
        "researchAndDevelopmentExpenses": 0,
        "generalAndAdministrativeExpenses": 314400000,
        "sellingAndMarketingExpenses": 0,
        "sellingGeneralAndAdministrativeExpenses": 314400000,
        "otherExpenses": 45000000,
        "operatingExpenses": 359400000,
        "costAndExpenses": 1002600000,
        "interestIncome": 0,
        "interestExpense": 0,
        "depreciationAndAmortization": 45000000,
        "ebitda": 81500000,
        "ebitdaratio": 0.0784332596,
        "operatingIncome": 36500000,
        "operatingIncomeRatio": 0.0351265518,
        "totalOtherIncomeExpensesNet": 15200000,
        "incomeBeforeTax": 51700000,
        "incomeBeforeTaxRatio": 0.0497545953,
        "incomeTaxExpense": 20200000,
        "netIncome": 31500000,
        "netIncomeRatio": 0.0303146954,
        "eps": 0.11,
        "epsdiluted": 0.11,
        "weightedAverageShsOut": 286363636,
        "weightedAverageShsOutDil": 286363636,
        "link": "https://www.sec.gov/Archives/edgar/data/72333/000007233399000008/0000072333-99-000008-index.html",
        "finalLink": "https://www.sec.gov/Archives/edgar/data/72333/000007233399000008/"
    },
    {
        "date": "1999-01-31",
        "symbol": "JWN",
        "reportedCurrency": "USD",
        "cik": "0000072333",
        "fillingDate": "1999-03-23",
        "acceptedDate": "1999-03-23 00:00:00",
        "calendarYear": "1998",
        "period": "Q4",
        "revenue": 1446100000,
        "costOfRevenue": 909400000,
        "grossProfit": 536700000,
        "grossProfitRatio": 0.3711361593,
        "researchAndDevelopmentExpenses": 0,
        "generalAndAdministrativeExpenses": 388300000,
        "sellingAndMarketingExpenses": 0,
        "sellingGeneralAndAdministrativeExpenses": 388300000,
        "otherExpenses": 49000000,
        "operatingExpenses": 437300000,
        "costAndExpenses": 1346700000,
        "interestIncome": 0,
        "interestExpense": 0,
        "depreciationAndAmortization": 49000000,
        "ebitda": 148400000,
        "ebitdaratio": 0.1026208423,
        "operatingIncome": 99400000,
        "operatingIncomeRatio": 0.0687366019,
        "totalOtherIncomeExpensesNet": 9200000,
        "incomeBeforeTax": 108600000,
        "incomeBeforeTaxRatio": 0.0750985409,
        "incomeTaxExpense": 42100000,
        "netIncome": 66500000,
        "netIncomeRatio": 0.0459857548,
        "eps": 0.23,
        "epsdiluted": 0.23,
        "weightedAverageShsOut": 284455044,
        "weightedAverageShsOutDil": 286363636,
        "link": "https://www.sec.gov/Archives/edgar/data/72333/000007233399000004/0000072333-99-000004-index.html",
        "finalLink": "https://www.sec.gov/Archives/edgar/data/72333/"
    },
    {
        "date": "1998-10-31",
        "symbol": "JWN",
        "reportedCurrency": "USD",
        "cik": "0000072333",
        "fillingDate": "1998-12-14",
        "acceptedDate": "1998-12-14 00:00:00",
        "calendarYear": "1998",
        "period": "Q3",
        "revenue": 1094300000,
        "costOfRevenue": 672900000,
        "grossProfit": 421400000,
        "grossProfitRatio": 0.3850863566,
        "researchAndDevelopmentExpenses": 0,
        "generalAndAdministrativeExpenses": 328200000,
        "sellingAndMarketingExpenses": 0,
        "sellingGeneralAndAdministrativeExpenses": 328200000,
        "otherExpenses": 44200000,
        "operatingExpenses": 372400000,
        "costAndExpenses": 1045300000,
        "interestIncome": 0,
        "interestExpense": 0,
        "depreciationAndAmortization": 44200000,
        "ebitda": 93200000,
        "ebitdaratio": 0.0851686009,
        "operatingIncome": 49000000,
        "operatingIncomeRatio": 0.0447774833,
        "totalOtherIncomeExpensesNet": 14200000,
        "incomeBeforeTax": 63200000,
        "incomeBeforeTaxRatio": 0.0577538152,
        "incomeTaxExpense": 24500000,
        "netIncome": 38700000,
        "netIncomeRatio": 0.0353650736,
        "eps": 0.14,
        "epsdiluted": 0.14,
        "weightedAverageShsOut": 286666667,
        "weightedAverageShsOutDil": 286666667,
        "link": "https://www.sec.gov/Archives/edgar/data/72333/000007233398000029/0000072333-98-000029-index.html",
        "finalLink": "https://www.sec.gov/Archives/edgar/data/72333/"
    },
    {
        "date": "1998-07-31",
        "symbol": "JWN",
        "reportedCurrency": "USD",
        "cik": "0000072333",
        "fillingDate": "1998-09-09",
        "acceptedDate": "1998-09-09 00:00:00",
        "calendarYear": "1998",
        "period": "Q2",
        "revenue": 1447300000,
        "costOfRevenue": 928300000,
        "grossProfit": 519000000,
        "grossProfitRatio": 0.3585987701,
        "researchAndDevelopmentExpenses": 0,
        "generalAndAdministrativeExpenses": 379500000,
        "sellingAndMarketingExpenses": 0,
        "sellingGeneralAndAdministrativeExpenses": 379500000,
        "otherExpenses": 42900000,
        "operatingExpenses": 422400000,
        "costAndExpenses": 1350700000,
        "interestIncome": 0,
        "interestExpense": 0,
        "depreciationAndAmortization": 42900000,
        "ebitda": 139500000,
        "ebitdaratio": 0.0963863746,
        "operatingIncome": 96600000,
        "operatingIncomeRatio": 0.0667449734,
        "totalOtherIncomeExpensesNet": 16500000,
        "incomeBeforeTax": 113100000,
        "incomeBeforeTaxRatio": 0.0781455123,
        "incomeTaxExpense": 43900000,
        "netIncome": 69200000,
        "netIncomeRatio": 0.0478131693,
        "eps": 0.24,
        "epsdiluted": 0.24,
        "weightedAverageShsOut": 294468085,
        "weightedAverageShsOutDil": 294468085,
        "link": "https://www.sec.gov/Archives/edgar/data/72333/000007233398000018/0000072333-98-000018-index.html",
        "finalLink": "https://www.sec.gov/Archives/edgar/data/72333/"
    },
    {
        "date": "1998-04-30",
        "symbol": "JWN",
        "reportedCurrency": "USD",
        "cik": "0000072333",
        "fillingDate": "1998-06-09",
        "acceptedDate": "1998-06-09 00:00:00",
        "calendarYear": "1998",
        "period": "Q1",
        "revenue": 1040200000,
        "costOfRevenue": 657200000,
        "grossProfit": 383000000,
        "grossProfitRatio": 0.3681984234,
        "researchAndDevelopmentExpenses": 0,
        "generalAndAdministrativeExpenses": 309300000,
        "sellingAndMarketingExpenses": 0,
        "sellingGeneralAndAdministrativeExpenses": 309300000,
        "otherExpenses": 41100000,
        "operatingExpenses": 350400000,
        "costAndExpenses": 1007600000,
        "interestIncome": 0,
        "interestExpense": 0,
        "depreciationAndAmortization": 41100000,
        "ebitda": 73700000,
        "ebitdaratio": 0.0708517593,
        "operatingIncome": 32600000,
        "operatingIncomeRatio": 0.0313401269,
        "totalOtherIncomeExpensesNet": 20200000,
        "incomeBeforeTax": 52800000,
        "incomeBeforeTaxRatio": 0.0507594693,
        "incomeTaxExpense": 20500000,
        "netIncome": 32300000,
        "netIncomeRatio": 0.0310517208,
        "eps": 0.11,
        "epsdiluted": 0.11,
        "weightedAverageShsOut": 293636364,
        "weightedAverageShsOutDil": 293636364,
        "link": "https://www.sec.gov/Archives/edgar/data/72333/000007233398000011/0000072333-98-000011-index.html",
        "finalLink": "https://www.sec.gov/Archives/edgar/data/72333/"
    },
    {
        "date": "1998-01-31",
        "symbol": "JWN",
        "reportedCurrency": "USD",
        "cik": "0000072333",
        "fillingDate": "1998-03-31",
        "acceptedDate": "1998-03-31 00:00:00",
        "calendarYear": "1997",
        "period": "Q4",
        "revenue": 1454700000,
        "costOfRevenue": 957400000,
        "grossProfit": 497300000,
        "grossProfitRatio": 0.3418574276,
        "researchAndDevelopmentExpenses": 0,
        "generalAndAdministrativeExpenses": 372100000,
        "sellingAndMarketingExpenses": 0,
        "sellingGeneralAndAdministrativeExpenses": 372100000,
        "otherExpenses": 43300000,
        "operatingExpenses": 415400000,
        "costAndExpenses": 1372800000,
        "interestIncome": 0,
        "interestExpense": 0,
        "depreciationAndAmortization": 43300000,
        "ebitda": 125200000,
        "ebitdaratio": 0.0860658555,
        "operatingIncome": 81900000,
        "operatingIncomeRatio": 0.0563002681,
        "totalOtherIncomeExpensesNet": 15600000,
        "incomeBeforeTax": 97500000,
        "incomeBeforeTaxRatio": 0.0670241287,
        "incomeTaxExpense": 38400000,
        "netIncome": 59100000,
        "netIncomeRatio": 0.0406269334,
        "eps": 0.2,
        "epsdiluted": 0.2,
        "weightedAverageShsOut": 293636364,
        "weightedAverageShsOutDil": 293636364,
        "link": "https://www.sec.gov/Archives/edgar/data/72333/000007233398000004/0000072333-98-000004-index.html",
        "finalLink": "https://www.sec.gov/Archives/edgar/data/72333/"
    },
    {
        "date": "1997-10-31",
        "symbol": "JWN",
        "reportedCurrency": "USD",
        "cik": "0000072333",
        "fillingDate": "1997-12-09",
        "acceptedDate": "1997-12-09 00:00:00",
        "calendarYear": "1997",
        "period": "Q3",
        "revenue": 1089800000,
        "costOfRevenue": 681900000,
        "grossProfit": 407900000,
        "grossProfitRatio": 0.3742888603,
        "researchAndDevelopmentExpenses": 0,
        "generalAndAdministrativeExpenses": 326200000,
        "sellingAndMarketingExpenses": 0,
        "sellingGeneralAndAdministrativeExpenses": 326200000,
        "otherExpenses": 42200000,
        "operatingExpenses": 368400000,
        "costAndExpenses": 1050300000,
        "interestIncome": 0,
        "interestExpense": 0,
        "depreciationAndAmortization": 42200000,
        "ebitda": 81700000,
        "ebitdaratio": 0.074967884,
        "operatingIncome": 39500000,
        "operatingIncomeRatio": 0.0362451826,
        "totalOtherIncomeExpensesNet": 20100000,
        "incomeBeforeTax": 59600000,
        "incomeBeforeTaxRatio": 0.0546889337,
        "incomeTaxExpense": 23500000,
        "netIncome": 36100000,
        "netIncomeRatio": 0.0331253441,
        "eps": 0.12,
        "epsdiluted": 0.12,
        "weightedAverageShsOut": 300833333,
        "weightedAverageShsOutDil": 300833333,
        "link": "https://www.sec.gov/Archives/edgar/data/72333/000007233397000020/0000072333-97-000020-index.html",
        "finalLink": "https://www.sec.gov/Archives/edgar/data/72333/"
    },
    {
        "date": "1997-07-31",
        "symbol": "JWN",
        "reportedCurrency": "USD",
        "cik": "0000072333",
        "fillingDate": "1997-09-09",
        "acceptedDate": "1997-09-09 00:00:00",
        "calendarYear": "1997",
        "period": "Q2",
        "revenue": 1353300000,
        "costOfRevenue": 886800000,
        "grossProfit": 466500000,
        "grossProfitRatio": 0.344712924,
        "researchAndDevelopmentExpenses": 0,
        "generalAndAdministrativeExpenses": 350400000,
        "sellingAndMarketingExpenses": 0,
        "sellingGeneralAndAdministrativeExpenses": 350400000,
        "otherExpenses": 37600000,
        "operatingExpenses": 388000000,
        "costAndExpenses": 1274800000,
        "interestIncome": 0,
        "interestExpense": 0,
        "depreciationAndAmortization": 37600000,
        "ebitda": 116100000,
        "ebitdaratio": 0.0857902904,
        "operatingIncome": 78500000,
        "operatingIncomeRatio": 0.0580063548,
        "totalOtherIncomeExpensesNet": 18200000,
        "incomeBeforeTax": 96700000,
        "incomeBeforeTaxRatio": 0.0714549619,
        "incomeTaxExpense": 38100000,
        "netIncome": 58600000,
        "netIncomeRatio": 0.0433015592,
        "eps": 0.19,
        "epsdiluted": 0.19,
        "weightedAverageShsOut": 308421053,
        "weightedAverageShsOutDil": 308421053,
        "link": "https://www.sec.gov/Archives/edgar/data/72333/000007233397000017/0000072333-97-000017-index.html",
        "finalLink": "https://www.sec.gov/Archives/edgar/data/72333/"
    },
    {
        "date": "1997-04-30",
        "symbol": "JWN",
        "reportedCurrency": "USD",
        "cik": "0000072333",
        "fillingDate": "1997-06-06",
        "acceptedDate": "1997-06-06 00:00:00",
        "calendarYear": "1997",
        "period": "Q1",
        "revenue": 953700000,
        "costOfRevenue": 609900000,
        "grossProfit": 343800000,
        "grossProfitRatio": 0.3604907204,
        "researchAndDevelopmentExpenses": 0,
        "generalAndAdministrativeExpenses": 274300000,
        "sellingAndMarketingExpenses": 0,
        "sellingGeneralAndAdministrativeExpenses": 274300000,
        "otherExpenses": 36600000,
        "operatingExpenses": 310900000,
        "costAndExpenses": 920800000,
        "interestIncome": 0,
        "interestExpense": 0,
        "depreciationAndAmortization": 36600000,
        "ebitda": 69500000,
        "ebitdaratio": 0.0728740694,
        "operatingIncome": 32900000,
        "operatingIncomeRatio": 0.0344972213,
        "totalOtherIncomeExpensesNet": 20400000,
        "incomeBeforeTax": 53300000,
        "incomeBeforeTaxRatio": 0.0558875957,
        "incomeTaxExpense": 21000000,
        "netIncome": 32300000,
        "netIncomeRatio": 0.0338680927,
        "eps": 0.11,
        "epsdiluted": 0.11,
        "weightedAverageShsOut": 307619048,
        "weightedAverageShsOutDil": 307619048,
        "link": "https://www.sec.gov/Archives/edgar/data/72333/000007233397000013/0000072333-97-000013-index.html",
        "finalLink": "https://www.sec.gov/Archives/edgar/data/72333/"
    },
    {
        "date": "1997-01-31",
        "symbol": "JWN",
        "reportedCurrency": "USD",
        "cik": "0000072333",
        "fillingDate": "1997-03-31",
        "acceptedDate": "1997-03-31 00:00:00",
        "calendarYear": "1996",
        "period": "Q4",
        "revenue": 1321200000,
        "costOfRevenue": 898400000,
        "grossProfit": 422800000,
        "grossProfitRatio": 0.3200121102,
        "researchAndDevelopmentExpenses": 0,
        "generalAndAdministrativeExpenses": 331300000,
        "sellingAndMarketingExpenses": 0,
        "sellingGeneralAndAdministrativeExpenses": 331300000,
        "otherExpenses": 39200000,
        "operatingExpenses": 370500000,
        "costAndExpenses": 1268900000,
        "interestIncome": 0,
        "interestExpense": 0,
        "depreciationAndAmortization": 39200000,
        "ebitda": 91500000,
        "ebitdaratio": 0.0692552225,
        "operatingIncome": 52300000,
        "operatingIncomeRatio": 0.0395852256,
        "totalOtherIncomeExpensesNet": 18500000,
        "incomeBeforeTax": 70800000,
        "incomeBeforeTaxRatio": 0.0535876476,
        "incomeTaxExpense": 28000000,
        "netIncome": 42800000,
        "netIncomeRatio": 0.0323947926,
        "eps": 0.14,
        "epsdiluted": 0.14,
        "weightedAverageShsOut": 307619048,
        "weightedAverageShsOutDil": 307619048,
        "link": "https://www.sec.gov/Archives/edgar/data/72333/000007233397000007/0000072333-97-000007-index.html",
        "finalLink": "https://www.sec.gov/Archives/edgar/data/72333/"
    },
    {
        "date": "1996-10-31",
        "symbol": "JWN",
        "reportedCurrency": "USD",
        "cik": "0000072333",
        "fillingDate": "1996-12-12",
        "acceptedDate": "1996-12-12 00:00:00",
        "calendarYear": "1996",
        "period": "Q3",
        "revenue": 984400000,
        "costOfRevenue": 624700000,
        "grossProfit": 359700000,
        "grossProfitRatio": 0.3654002438,
        "researchAndDevelopmentExpenses": 0,
        "generalAndAdministrativeExpenses": 288600000,
        "sellingAndMarketingExpenses": 0,
        "sellingGeneralAndAdministrativeExpenses": 288600000,
        "otherExpenses": 40700000,
        "operatingExpenses": 329300000,
        "costAndExpenses": 954000000,
        "interestIncome": 0,
        "interestExpense": 0,
        "depreciationAndAmortization": 40700000,
        "ebitda": 71100000,
        "ebitdaratio": 0.0722267371,
        "operatingIncome": 30400000,
        "operatingIncomeRatio": 0.0308817554,
        "totalOtherIncomeExpensesNet": 25300000,
        "incomeBeforeTax": 55700000,
        "incomeBeforeTaxRatio": 0.05658269,
        "incomeTaxExpense": 21700000,
        "netIncome": 34000000,
        "netIncomeRatio": 0.0345388054,
        "eps": 0.11,
        "epsdiluted": 0.11,
        "weightedAverageShsOut": 323809524,
        "weightedAverageShsOutDil": 323809524,
        "link": "https://www.sec.gov/Archives/edgar/data/72333/000007233396000012/0000072333-96-000012-index.html",
        "finalLink": "https://www.sec.gov/Archives/edgar/data/72333/"
    },
    {
        "date": "1996-07-31",
        "symbol": "JWN",
        "reportedCurrency": "USD",
        "cik": "0000072333",
        "fillingDate": "1996-09-05",
        "acceptedDate": "1996-09-05 00:00:00",
        "calendarYear": "1996",
        "period": "Q2",
        "revenue": 1241500000,
        "costOfRevenue": 823800000,
        "grossProfit": 417700000,
        "grossProfitRatio": 0.3364478453,
        "researchAndDevelopmentExpenses": 0,
        "generalAndAdministrativeExpenses": 328800000,
        "sellingAndMarketingExpenses": 0,
        "sellingGeneralAndAdministrativeExpenses": 328800000,
        "otherExpenses": 38100000,
        "operatingExpenses": 366900000,
        "costAndExpenses": 1190700000,
        "interestIncome": 0,
        "interestExpense": 0,
        "depreciationAndAmortization": 38100000,
        "ebitda": 88900000,
        "ebitdaratio": 0.0716069271,
        "operatingIncome": 50800000,
        "operatingIncomeRatio": 0.0409182441,
        "totalOtherIncomeExpensesNet": 23300000,
        "incomeBeforeTax": 74100000,
        "incomeBeforeTaxRatio": 0.0596858639,
        "incomeTaxExpense": 29300000,
        "netIncome": 44800000,
        "netIncomeRatio": 0.0360853806,
        "eps": 0.14,
        "epsdiluted": 0.14,
        "weightedAverageShsOut": 320000000,
        "weightedAverageShsOutDil": 320000000,
        "link": "https://www.sec.gov/Archives/edgar/data/72333/000007233396000008/0000072333-96-000008-index.html",
        "finalLink": "https://www.sec.gov/Archives/edgar/data/72333/"
    },
    {
        "date": "1996-04-30",
        "symbol": "JWN",
        "reportedCurrency": "USD",
        "cik": "0000072333",
        "fillingDate": "1996-06-11",
        "acceptedDate": "1996-06-11 00:00:00",
        "calendarYear": "1996",
        "period": "Q1",
        "revenue": 906000000,
        "costOfRevenue": 579000000,
        "grossProfit": 327000000,
        "grossProfitRatio": 0.3609271523,
        "researchAndDevelopmentExpenses": 0,
        "generalAndAdministrativeExpenses": 268800000,
        "sellingAndMarketingExpenses": 0,
        "sellingGeneralAndAdministrativeExpenses": 268800000,
        "otherExpenses": 38100000,
        "operatingExpenses": 306900000,
        "costAndExpenses": 885900000,
        "interestIncome": 0,
        "interestExpense": 0,
        "depreciationAndAmortization": 38100000,
        "ebitda": 58200000,
        "ebitdaratio": 0.0642384106,
        "operatingIncome": 20100000,
        "operatingIncomeRatio": 0.0221854305,
        "totalOtherIncomeExpensesNet": 25100000,
        "incomeBeforeTax": 45200000,
        "incomeBeforeTaxRatio": 0.0498896247,
        "incomeTaxExpense": 17900000,
        "netIncome": 25800000,
        "netIncomeRatio": 0.0284768212,
        "eps": 0.075,
        "epsdiluted": 0.075,
        "weightedAverageShsOut": 344000000,
        "weightedAverageShsOutDil": 344000000,
        "link": "https://www.sec.gov/Archives/edgar/data/72333/000007233396000005/0000072333-96-000005-index.html",
        "finalLink": "https://www.sec.gov/Archives/edgar/data/72333/"
    },
    {
        "date": "1996-01-31",
        "symbol": "JWN",
        "reportedCurrency": "USD",
        "cik": "0000072333",
        "fillingDate": "1996-03-29",
        "acceptedDate": "1996-03-29 00:00:00",
        "calendarYear": "1995",
        "period": "Q4",
        "revenue": 1241800000,
        "costOfRevenue": 822700000,
        "grossProfit": 419100000,
        "grossProfitRatio": 0.3374939604,
        "researchAndDevelopmentExpenses": 0,
        "generalAndAdministrativeExpenses": 314000000,
        "sellingAndMarketingExpenses": 0,
        "sellingGeneralAndAdministrativeExpenses": 314000000,
        "otherExpenses": 37800000,
        "operatingExpenses": 351800000,
        "costAndExpenses": 1174500000,
        "interestIncome": 0,
        "interestExpense": 0,
        "depreciationAndAmortization": 37800000,
        "ebitda": 105100000,
        "ebitdaratio": 0.084635207,
        "operatingIncome": 67300000,
        "operatingIncomeRatio": 0.0541955226,
        "totalOtherIncomeExpensesNet": 21700000,
        "incomeBeforeTax": 89000000,
        "incomeBeforeTaxRatio": 0.0716701562,
        "incomeTaxExpense": 34900000,
        "netIncome": 54100000,
        "netIncomeRatio": 0.0435657916,
        "eps": 0.16,
        "epsdiluted": 0.16,
        "weightedAverageShsOut": 328311008,
        "weightedAverageShsOutDil": 344000000,
        "link": "https://www.sec.gov/Archives/edgar/data/72333/000007233396000002/0000072333-96-000002-index.html",
        "finalLink": "https://www.sec.gov/Archives/edgar/data/72333/"
    },
    {
        "date": "1995-10-31",
        "symbol": "JWN",
        "reportedCurrency": "USD",
        "cik": "0000072333",
        "fillingDate": "1995-12-05",
        "acceptedDate": "1995-12-05 00:00:00",
        "calendarYear": "1995",
        "period": "Q3",
        "revenue": 906800000,
        "costOfRevenue": 577100000,
        "grossProfit": 329700000,
        "grossProfitRatio": 0.3635862373,
        "researchAndDevelopmentExpenses": 0,
        "generalAndAdministrativeExpenses": 267600000,
        "sellingAndMarketingExpenses": 0,
        "sellingGeneralAndAdministrativeExpenses": 267600000,
        "otherExpenses": 35200000,
        "operatingExpenses": 302800000,
        "costAndExpenses": 879900000,
        "interestIncome": 0,
        "interestExpense": 0,
        "depreciationAndAmortization": 35200000,
        "ebitda": 62100000,
        "ebitdaratio": 0.0684825761,
        "operatingIncome": 26900000,
        "operatingIncomeRatio": 0.0296647552,
        "totalOtherIncomeExpensesNet": 21600000,
        "incomeBeforeTax": 48500000,
        "incomeBeforeTaxRatio": 0.0534847816,
        "incomeTaxExpense": 19100000,
        "netIncome": 29400000,
        "netIncomeRatio": 0.0324217027,
        "eps": 0.09,
        "epsdiluted": 0.09,
        "weightedAverageShsOut": 326666667,
        "weightedAverageShsOutDil": 326666667,
        "link": "https://www.sec.gov/Archives/edgar/data/72333/000007233395000017/0000072333-95-000017-index.html",
        "finalLink": "https://www.sec.gov/Archives/edgar/data/72333/"
    },
    {
        "date": "1995-07-31",
        "symbol": "JWN",
        "reportedCurrency": "USD",
        "cik": "0000072333",
        "fillingDate": "1995-09-06",
        "acceptedDate": "1995-09-06 00:00:00",
        "calendarYear": "1995",
        "period": "Q2",
        "revenue": 1149200000,
        "costOfRevenue": 748100000,
        "grossProfit": 401100000,
        "grossProfitRatio": 0.349025409,
        "researchAndDevelopmentExpenses": 0,
        "generalAndAdministrativeExpenses": 299800000,
        "sellingAndMarketingExpenses": 0,
        "sellingGeneralAndAdministrativeExpenses": 299800000,
        "otherExpenses": 31700000,
        "operatingExpenses": 331500000,
        "costAndExpenses": 1079600000,
        "interestIncome": 0,
        "interestExpense": 0,
        "depreciationAndAmortization": 31700000,
        "ebitda": 101300000,
        "ebitdaratio": 0.0881482771,
        "operatingIncome": 69600000,
        "operatingIncomeRatio": 0.0605638705,
        "totalOtherIncomeExpensesNet": 19500000,
        "incomeBeforeTax": 89100000,
        "incomeBeforeTaxRatio": 0.0775321963,
        "incomeTaxExpense": 35200000,
        "netIncome": 53900000,
        "netIncomeRatio": 0.0469021928,
        "eps": 0.17,
        "epsdiluted": 0.17,
        "weightedAverageShsOut": 326666667,
        "weightedAverageShsOutDil": 326666667,
        "link": "https://www.sec.gov/Archives/edgar/data/72333/000007233395000013/0000072333-95-000013-index.html",
        "finalLink": "https://www.sec.gov/Archives/edgar/data/72333/"
    },
    {
        "date": "1995-04-30",
        "symbol": "JWN",
        "reportedCurrency": "USD",
        "cik": "0000072333",
        "fillingDate": "1995-06-02",
        "acceptedDate": "1995-06-02 00:00:00",
        "calendarYear": "1995",
        "period": "Q1",
        "revenue": 815600000,
        "costOfRevenue": 524200000,
        "grossProfit": 291400000,
        "grossProfitRatio": 0.3572829819,
        "researchAndDevelopmentExpenses": 0,
        "generalAndAdministrativeExpenses": 239800000,
        "sellingAndMarketingExpenses": 0,
        "sellingGeneralAndAdministrativeExpenses": 239800000,
        "otherExpenses": 29600000,
        "operatingExpenses": 269400000,
        "costAndExpenses": 793600000,
        "interestIncome": 0,
        "interestExpense": 0,
        "depreciationAndAmortization": 29600000,
        "ebitda": 51600000,
        "ebitdaratio": 0.063266307,
        "operatingIncome": 22000000,
        "operatingIncomeRatio": 0.0269740069,
        "totalOtherIncomeExpensesNet": 23700000,
        "incomeBeforeTax": 45700000,
        "incomeBeforeTaxRatio": 0.0560323688,
        "incomeTaxExpense": 18000000,
        "netIncome": 27700000,
        "netIncomeRatio": 0.0339627268,
        "eps": 0.085,
        "epsdiluted": 0.085,
        "weightedAverageShsOut": 325882353,
        "weightedAverageShsOutDil": 325882353,
        "link": "https://www.sec.gov/Archives/edgar/data/72333/000007233395000005/0000072333-95-000005-index.html",
        "finalLink": "https://www.sec.gov/Archives/edgar/data/72333/"
    },
    {
        "date": "1995-01-31",
        "symbol": "JWN",
        "reportedCurrency": "USD",
        "cik": "0000072333",
        "fillingDate": "1995-03-31",
        "acceptedDate": "1995-03-31 00:00:00",
        "calendarYear": "1994",
        "period": "Q4",
        "revenue": 1191000000,
        "costOfRevenue": 764600000,
        "grossProfit": 426400000,
        "grossProfitRatio": 0.3580184719,
        "researchAndDevelopmentExpenses": 0,
        "generalAndAdministrativeExpenses": 294500000,
        "sellingAndMarketingExpenses": 0,
        "sellingGeneralAndAdministrativeExpenses": 294500000,
        "otherExpenses": 31900000,
        "operatingExpenses": 326400000,
        "costAndExpenses": 1091000000,
        "interestIncome": 0,
        "interestExpense": 0,
        "depreciationAndAmortization": 31900000,
        "ebitda": 131900000,
        "ebitdaratio": 0.1107472712,
        "operatingIncome": 100000000,
        "operatingIncomeRatio": 0.0839630563,
        "totalOtherIncomeExpensesNet": 15500000,
        "incomeBeforeTax": 115500000,
        "incomeBeforeTaxRatio": 0.09697733,
        "incomeTaxExpense": 45600000,
        "netIncome": 69900000,
        "netIncomeRatio": 0.0586901763,
        "eps": 0.21,
        "epsdiluted": 0.21,
        "weightedAverageShsOut": 325882353,
        "weightedAverageShsOutDil": 325882353,
        "link": "https://www.sec.gov/Archives/edgar/data/72333/000007233395000004/0000072333-95-000004-index.html",
        "finalLink": "https://www.sec.gov/Archives/edgar/data/72333/"
    },
    {
        "date": "1994-10-31",
        "symbol": "JWN",
        "reportedCurrency": "USD",
        "cik": "0000072333",
        "fillingDate": "1994-12-05",
        "acceptedDate": "1994-12-05 00:00:00",
        "calendarYear": "1994",
        "period": "Q3",
        "revenue": 862000000,
        "costOfRevenue": 540900000,
        "grossProfit": 321100000,
        "grossProfitRatio": 0.3725058005,
        "researchAndDevelopmentExpenses": 0,
        "generalAndAdministrativeExpenses": 246300000,
        "sellingAndMarketingExpenses": 0,
        "sellingGeneralAndAdministrativeExpenses": 246300000,
        "otherExpenses": 28400000,
        "operatingExpenses": 274700000,
        "costAndExpenses": 815600000,
        "interestIncome": 0,
        "interestExpense": 0,
        "depreciationAndAmortization": 28400000,
        "ebitda": 74800000,
        "ebitdaratio": 0.086774942,
        "operatingIncome": 46400000,
        "operatingIncomeRatio": 0.0538283063,
        "totalOtherIncomeExpensesNet": 16700000,
        "incomeBeforeTax": 63100000,
        "incomeBeforeTaxRatio": 0.0732018561,
        "incomeTaxExpense": 25000000,
        "netIncome": 38100000,
        "netIncomeRatio": 0.044199536,
        "eps": 0.12,
        "epsdiluted": 0.12,
        "weightedAverageShsOut": 331304348,
        "weightedAverageShsOutDil": 331304348,
        "link": "https://www.sec.gov/Archives/edgar/data/72333/000007233394000021/0000072333-94-000021-index.html",
        "finalLink": "https://www.sec.gov/Archives/edgar/data/72333/"
    },
    {
        "date": "1994-07-31",
        "symbol": "JWN",
        "reportedCurrency": "USD",
        "cik": "0000072333",
        "fillingDate": "1994-09-02",
        "acceptedDate": "1994-09-02 00:00:00",
        "calendarYear": "1994",
        "period": "Q2",
        "revenue": 1079500000,
        "costOfRevenue": 698100000,
        "grossProfit": 381400000,
        "grossProfitRatio": 0.3533117184,
        "researchAndDevelopmentExpenses": 0,
        "generalAndAdministrativeExpenses": 267600000,
        "sellingAndMarketingExpenses": 0,
        "sellingGeneralAndAdministrativeExpenses": 267600000,
        "otherExpenses": 25600000,
        "operatingExpenses": 293200000,
        "costAndExpenses": 991300000,
        "interestIncome": 0,
        "interestExpense": 0,
        "depreciationAndAmortization": 25600000,
        "ebitda": 113800000,
        "ebitdaratio": 0.1054191755,
        "operatingIncome": 88200000,
        "operatingIncomeRatio": 0.0817044928,
        "totalOtherIncomeExpensesNet": 16000000,
        "incomeBeforeTax": 104200000,
        "incomeBeforeTaxRatio": 0.0965261695,
        "incomeTaxExpense": 41200000,
        "netIncome": 63000000,
        "netIncomeRatio": 0.058360352,
        "eps": 0.2,
        "epsdiluted": 0.2,
        "weightedAverageShsOut": 323076923,
        "weightedAverageShsOutDil": 323076923,
        "link": "https://www.sec.gov/Archives/edgar/data/72333/000007233394000018/0000072333-94-000018-index.html",
        "finalLink": "https://www.sec.gov/Archives/edgar/data/72333/"
    },
    {
        "date": "1994-04-30",
        "symbol": "JWN",
        "reportedCurrency": "USD",
        "cik": "0000072333",
        "fillingDate": "1994-06-03",
        "acceptedDate": "1994-06-03 00:00:00",
        "calendarYear": "1994",
        "period": "Q1",
        "revenue": 762100000,
        "costOfRevenue": 485200000,
        "grossProfit": 276900000,
        "grossProfitRatio": 0.3633381446,
        "researchAndDevelopmentExpenses": 0,
        "generalAndAdministrativeExpenses": 214900000,
        "sellingAndMarketingExpenses": 0,
        "sellingGeneralAndAdministrativeExpenses": 214900000,
        "otherExpenses": 24900000,
        "operatingExpenses": 239800000,
        "costAndExpenses": 725000000,
        "interestIncome": 0,
        "interestExpense": 0,
        "depreciationAndAmortization": 24900000,
        "ebitda": 62000000,
        "ebitdaratio": 0.081354153,
        "operatingIncome": 37100000,
        "operatingIncomeRatio": 0.0486812754,
        "totalOtherIncomeExpensesNet": 15700000,
        "incomeBeforeTax": 52800000,
        "incomeBeforeTaxRatio": 0.0692822464,
        "incomeTaxExpense": 20800000,
        "netIncome": 32000000,
        "netIncomeRatio": 0.0419892403,
        "eps": 0.1,
        "epsdiluted": 0.1,
        "weightedAverageShsOut": 320000000,
        "weightedAverageShsOutDil": 320000000,
        "link": "https://www.sec.gov/Archives/edgar/data/72333/000007233394000005/0000072333-94-000005-index.html",
        "finalLink": "https://www.sec.gov/Archives/edgar/data/72333/"
    },
    {
        "date": "1994-01-31",
        "symbol": "JWN",
        "reportedCurrency": "USD",
        "cik": "0000072333",
        "fillingDate": "1994-03-31",
        "acceptedDate": "1994-03-31 00:00:00",
        "calendarYear": "1993",
        "period": "Q4",
        "revenue": 1107400000,
        "costOfRevenue": 723100000,
        "grossProfit": 384300000,
        "grossProfitRatio": 0.3470290771,
        "researchAndDevelopmentExpenses": 0,
        "generalAndAdministrativeExpenses": 0,
        "sellingAndMarketingExpenses": 0,
        "sellingGeneralAndAdministrativeExpenses": 267700000,
        "otherExpenses": 28300000,
        "operatingExpenses": 296000000,
        "costAndExpenses": 1019100000,
        "interestIncome": 0,
        "interestExpense": 0,
        "depreciationAndAmortization": 28300000,
        "ebitda": 116600000,
        "ebitdaratio": 0.1052916742,
        "operatingIncome": 88300000,
        "operatingIncomeRatio": 0.0797363193,
        "totalOtherIncomeExpensesNet": 12000000,
        "incomeBeforeTax": 100300000,
        "incomeBeforeTaxRatio": 0.0905725122,
        "incomeTaxExpense": 39300000,
        "netIncome": 61000000,
        "netIncomeRatio": 0.0550839805,
        "eps": 0.19,
        "epsdiluted": 0.19,
        "weightedAverageShsOut": 318750000,
        "weightedAverageShsOutDil": 318750000,
        "link": "https://www.sec.gov/Archives/edgar/data/72333/000007233394000003/0000072333-94-000003-index.html",
        "finalLink": "https://www.sec.gov/Archives/edgar/data/72333/"
    },
    {
        "date": "1993-10-31",
        "symbol": "JWN",
        "reportedCurrency": "USD",
        "cik": "0000072333",
        "fillingDate": "1993-10-31",
        "acceptedDate": "1993-10-31 00:00:00",
        "calendarYear": "1993",
        "period": "Q3",
        "revenue": 769400000,
        "costOfRevenue": 498500000,
        "grossProfit": 270900000,
        "grossProfitRatio": 0.3520925396,
        "researchAndDevelopmentExpenses": 0,
        "generalAndAdministrativeExpenses": 0,
        "sellingAndMarketingExpenses": 0,
        "sellingGeneralAndAdministrativeExpenses": 216300000,
        "otherExpenses": 25800000,
        "operatingExpenses": 242100000,
        "costAndExpenses": 740600000,
        "interestIncome": 0,
        "interestExpense": 0,
        "depreciationAndAmortization": 25800000,
        "ebitda": 54600000,
        "ebitdaratio": 0.0709643878,
        "operatingIncome": 28800000,
        "operatingIncomeRatio": 0.037431765,
        "totalOtherIncomeExpensesNet": 13300000,
        "incomeBeforeTax": 42100000,
        "incomeBeforeTaxRatio": 0.054717962,
        "incomeTaxExpense": 16600000,
        "netIncome": 25500000,
        "netIncomeRatio": 0.0331427086,
        "eps": 0.08,
        "epsdiluted": 0.08,
        "weightedAverageShsOut": 318750000,
        "weightedAverageShsOutDil": 318750000,
        "link": null,
        "finalLink": null
    },
    {
        "date": "1993-07-31",
        "symbol": "JWN",
        "reportedCurrency": "USD",
        "cik": "0000072333",
        "fillingDate": "1993-07-31",
        "acceptedDate": "1993-07-31 00:00:00",
        "calendarYear": "1993",
        "period": "Q2",
        "revenue": 1017600000,
        "costOfRevenue": 686100000,
        "grossProfit": 331500000,
        "grossProfitRatio": 0.3257665094,
        "researchAndDevelopmentExpenses": 0,
        "generalAndAdministrativeExpenses": 0,
        "sellingAndMarketingExpenses": 0,
        "sellingGeneralAndAdministrativeExpenses": 248300000,
        "otherExpenses": 24900000,
        "operatingExpenses": 273200000,
        "costAndExpenses": 959300000,
        "interestIncome": 0,
        "interestExpense": 0,
        "depreciationAndAmortization": 24900000,
        "ebitda": 83200000,
        "ebitdaratio": 0.0817610063,
        "operatingIncome": 58300000,
        "operatingIncomeRatio": 0.0572916667,
        "totalOtherIncomeExpensesNet": 11900000,
        "incomeBeforeTax": 70200000,
        "incomeBeforeTaxRatio": 0.0689858491,
        "incomeTaxExpense": 27500000,
        "netIncome": 42700000,
        "netIncomeRatio": 0.041961478,
        "eps": 0.13,
        "epsdiluted": 0.13,
        "weightedAverageShsOut": 328461538,
        "weightedAverageShsOutDil": 328461538,
        "link": null,
        "finalLink": null
    },
    {
        "date": "1993-04-30",
        "symbol": "JWN",
        "reportedCurrency": "USD",
        "cik": "0000072333",
        "fillingDate": "1993-04-30",
        "acceptedDate": "1993-04-30 00:00:00",
        "calendarYear": "1993",
        "period": "Q1",
        "revenue": 695600000,
        "costOfRevenue": 458100000,
        "grossProfit": 237500000,
        "grossProfitRatio": 0.3414318574,
        "researchAndDevelopmentExpenses": 0,
        "generalAndAdministrativeExpenses": 0,
        "sellingAndMarketingExpenses": 0,
        "sellingGeneralAndAdministrativeExpenses": 208200000,
        "otherExpenses": 24500000,
        "operatingExpenses": 232700000,
        "costAndExpenses": 690800000,
        "interestIncome": 0,
        "interestExpense": 0,
        "depreciationAndAmortization": 24500000,
        "ebitda": 29300000,
        "ebitdaratio": 0.0421219091,
        "operatingIncome": 4800000,
        "operatingIncomeRatio": 0.0069005175,
        "totalOtherIncomeExpensesNet": 13600000,
        "incomeBeforeTax": 18400000,
        "incomeBeforeTaxRatio": 0.0264519839,
        "incomeTaxExpense": 7100000,
        "netIncome": 11300000,
        "netIncomeRatio": 0.0162449684,
        "eps": 0.035,
        "epsdiluted": 0.035,
        "weightedAverageShsOut": 322857143,
        "weightedAverageShsOutDil": 322857143,
        "link": null,
        "finalLink": null
    },
    {
        "date": "1993-01-31",
        "symbol": "JWN",
        "reportedCurrency": "USD",
        "cik": "0000072333",
        "fillingDate": "1993-01-31",
        "acceptedDate": "1993-01-31 00:00:00",
        "calendarYear": "1992",
        "period": "Q4",
        "revenue": 1069300000,
        "costOfRevenue": 709300000,
        "grossProfit": 360000000,
        "grossProfitRatio": 0.3366688488,
        "researchAndDevelopmentExpenses": 0,
        "generalAndAdministrativeExpenses": 0,
        "sellingAndMarketingExpenses": 0,
        "sellingGeneralAndAdministrativeExpenses": 257700000,
        "otherExpenses": 27700000,
        "operatingExpenses": 285400000,
        "costAndExpenses": 994700000,
        "interestIncome": 0,
        "interestExpense": 0,
        "depreciationAndAmortization": 27700000,
        "ebitda": 102300000,
        "ebitdaratio": 0.0956700645,
        "operatingIncome": 74600000,
        "operatingIncomeRatio": 0.069765267,
        "totalOtherIncomeExpensesNet": 6500000,
        "incomeBeforeTax": 81100000,
        "incomeBeforeTaxRatio": 0.0758440101,
        "incomeTaxExpense": 31200000,
        "netIncome": 49900000,
        "netIncomeRatio": 0.0466660432,
        "eps": 0.16,
        "epsdiluted": 0.16,
        "weightedAverageShsOut": 312000000,
        "weightedAverageShsOutDil": 312000000,
        "link": null,
        "finalLink": null
    },
    {
        "date": "1992-10-31",
        "symbol": "JWN",
        "reportedCurrency": "USD",
        "cik": "0000072333",
        "fillingDate": "1992-10-31",
        "acceptedDate": "1992-10-31 00:00:00",
        "calendarYear": "1992",
        "period": "Q3",
        "revenue": 737300000,
        "costOfRevenue": 471300000,
        "grossProfit": 266000000,
        "grossProfitRatio": 0.3607758036,
        "researchAndDevelopmentExpenses": 0,
        "generalAndAdministrativeExpenses": 0,
        "sellingAndMarketingExpenses": 0,
        "sellingGeneralAndAdministrativeExpenses": 213400000,
        "otherExpenses": 26900000,
        "operatingExpenses": 240300000,
        "costAndExpenses": 711600000,
        "interestIncome": 0,
        "interestExpense": 0,
        "depreciationAndAmortization": 26900000,
        "ebitda": 52600000,
        "ebitdaratio": 0.0713413807,
        "operatingIncome": 25700000,
        "operatingIncomeRatio": 0.0348569103,
        "totalOtherIncomeExpensesNet": 12000000,
        "incomeBeforeTax": 37700000,
        "incomeBeforeTaxRatio": 0.0511325105,
        "incomeTaxExpense": 14300000,
        "netIncome": 23400000,
        "netIncomeRatio": 0.0317374203,
        "eps": 0.075,
        "epsdiluted": 0.075,
        "weightedAverageShsOut": 312000000,
        "weightedAverageShsOutDil": 312000000,
        "link": null,
        "finalLink": null
    },
    {
        "date": "1992-07-31",
        "symbol": "JWN",
        "reportedCurrency": "USD",
        "cik": "0000072333",
        "fillingDate": "1992-07-31",
        "acceptedDate": "1992-07-31 00:00:00",
        "calendarYear": "1992",
        "period": "Q2",
        "revenue": 951600000,
        "costOfRevenue": 627600000,
        "grossProfit": 324000000,
        "grossProfitRatio": 0.3404791929,
        "researchAndDevelopmentExpenses": 0,
        "generalAndAdministrativeExpenses": 0,
        "sellingAndMarketingExpenses": 0,
        "sellingGeneralAndAdministrativeExpenses": 242200000,
        "otherExpenses": 24400000,
        "operatingExpenses": 266600000,
        "costAndExpenses": 894200000,
        "interestIncome": 0,
        "interestExpense": 0,
        "depreciationAndAmortization": 24400000,
        "ebitda": 81800000,
        "ebitdaratio": 0.0859604876,
        "operatingIncome": 57400000,
        "operatingIncomeRatio": 0.060319462,
        "totalOtherIncomeExpensesNet": 10600000,
        "incomeBeforeTax": 68000000,
        "incomeBeforeTaxRatio": 0.071458596,
        "incomeTaxExpense": 26300000,
        "netIncome": 41700000,
        "netIncomeRatio": 0.0438209332,
        "eps": 0.13,
        "epsdiluted": 0.13,
        "weightedAverageShsOut": 320769231,
        "weightedAverageShsOutDil": 320769231,
        "link": null,
        "finalLink": null
    },
    {
        "date": "1992-04-30",
        "symbol": "JWN",
        "reportedCurrency": "USD",
        "cik": "0000072333",
        "fillingDate": "1992-04-30",
        "acceptedDate": "1992-04-30 00:00:00",
        "calendarYear": "1992",
        "period": "Q1",
        "revenue": 663800000,
        "costOfRevenue": 428100000,
        "grossProfit": 235700000,
        "grossProfitRatio": 0.3550768304,
        "researchAndDevelopmentExpenses": 0,
        "generalAndAdministrativeExpenses": 0,
        "sellingAndMarketingExpenses": 0,
        "sellingGeneralAndAdministrativeExpenses": 188800000,
        "otherExpenses": 23800000,
        "operatingExpenses": 212600000,
        "costAndExpenses": 640700000,
        "interestIncome": 0,
        "interestExpense": 0,
        "depreciationAndAmortization": 23800000,
        "ebitda": 46900000,
        "ebitdaratio": 0.0706538114,
        "operatingIncome": 23100000,
        "operatingIncomeRatio": 0.0347996384,
        "totalOtherIncomeExpensesNet": 12200000,
        "incomeBeforeTax": 35300000,
        "incomeBeforeTaxRatio": 0.0531786683,
        "incomeTaxExpense": 13700000,
        "netIncome": 21600000,
        "netIncomeRatio": 0.0325399217,
        "eps": 0.065,
        "epsdiluted": 0.065,
        "weightedAverageShsOut": 332307692,
        "weightedAverageShsOutDil": 332307692,
        "link": null,
        "finalLink": null
    },
    {
        "date": "1992-01-31",
        "symbol": "JWN",
        "reportedCurrency": "USD",
        "cik": "0000072333",
        "fillingDate": "1992-01-31",
        "acceptedDate": "1992-01-31 00:00:00",
        "calendarYear": "1991",
        "period": "Q4",
        "revenue": 978000000,
        "costOfRevenue": 658500000,
        "grossProfit": 319500000,
        "grossProfitRatio": 0.3266871166,
        "researchAndDevelopmentExpenses": 0,
        "generalAndAdministrativeExpenses": 0,
        "sellingAndMarketingExpenses": 0,
        "sellingGeneralAndAdministrativeExpenses": 238100000,
        "otherExpenses": 26700000,
        "operatingExpenses": 264800000,
        "costAndExpenses": 923300000,
        "interestIncome": 0,
        "interestExpense": 0,
        "depreciationAndAmortization": 26700000,
        "ebitda": 81400000,
        "ebitdaratio": 0.0832310838,
        "operatingIncome": 54700000,
        "operatingIncomeRatio": 0.0559304703,
        "totalOtherIncomeExpensesNet": 9300000,
        "incomeBeforeTax": 64000000,
        "incomeBeforeTaxRatio": 0.0654396728,
        "incomeTaxExpense": 23200000,
        "netIncome": 40800000,
        "netIncomeRatio": 0.0417177914,
        "eps": 0.13,
        "epsdiluted": 0.13,
        "weightedAverageShsOut": 323333333,
        "weightedAverageShsOutDil": 323333333,
        "link": null,
        "finalLink": null
    },
    {
        "date": "1991-10-31",
        "symbol": "JWN",
        "reportedCurrency": "USD",
        "cik": "0000072333",
        "fillingDate": "1991-10-31",
        "acceptedDate": "1991-10-31 00:00:00",
        "calendarYear": "1991",
        "period": "Q3",
        "revenue": 687100000,
        "costOfRevenue": 439300000,
        "grossProfit": 247800000,
        "grossProfitRatio": 0.3606461941,
        "researchAndDevelopmentExpenses": 0,
        "generalAndAdministrativeExpenses": 0,
        "sellingAndMarketingExpenses": 0,
        "sellingGeneralAndAdministrativeExpenses": 203400000,
        "otherExpenses": 24400000,
        "operatingExpenses": 227800000,
        "costAndExpenses": 667100000,
        "interestIncome": 0,
        "interestExpense": 0,
        "depreciationAndAmortization": 24400000,
        "ebitda": 44400000,
        "ebitdaratio": 0.0646194149,
        "operatingIncome": 20000000,
        "operatingIncomeRatio": 0.0291078446,
        "totalOtherIncomeExpensesNet": 11300000,
        "incomeBeforeTax": 31300000,
        "incomeBeforeTaxRatio": 0.0455537767,
        "incomeTaxExpense": 11900000,
        "netIncome": 19400000,
        "netIncomeRatio": 0.0282346092,
        "eps": 0.06,
        "epsdiluted": 0.06,
        "weightedAverageShsOut": 323333333,
        "weightedAverageShsOutDil": 323333333,
        "link": null,
        "finalLink": null
    },
    {
        "date": "1991-07-31",
        "symbol": "JWN",
        "reportedCurrency": "USD",
        "cik": "0000072333",
        "fillingDate": "1991-07-31",
        "acceptedDate": "1991-07-31 00:00:00",
        "calendarYear": "1991",
        "period": "Q2",
        "revenue": 904100000,
        "costOfRevenue": 587000000,
        "grossProfit": 317100000,
        "grossProfitRatio": 0.3507355381,
        "researchAndDevelopmentExpenses": 0,
        "generalAndAdministrativeExpenses": 0,
        "sellingAndMarketingExpenses": 0,
        "sellingGeneralAndAdministrativeExpenses": 221200000,
        "otherExpenses": 23100000,
        "operatingExpenses": 244300000,
        "costAndExpenses": 831300000,
        "interestIncome": 0,
        "interestExpense": 0,
        "depreciationAndAmortization": 23100000,
        "ebitda": 95900000,
        "ebitdaratio": 0.1060723371,
        "operatingIncome": 72800000,
        "operatingIncomeRatio": 0.0805220661,
        "totalOtherIncomeExpensesNet": 7700000,
        "incomeBeforeTax": 80500000,
        "incomeBeforeTaxRatio": 0.0890388231,
        "incomeTaxExpense": 30600000,
        "netIncome": 49900000,
        "netIncomeRatio": 0.0551930096,
        "eps": 0.16,
        "epsdiluted": 0.16,
        "weightedAverageShsOut": 321935484,
        "weightedAverageShsOutDil": 321935484,
        "link": null,
        "finalLink": null
    },
    {
        "date": "1991-04-30",
        "symbol": "JWN",
        "reportedCurrency": "USD",
        "cik": "0000072333",
        "fillingDate": "1991-04-30",
        "acceptedDate": "1991-04-30 00:00:00",
        "calendarYear": "1991",
        "period": "Q1",
        "revenue": 610600000,
        "costOfRevenue": 388500000,
        "grossProfit": 222100000,
        "grossProfitRatio": 0.363740583,
        "researchAndDevelopmentExpenses": 0,
        "generalAndAdministrativeExpenses": 0,
        "sellingAndMarketingExpenses": 0,
        "sellingGeneralAndAdministrativeExpenses": 168800000,
        "otherExpenses": 21800000,
        "operatingExpenses": 190600000,
        "costAndExpenses": 579100000,
        "interestIncome": 0,
        "interestExpense": 0,
        "depreciationAndAmortization": 21800000,
        "ebitda": 53300000,
        "ebitdaratio": 0.087291189,
        "operatingIncome": 31500000,
        "operatingIncomeRatio": 0.0515886014,
        "totalOtherIncomeExpensesNet": 9900000,
        "incomeBeforeTax": 41400000,
        "incomeBeforeTaxRatio": 0.0678021618,
        "incomeTaxExpense": 15700000,
        "netIncome": 25700000,
        "netIncomeRatio": 0.0420897478,
        "eps": 0.08,
        "epsdiluted": 0.08,
        "weightedAverageShsOut": 321250000,
        "weightedAverageShsOutDil": 321250000,
        "link": null,
        "finalLink": null
    },
    {
        "date": "1991-01-31",
        "symbol": "JWN",
        "reportedCurrency": "USD",
        "cik": "0000072333",
        "fillingDate": "1991-01-31",
        "acceptedDate": "1991-01-31 00:00:00",
        "calendarYear": "1990",
        "period": "Q4",
        "revenue": 902200000,
        "costOfRevenue": 610600000,
        "grossProfit": 291600000,
        "grossProfitRatio": 0.3232099313,
        "researchAndDevelopmentExpenses": 0,
        "generalAndAdministrativeExpenses": 0,
        "sellingAndMarketingExpenses": 0,
        "sellingGeneralAndAdministrativeExpenses": 206200000,
        "otherExpenses": 23800000,
        "operatingExpenses": 230000000,
        "costAndExpenses": 840600000,
        "interestIncome": 0,
        "interestExpense": 0,
        "depreciationAndAmortization": 23800000,
        "ebitda": 85400000,
        "ebitdaratio": 0.0946575039,
        "operatingIncome": 61600000,
        "operatingIncomeRatio": 0.0682775438,
        "totalOtherIncomeExpensesNet": 8500000,
        "incomeBeforeTax": 70100000,
        "incomeBeforeTaxRatio": 0.0776989581,
        "incomeTaxExpense": 23800000,
        "netIncome": 46300000,
        "netIncomeRatio": 0.051318998,
        "eps": 0.15,
        "epsdiluted": 0.15,
        "weightedAverageShsOut": 313846154,
        "weightedAverageShsOutDil": 313846154,
        "link": null,
        "finalLink": null
    },
    {
        "date": "1990-10-31",
        "symbol": "JWN",
        "reportedCurrency": "USD",
        "cik": "0000072333",
        "fillingDate": "1990-10-31",
        "acceptedDate": "1990-10-31 00:00:00",
        "calendarYear": "1990",
        "period": "Q3",
        "revenue": 634900000,
        "costOfRevenue": 410400000,
        "grossProfit": 224500000,
        "grossProfitRatio": 0.353598992,
        "researchAndDevelopmentExpenses": 0,
        "generalAndAdministrativeExpenses": 0,
        "sellingAndMarketingExpenses": 0,
        "sellingGeneralAndAdministrativeExpenses": 177800000,
        "otherExpenses": 22700000,
        "operatingExpenses": 200500000,
        "costAndExpenses": 610900000,
        "interestIncome": 0,
        "interestExpense": 0,
        "depreciationAndAmortization": 22700000,
        "ebitda": 46700000,
        "ebitdaratio": 0.0735548905,
        "operatingIncome": 24000000,
        "operatingIncomeRatio": 0.0378012285,
        "totalOtherIncomeExpensesNet": 7500000,
        "incomeBeforeTax": 31500000,
        "incomeBeforeTaxRatio": 0.0496141125,
        "incomeTaxExpense": 11100000,
        "netIncome": 20400000,
        "netIncomeRatio": 0.0321310443,
        "eps": 0.065,
        "epsdiluted": 0.065,
        "weightedAverageShsOut": 313846154,
        "weightedAverageShsOutDil": 313846154,
        "link": null,
        "finalLink": null
    },
    {
        "date": "1990-07-31",
        "symbol": "JWN",
        "reportedCurrency": "USD",
        "cik": "0000072333",
        "fillingDate": "1990-07-31",
        "acceptedDate": "1990-07-31 00:00:00",
        "calendarYear": "1990",
        "period": "Q2",
        "revenue": 801800000,
        "costOfRevenue": 532700000,
        "grossProfit": 269100000,
        "grossProfitRatio": 0.3356198553,
        "researchAndDevelopmentExpenses": 0,
        "generalAndAdministrativeExpenses": 0,
        "sellingAndMarketingExpenses": 0,
        "sellingGeneralAndAdministrativeExpenses": 200700000,
        "otherExpenses": 19900000,
        "operatingExpenses": 220600000,
        "costAndExpenses": 753300000,
        "interestIncome": 0,
        "interestExpense": 0,
        "depreciationAndAmortization": 19900000,
        "ebitda": 68400000,
        "ebitdaratio": 0.0853080569,
        "operatingIncome": 48500000,
        "operatingIncomeRatio": 0.0604889,
        "totalOtherIncomeExpensesNet": 7600000,
        "incomeBeforeTax": 56100000,
        "incomeBeforeTaxRatio": 0.069967573,
        "incomeTaxExpense": 20200000,
        "netIncome": 35900000,
        "netIncomeRatio": 0.0447742579,
        "eps": 0.11,
        "epsdiluted": 0.11,
        "weightedAverageShsOut": 326363636,
        "weightedAverageShsOutDil": 326363636,
        "link": null,
        "finalLink": null
    },
    {
        "date": "1990-04-30",
        "symbol": "JWN",
        "reportedCurrency": "USD",
        "cik": "0000072333",
        "fillingDate": "1990-04-30",
        "acceptedDate": "1990-04-30 00:00:00",
        "calendarYear": "1990",
        "period": "Q1",
        "revenue": 555000000,
        "costOfRevenue": 360800000,
        "grossProfit": 194200000,
        "grossProfitRatio": 0.3499099099,
        "researchAndDevelopmentExpenses": 0,
        "generalAndAdministrativeExpenses": 0,
        "sellingAndMarketingExpenses": 0,
        "sellingGeneralAndAdministrativeExpenses": 163200000,
        "otherExpenses": 19200000,
        "operatingExpenses": 182400000,
        "costAndExpenses": 543200000,
        "interestIncome": 0,
        "interestExpense": 0,
        "depreciationAndAmortization": 19200000,
        "ebitda": 31000000,
        "ebitdaratio": 0.0558558559,
        "operatingIncome": 11800000,
        "operatingIncomeRatio": 0.0212612613,
        "totalOtherIncomeExpensesNet": 8800000,
        "incomeBeforeTax": 20600000,
        "incomeBeforeTaxRatio": 0.0371171171,
        "incomeTaxExpense": 7400000,
        "netIncome": 13200000,
        "netIncomeRatio": 0.0237837838,
        "eps": 0.04,
        "epsdiluted": 0.04,
        "weightedAverageShsOut": 330000000,
        "weightedAverageShsOutDil": 330000000,
        "link": null,
        "finalLink": null
    },
    {
        "date": "1990-01-31",
        "symbol": "JWN",
        "reportedCurrency": "USD",
        "cik": "0000072333",
        "fillingDate": "1990-01-31",
        "acceptedDate": "1990-01-31 00:00:00",
        "calendarYear": "1989",
        "period": "Q4",
        "revenue": 857500000,
        "costOfRevenue": 581900000,
        "grossProfit": 275600000,
        "grossProfitRatio": 0.3213994169,
        "researchAndDevelopmentExpenses": 0,
        "generalAndAdministrativeExpenses": 0,
        "sellingAndMarketingExpenses": 0,
        "sellingGeneralAndAdministrativeExpenses": 200000000,
        "otherExpenses": 20200000,
        "operatingExpenses": 220200000,
        "costAndExpenses": 802100000,
        "interestIncome": 0,
        "interestExpense": 0,
        "depreciationAndAmortization": 20200000,
        "ebitda": 75600000,
        "ebitdaratio": 0.0881632653,
        "operatingIncome": 55400000,
        "operatingIncomeRatio": 0.064606414,
        "totalOtherIncomeExpensesNet": -8500000,
        "incomeBeforeTax": 46900000,
        "incomeBeforeTaxRatio": 0.0546938776,
        "incomeTaxExpense": 15500000,
        "netIncome": 31400000,
        "netIncomeRatio": 0.0366180758,
        "eps": 0.0999,
        "epsdiluted": 0.0999,
        "weightedAverageShsOut": 312294946,
        "weightedAverageShsOutDil": 314285714,
        "link": null,
        "finalLink": null
    },
    {
        "date": "1989-10-31",
        "symbol": "JWN",
        "reportedCurrency": "USD",
        "cik": "0000072333",
        "fillingDate": "1989-10-31",
        "acceptedDate": "1989-10-31 00:00:00",
        "calendarYear": "1989",
        "period": "Q3",
        "revenue": 572400000,
        "costOfRevenue": 368300000,
        "grossProfit": 204100000,
        "grossProfitRatio": 0.356568833,
        "researchAndDevelopmentExpenses": 0,
        "generalAndAdministrativeExpenses": 0,
        "sellingAndMarketingExpenses": 0,
        "sellingGeneralAndAdministrativeExpenses": 157300000,
        "otherExpenses": 17400000,
        "operatingExpenses": 174700000,
        "costAndExpenses": 543000000,
        "interestIncome": 0,
        "interestExpense": 0,
        "depreciationAndAmortization": 17400000,
        "ebitda": 46800000,
        "ebitdaratio": 0.0817610063,
        "operatingIncome": 29400000,
        "operatingIncomeRatio": 0.0513626834,
        "totalOtherIncomeExpensesNet": 5400000,
        "incomeBeforeTax": 34800000,
        "incomeBeforeTaxRatio": 0.0607966457,
        "incomeTaxExpense": 12800000,
        "netIncome": 22000000,
        "netIncomeRatio": 0.0384346611,
        "eps": 0.07,
        "epsdiluted": 0.07,
        "weightedAverageShsOut": 314285714,
        "weightedAverageShsOutDil": 314285714,
        "link": null,
        "finalLink": null
    },
    {
        "date": "1989-07-31",
        "symbol": "JWN",
        "reportedCurrency": "USD",
        "cik": "0000072333",
        "fillingDate": "1989-07-31",
        "acceptedDate": "1989-07-30 20:00:00",
        "calendarYear": "1989",
        "period": "Q2",
        "revenue": 729100000,
        "costOfRevenue": 482800000,
        "grossProfit": 246300000,
        "grossProfitRatio": 0.337813743,
        "researchAndDevelopmentExpenses": 0,
        "generalAndAdministrativeExpenses": 0,
        "sellingAndMarketingExpenses": 0,
        "sellingGeneralAndAdministrativeExpenses": 173200000,
        "otherExpenses": 16700000,
        "operatingExpenses": 189900000,
        "costAndExpenses": 672700000,
        "interestIncome": 0,
        "interestExpense": 0,
        "depreciationAndAmortization": 16700000,
        "ebitda": 73100000,
        "ebitdaratio": 0.1002605953,
        "operatingIncome": 56400000,
        "operatingIncomeRatio": 0.0773556439,
        "totalOtherIncomeExpensesNet": 4800000,
        "incomeBeforeTax": 61200000,
        "incomeBeforeTaxRatio": 0.083939103,
        "incomeTaxExpense": 22700000,
        "netIncome": 38500000,
        "netIncomeRatio": 0.0528048279,
        "eps": 0.12,
        "epsdiluted": 0.12,
        "weightedAverageShsOut": 320833333,
        "weightedAverageShsOutDil": 320833333,
        "link": "",
        "finalLink": ""
    },
    {
        "date": "1989-04-30",
        "symbol": "JWN",
        "reportedCurrency": "USD",
        "cik": "0000072333",
        "fillingDate": "1989-04-30",
        "acceptedDate": "1989-04-29 20:00:00",
        "calendarYear": "1989",
        "period": "Q1",
        "revenue": 512200000,
        "costOfRevenue": 0,
        "grossProfit": 512200000,
        "grossProfitRatio": 1,
        "researchAndDevelopmentExpenses": 0,
        "generalAndAdministrativeExpenses": 0,
        "sellingAndMarketingExpenses": 0,
        "sellingGeneralAndAdministrativeExpenses": 0,
        "otherExpenses": 0,
        "operatingExpenses": 0,
        "costAndExpenses": 0,
        "interestIncome": 0,
        "interestExpense": 0,
        "depreciationAndAmortization": 0,
        "ebitda": 512200000,
        "ebitdaratio": 1,
        "operatingIncome": 512200000,
        "operatingIncomeRatio": 1,
        "totalOtherIncomeExpensesNet": -512200000,
        "incomeBeforeTax": 0,
        "incomeBeforeTaxRatio": 0,
        "incomeTaxExpense": 0,
        "netIncome": 23000000,
        "netIncomeRatio": 0.0449043342,
        "eps": 0.07,
        "epsdiluted": 0.07,
        "weightedAverageShsOut": 325716000,
        "weightedAverageShsOutDil": 325716000,
        "link": "",
        "finalLink": ""
    },
    {
        "date": "1989-01-31",
        "symbol": "JWN",
        "reportedCurrency": "USD",
        "cik": "0000072333",
        "fillingDate": "1989-01-31",
        "acceptedDate": "1989-01-30 19:00:00",
        "calendarYear": "1988",
        "period": "Q4",
        "revenue": 765100000,
        "costOfRevenue": 0,
        "grossProfit": 765100000,
        "grossProfitRatio": 1,
        "researchAndDevelopmentExpenses": 0,
        "generalAndAdministrativeExpenses": 0,
        "sellingAndMarketingExpenses": 0,
        "sellingGeneralAndAdministrativeExpenses": 0,
        "otherExpenses": -2147100000,
        "operatingExpenses": -2147100000,
        "costAndExpenses": -2147100000,
        "interestIncome": 0,
        "interestExpense": 0,
        "depreciationAndAmortization": 0,
        "ebitda": -1382000000,
        "ebitdaratio": -1.8062998301,
        "operatingIncome": -1382000000,
        "operatingIncomeRatio": -1.8062998301,
        "totalOtherIncomeExpensesNet": 1382000000,
        "incomeBeforeTax": 0,
        "incomeBeforeTaxRatio": 0,
        "incomeTaxExpense": 0,
        "netIncome": 47500000,
        "netIncomeRatio": 0.0620833878,
        "eps": 0.14,
        "epsdiluted": 0.14,
        "weightedAverageShsOut": 325644000,
        "weightedAverageShsOutDil": 325644000,
        "link": "",
        "finalLink": ""
    },
    {
        "date": "1988-10-31",
        "symbol": "JWN",
        "reportedCurrency": "USD",
        "cik": "0000072333",
        "fillingDate": "1988-10-31",
        "acceptedDate": "1988-10-30 19:00:00",
        "calendarYear": "1988",
        "period": "Q3",
        "revenue": 485800000,
        "costOfRevenue": 0,
        "grossProfit": 485800000,
        "grossProfitRatio": 1,
        "researchAndDevelopmentExpenses": 0,
        "generalAndAdministrativeExpenses": 0,
        "sellingAndMarketingExpenses": 0,
        "sellingGeneralAndAdministrativeExpenses": 0,
        "otherExpenses": 0,
        "operatingExpenses": 0,
        "costAndExpenses": 0,
        "interestIncome": 0,
        "interestExpense": 0,
        "depreciationAndAmortization": 0,
        "ebitda": 485800000,
        "ebitdaratio": 1,
        "operatingIncome": 485800000,
        "operatingIncomeRatio": 1,
        "totalOtherIncomeExpensesNet": -485800000,
        "incomeBeforeTax": 0,
        "incomeBeforeTaxRatio": 0,
        "incomeTaxExpense": 0,
        "netIncome": 19900000,
        "netIncomeRatio": 0.0409633594,
        "eps": 0.06,
        "epsdiluted": 0.06,
        "weightedAverageShsOut": 325644000,
        "weightedAverageShsOutDil": 325644000,
        "link": "",
        "finalLink": ""
    },
    {
        "date": "1988-07-31",
        "symbol": "JWN",
        "reportedCurrency": "USD",
        "cik": "0000072333",
        "fillingDate": "1988-07-31",
        "acceptedDate": "1988-07-30 20:00:00",
        "calendarYear": "1988",
        "period": "Q2",
        "revenue": 644900000,
        "costOfRevenue": 0,
        "grossProfit": 644900000,
        "grossProfitRatio": 1,
        "researchAndDevelopmentExpenses": 0,
        "generalAndAdministrativeExpenses": 0,
        "sellingAndMarketingExpenses": 0,
        "sellingGeneralAndAdministrativeExpenses": 0,
        "otherExpenses": 0,
        "operatingExpenses": 0,
        "costAndExpenses": 0,
        "interestIncome": 0,
        "interestExpense": 0,
        "depreciationAndAmortization": 0,
        "ebitda": 644900000,
        "ebitdaratio": 1,
        "operatingIncome": 644900000,
        "operatingIncomeRatio": 1,
        "totalOtherIncomeExpensesNet": -644900000,
        "incomeBeforeTax": 0,
        "incomeBeforeTaxRatio": 0,
        "incomeTaxExpense": 0,
        "netIncome": 36700000,
        "netIncomeRatio": 0.0569080478,
        "eps": 0.12,
        "epsdiluted": 0.12,
        "weightedAverageShsOut": 325484000,
        "weightedAverageShsOutDil": 325484000,
        "link": "",
        "finalLink": ""
    },
    {
        "date": "1988-04-30",
        "symbol": "JWN",
        "reportedCurrency": "USD",
        "cik": "0000072333",
        "fillingDate": "1988-04-30",
        "acceptedDate": "1988-04-29 20:00:00",
        "calendarYear": "1988",
        "period": "Q1",
        "revenue": 432100000,
        "costOfRevenue": 0,
        "grossProfit": 432100000,
        "grossProfitRatio": 1,
        "researchAndDevelopmentExpenses": 0,
        "generalAndAdministrativeExpenses": 0,
        "sellingAndMarketingExpenses": 0,
        "sellingGeneralAndAdministrativeExpenses": 0,
        "otherExpenses": 0,
        "operatingExpenses": 0,
        "costAndExpenses": 0,
        "interestIncome": 0,
        "interestExpense": 0,
        "depreciationAndAmortization": 0,
        "ebitda": 432100000,
        "ebitdaratio": 1,
        "operatingIncome": 432100000,
        "operatingIncomeRatio": 1,
        "totalOtherIncomeExpensesNet": -432100000,
        "incomeBeforeTax": 0,
        "incomeBeforeTaxRatio": 0,
        "incomeTaxExpense": 0,
        "netIncome": 19200000,
        "netIncomeRatio": 0.0444341588,
        "eps": 0.06,
        "epsdiluted": 0.06,
        "weightedAverageShsOut": 325148000,
        "weightedAverageShsOutDil": 325148000,
        "link": "",
        "finalLink": ""
    },
    {
        "date": "1988-01-31",
        "symbol": "JWN",
        "reportedCurrency": "USD",
        "cik": "0000072333",
        "fillingDate": "1988-01-31",
        "acceptedDate": "1988-01-30 19:00:00",
        "calendarYear": "1987",
        "period": "Q4",
        "revenue": 601100000,
        "costOfRevenue": 0,
        "grossProfit": 601100000,
        "grossProfitRatio": 1,
        "researchAndDevelopmentExpenses": 0,
        "generalAndAdministrativeExpenses": 0,
        "sellingAndMarketingExpenses": 0,
        "sellingGeneralAndAdministrativeExpenses": 0,
        "otherExpenses": -1778400000,
        "operatingExpenses": -1778400000,
        "costAndExpenses": -1778400000,
        "interestIncome": 0,
        "interestExpense": 0,
        "depreciationAndAmortization": 0,
        "ebitda": -1177300000,
        "ebitdaratio": -1.9585759441,
        "operatingIncome": -1177300000,
        "operatingIncomeRatio": -1.9585759441,
        "totalOtherIncomeExpensesNet": 1177300000,
        "incomeBeforeTax": 0,
        "incomeBeforeTaxRatio": 0,
        "incomeTaxExpense": 0,
        "netIncome": 33300000,
        "netIncomeRatio": 0.0553984362,
        "eps": 0.1,
        "epsdiluted": 0.1,
        "weightedAverageShsOut": 324604000,
        "weightedAverageShsOutDil": 324604000,
        "link": "",
        "finalLink": ""
    },
    {
        "date": "1987-10-31",
        "symbol": "JWN",
        "reportedCurrency": "USD",
        "cik": "0000072333",
        "fillingDate": "1987-10-31",
        "acceptedDate": "1987-10-30 19:00:00",
        "calendarYear": "1987",
        "period": "Q3",
        "revenue": 411300000,
        "costOfRevenue": 0,
        "grossProfit": 411300000,
        "grossProfitRatio": 1,
        "researchAndDevelopmentExpenses": 0,
        "generalAndAdministrativeExpenses": 0,
        "sellingAndMarketingExpenses": 0,
        "sellingGeneralAndAdministrativeExpenses": 0,
        "otherExpenses": 0,
        "operatingExpenses": 0,
        "costAndExpenses": 0,
        "interestIncome": 0,
        "interestExpense": 0,
        "depreciationAndAmortization": 0,
        "ebitda": 411300000,
        "ebitdaratio": 1,
        "operatingIncome": 411300000,
        "operatingIncomeRatio": 1,
        "totalOtherIncomeExpensesNet": -411300000,
        "incomeBeforeTax": 0,
        "incomeBeforeTaxRatio": 0,
        "incomeTaxExpense": 0,
        "netIncome": 19800000,
        "netIncomeRatio": 0.0481400438,
        "eps": 0.06,
        "epsdiluted": 0.06,
        "weightedAverageShsOut": 324604000,
        "weightedAverageShsOutDil": 324604000,
        "link": "",
        "finalLink": ""
    },
    {
        "date": "1987-07-31",
        "symbol": "JWN",
        "reportedCurrency": "USD",
        "cik": "0000072333",
        "fillingDate": "1987-07-31",
        "acceptedDate": "1987-07-30 20:00:00",
        "calendarYear": "1987",
        "period": "Q2",
        "revenue": 538400000,
        "costOfRevenue": 0,
        "grossProfit": 538400000,
        "grossProfitRatio": 1,
        "researchAndDevelopmentExpenses": 0,
        "generalAndAdministrativeExpenses": 0,
        "sellingAndMarketingExpenses": 0,
        "sellingGeneralAndAdministrativeExpenses": 0,
        "otherExpenses": 0,
        "operatingExpenses": 0,
        "costAndExpenses": 0,
        "interestIncome": 0,
        "interestExpense": 0,
        "depreciationAndAmortization": 0,
        "ebitda": 538400000,
        "ebitdaratio": 1,
        "operatingIncome": 538400000,
        "operatingIncomeRatio": 1,
        "totalOtherIncomeExpensesNet": -538400000,
        "incomeBeforeTax": 0,
        "incomeBeforeTaxRatio": 0,
        "incomeTaxExpense": 0,
        "netIncome": 24500000,
        "netIncomeRatio": 0.0455052006,
        "eps": 0.075,
        "epsdiluted": 0.075,
        "weightedAverageShsOut": 324440000,
        "weightedAverageShsOutDil": 324440000,
        "link": "",
        "finalLink": ""
    },
    {
        "date": "1987-04-30",
        "symbol": "JWN",
        "reportedCurrency": "USD",
        "cik": "0000072333",
        "fillingDate": "1987-04-30",
        "acceptedDate": "1987-04-29 20:00:00",
        "calendarYear": "1987",
        "period": "Q1",
        "revenue": 369400000,
        "costOfRevenue": 0,
        "grossProfit": 369400000,
        "grossProfitRatio": 1,
        "researchAndDevelopmentExpenses": 0,
        "generalAndAdministrativeExpenses": 0,
        "sellingAndMarketingExpenses": 0,
        "sellingGeneralAndAdministrativeExpenses": 0,
        "otherExpenses": 0,
        "operatingExpenses": 0,
        "costAndExpenses": 0,
        "interestIncome": 0,
        "interestExpense": 0,
        "depreciationAndAmortization": 0,
        "ebitda": 369400000,
        "ebitdaratio": 1,
        "operatingIncome": 369400000,
        "operatingIncomeRatio": 1,
        "totalOtherIncomeExpensesNet": -369400000,
        "incomeBeforeTax": 0,
        "incomeBeforeTaxRatio": 0,
        "incomeTaxExpense": 0,
        "netIncome": 15200000,
        "netIncomeRatio": 0.0411478073,
        "eps": 0.05,
        "epsdiluted": 0.05,
        "weightedAverageShsOut": 323840000,
        "weightedAverageShsOutDil": 323840000,
        "link": "",
        "finalLink": ""
    },
    {
        "date": "1987-01-31",
        "symbol": "JWN",
        "reportedCurrency": "USD",
        "cik": "0000072333",
        "fillingDate": "1987-01-31",
        "acceptedDate": "1987-01-30 19:00:00",
        "calendarYear": "1986",
        "period": "Q4",
        "revenue": 529900000,
        "costOfRevenue": 0,
        "grossProfit": 529900000,
        "grossProfitRatio": 1,
        "researchAndDevelopmentExpenses": 0,
        "generalAndAdministrativeExpenses": 0,
        "sellingAndMarketingExpenses": 0,
        "sellingGeneralAndAdministrativeExpenses": 0,
        "otherExpenses": -1504300000,
        "operatingExpenses": -1504300000,
        "costAndExpenses": -1504300000,
        "interestIncome": 0,
        "interestExpense": 0,
        "depreciationAndAmortization": 0,
        "ebitda": -974400000,
        "ebitdaratio": -1.8388375165,
        "operatingIncome": -974400000,
        "operatingIncomeRatio": -1.8388375165,
        "totalOtherIncomeExpensesNet": 974400000,
        "incomeBeforeTax": 0,
        "incomeBeforeTaxRatio": 0,
        "incomeTaxExpense": 0,
        "netIncome": 26200000,
        "netIncomeRatio": 0.0494432912,
        "eps": 0.08,
        "epsdiluted": 0.08,
        "weightedAverageShsOut": 323712000,
        "weightedAverageShsOutDil": 323712000,
        "link": "",
        "finalLink": ""
    },
    {
        "date": "1986-10-31",
        "symbol": "JWN",
        "reportedCurrency": "USD",
        "cik": "0000072333",
        "fillingDate": "1986-10-31",
        "acceptedDate": "1986-10-30 19:00:00",
        "calendarYear": "1986",
        "period": "Q3",
        "revenue": 359100000,
        "costOfRevenue": 0,
        "grossProfit": 359100000,
        "grossProfitRatio": 1,
        "researchAndDevelopmentExpenses": 0,
        "generalAndAdministrativeExpenses": 0,
        "sellingAndMarketingExpenses": 0,
        "sellingGeneralAndAdministrativeExpenses": 0,
        "otherExpenses": 0,
        "operatingExpenses": 0,
        "costAndExpenses": 0,
        "interestIncome": 0,
        "interestExpense": 0,
        "depreciationAndAmortization": 0,
        "ebitda": 359100000,
        "ebitdaratio": 1,
        "operatingIncome": 359100000,
        "operatingIncomeRatio": 1,
        "totalOtherIncomeExpensesNet": -359100000,
        "incomeBeforeTax": 0,
        "incomeBeforeTaxRatio": 0,
        "incomeTaxExpense": 0,
        "netIncome": 16700000,
        "netIncomeRatio": 0.0465051518,
        "eps": 0.055,
        "epsdiluted": 0.055,
        "weightedAverageShsOut": 323712000,
        "weightedAverageShsOutDil": 323712000,
        "link": "",
        "finalLink": ""
    },
    {
        "date": "1986-07-31",
        "symbol": "JWN",
        "reportedCurrency": "USD",
        "cik": "0000072333",
        "fillingDate": "1986-07-31",
        "acceptedDate": "1986-07-30 20:00:00",
        "calendarYear": "1986",
        "period": "Q2",
        "revenue": 448800000,
        "costOfRevenue": 0,
        "grossProfit": 448800000,
        "grossProfitRatio": 1,
        "researchAndDevelopmentExpenses": 0,
        "generalAndAdministrativeExpenses": 0,
        "sellingAndMarketingExpenses": 0,
        "sellingGeneralAndAdministrativeExpenses": 0,
        "otherExpenses": 0,
        "operatingExpenses": 0,
        "costAndExpenses": 0,
        "interestIncome": 0,
        "interestExpense": 0,
        "depreciationAndAmortization": 0,
        "ebitda": 448800000,
        "ebitdaratio": 1,
        "operatingIncome": 448800000,
        "operatingIncomeRatio": 1,
        "totalOtherIncomeExpensesNet": -448800000,
        "incomeBeforeTax": 0,
        "incomeBeforeTaxRatio": 0,
        "incomeTaxExpense": 0,
        "netIncome": 20500000,
        "netIncomeRatio": 0.0456773619,
        "eps": 0.065,
        "epsdiluted": 0.065,
        "weightedAverageShsOut": 298032000,
        "weightedAverageShsOutDil": 298032000,
        "link": "",
        "finalLink": ""
    },
    {
        "date": "1986-04-30",
        "symbol": "JWN",
        "reportedCurrency": "USD",
        "cik": "0000072333",
        "fillingDate": "1986-04-30",
        "acceptedDate": "1986-04-29 20:00:00",
        "calendarYear": "1986",
        "period": "Q1",
        "revenue": 302200000,
        "costOfRevenue": 0,
        "grossProfit": 302200000,
        "grossProfitRatio": 1,
        "researchAndDevelopmentExpenses": 0,
        "generalAndAdministrativeExpenses": 0,
        "sellingAndMarketingExpenses": 0,
        "sellingGeneralAndAdministrativeExpenses": 0,
        "otherExpenses": 0,
        "operatingExpenses": 0,
        "costAndExpenses": 0,
        "interestIncome": 0,
        "interestExpense": 0,
        "depreciationAndAmortization": 0,
        "ebitda": 302200000,
        "ebitdaratio": 1,
        "operatingIncome": 302200000,
        "operatingIncomeRatio": 1,
        "totalOtherIncomeExpensesNet": -302200000,
        "incomeBeforeTax": 0,
        "incomeBeforeTaxRatio": 0,
        "incomeTaxExpense": 0,
        "netIncome": 9400000,
        "netIncomeRatio": 0.0311052283,
        "eps": 0.035,
        "epsdiluted": 0.035,
        "weightedAverageShsOut": 298016000,
        "weightedAverageShsOutDil": 298016000,
        "link": "",
        "finalLink": ""
    },
    {
        "date": "1986-01-31",
        "symbol": "JWN",
        "reportedCurrency": "USD",
        "cik": "0000072333",
        "fillingDate": "1986-01-31",
        "acceptedDate": "1986-01-30 19:00:00",
        "calendarYear": "1985",
        "period": "Q4",
        "revenue": 435800000,
        "costOfRevenue": 0,
        "grossProfit": 435800000,
        "grossProfitRatio": 1,
        "researchAndDevelopmentExpenses": 0,
        "generalAndAdministrativeExpenses": 0,
        "sellingAndMarketingExpenses": 0,
        "sellingGeneralAndAdministrativeExpenses": 0,
        "otherExpenses": -1220600000,
        "operatingExpenses": -1220600000,
        "costAndExpenses": -1220600000,
        "interestIncome": 0,
        "interestExpense": 0,
        "depreciationAndAmortization": 0,
        "ebitda": -784800000,
        "ebitdaratio": -1.800826067,
        "operatingIncome": -784800000,
        "operatingIncomeRatio": -1.800826067,
        "totalOtherIncomeExpensesNet": 784800000,
        "incomeBeforeTax": 0,
        "incomeBeforeTaxRatio": 0,
        "incomeTaxExpense": 0,
        "netIncome": 18700000,
        "netIncomeRatio": 0.0429095916,
        "eps": 0.06,
        "epsdiluted": 0.06,
        "weightedAverageShsOut": 297856000,
        "weightedAverageShsOutDil": 297856000,
        "link": "",
        "finalLink": ""
    },
    {
        "date": "1985-10-31",
        "symbol": "JWN",
        "reportedCurrency": "USD",
        "cik": "0000072333",
        "fillingDate": "1985-10-31",
        "acceptedDate": "1985-10-30 19:00:00",
        "calendarYear": "1985",
        "period": "Q3",
        "revenue": 292100000,
        "costOfRevenue": 0,
        "grossProfit": 292100000,
        "grossProfitRatio": 1,
        "researchAndDevelopmentExpenses": 0,
        "generalAndAdministrativeExpenses": 0,
        "sellingAndMarketingExpenses": 0,
        "sellingGeneralAndAdministrativeExpenses": 0,
        "otherExpenses": 0,
        "operatingExpenses": 0,
        "costAndExpenses": 0,
        "interestIncome": 0,
        "interestExpense": 0,
        "depreciationAndAmortization": 0,
        "ebitda": 292100000,
        "ebitdaratio": 1,
        "operatingIncome": 292100000,
        "operatingIncomeRatio": 1,
        "totalOtherIncomeExpensesNet": -292100000,
        "incomeBeforeTax": 0,
        "incomeBeforeTaxRatio": 0,
        "incomeTaxExpense": 0,
        "netIncome": 10100000,
        "netIncomeRatio": 0.0345771996,
        "eps": 0.035,
        "epsdiluted": 0.035,
        "weightedAverageShsOut": 297856000,
        "weightedAverageShsOutDil": 297856000,
        "link": "",
        "finalLink": ""
    }
]