[
    {
        "date": "2025-08-31",
        "symbol": "KBH",
        "reportedCurrency": "USD",
        "cik": "0000795266",
        "fillingDate": "2025-10-09",
        "acceptedDate": "2025-10-09 16:33:26",
        "calendarYear": "2025",
        "period": "Q3",
        "revenue": 1620474000,
        "costOfRevenue": 1321147000,
        "grossProfit": 299327000,
        "grossProfitRatio": 0.1847157066,
        "researchAndDevelopmentExpenses": 0,
        "generalAndAdministrativeExpenses": 0,
        "sellingAndMarketingExpenses": 0,
        "sellingGeneralAndAdministrativeExpenses": 0,
        "otherExpenses": 163732000,
        "operatingExpenses": 163732000,
        "costAndExpenses": 1484879000,
        "interestIncome": 1870000,
        "interestExpense": 0,
        "depreciationAndAmortization": 10308000,
        "ebitda": 153536000,
        "ebitdaratio": 0.0947475862,
        "operatingIncome": 135595000,
        "operatingIncomeRatio": 0.0836761343,
        "totalOtherIncomeExpensesNet": 7633000,
        "incomeBeforeTax": 143228000,
        "incomeBeforeTaxRatio": 0.0883864844,
        "incomeTaxExpense": 33400000,
        "netIncome": 109828000,
        "netIncomeRatio": 0.0677752312,
        "eps": 1.65,
        "epsdiluted": 1.61,
        "weightedAverageShsOut": 66368000,
        "weightedAverageShsOutDil": 67737000,
        "link": "https://www.sec.gov/Archives/edgar/data/795266/000079526625000097/0000795266-25-000097-index.htm",
        "finalLink": "https://www.sec.gov/Archives/edgar/data/795266/000079526625000097/kbh-20250831.htm"
    },
    {
        "date": "2025-05-31",
        "symbol": "KBH",
        "reportedCurrency": "USD",
        "cik": "0000795266",
        "fillingDate": "2025-07-10",
        "acceptedDate": "2025-07-10 16:21:05",
        "calendarYear": "2025",
        "period": "Q2",
        "revenue": 1529585000,
        "costOfRevenue": 1231625000,
        "grossProfit": 297960000,
        "grossProfitRatio": 0.1947979354,
        "researchAndDevelopmentExpenses": 0,
        "generalAndAdministrativeExpenses": 68082000,
        "sellingAndMarketingExpenses": 95116000,
        "sellingGeneralAndAdministrativeExpenses": 163198000,
        "otherExpenses": 13719000,
        "operatingExpenses": 176917000,
        "costAndExpenses": 1398122000,
        "interestIncome": 1679000,
        "interestExpense": 0,
        "depreciationAndAmortization": 10114000,
        "ebitda": 152497000,
        "ebitdaratio": 0.0996982842,
        "operatingIncome": 131463000,
        "operatingIncomeRatio": 0.0859468418,
        "totalOtherIncomeExpensesNet": 10920000,
        "incomeBeforeTax": 142383000,
        "incomeBeforeTaxRatio": 0.0930860331,
        "incomeTaxExpense": -34500000,
        "netIncome": 107883000,
        "netIncomeRatio": 0.0705308956,
        "eps": 1.53,
        "epsdiluted": 1.5,
        "weightedAverageShsOut": 70745000,
        "weightedAverageShsOutDil": 72108000,
        "link": "https://www.sec.gov/Archives/edgar/data/795266/000079526625000081/0000795266-25-000081-index.htm",
        "finalLink": "https://www.sec.gov/Archives/edgar/data/795266/000079526625000081/kbh-20250531.htm"
    },
    {
        "date": "2025-02-28",
        "symbol": "KBH",
        "reportedCurrency": "USD",
        "cik": "0000795266",
        "fillingDate": "2025-04-09",
        "acceptedDate": "2025-04-09 16:19:27",
        "calendarYear": "2025",
        "period": "Q1",
        "revenue": 1391777000,
        "costOfRevenue": 1108953000,
        "grossProfit": 282824000,
        "grossProfitRatio": 0.2032107155,
        "researchAndDevelopmentExpenses": 0,
        "generalAndAdministrativeExpenses": 112625000,
        "sellingAndMarketingExpenses": 39663000,
        "sellingGeneralAndAdministrativeExpenses": 152288000,
        "otherExpenses": 3197000,
        "operatingExpenses": 155485000,
        "costAndExpenses": 1259702000,
        "interestIncome": 2079000,
        "interestExpense": 0,
        "depreciationAndAmortization": 8815000,
        "ebitda": 139351000,
        "ebitdaratio": 0.1001245171,
        "operatingIncome": 127339000,
        "operatingIncomeRatio": 0.0914938241,
        "totalOtherIncomeExpensesNet": 12018000,
        "incomeBeforeTax": 139357000,
        "incomeBeforeTaxRatio": 0.1001288281,
        "incomeTaxExpense": -29800000,
        "netIncome": 109557000,
        "netIncomeRatio": 0.078717352,
        "eps": 1.52,
        "epsdiluted": 1.49,
        "weightedAverageShsOut": 71537000,
        "weightedAverageShsOutDil": 73012000,
        "link": "https://www.sec.gov/Archives/edgar/data/795266/000079526625000043/0000795266-25-000043-index.htm",
        "finalLink": "https://www.sec.gov/Archives/edgar/data/795266/000079526625000043/kbh-20250228.htm"
    },
    {
        "date": "2024-11-30",
        "symbol": "KBH",
        "reportedCurrency": "USD",
        "cik": "0000795266",
        "fillingDate": "2025-01-24",
        "acceptedDate": "2025-01-24 16:26:12",
        "calendarYear": "2024",
        "period": "Q4",
        "revenue": 1999899000,
        "costOfRevenue": 1578796000,
        "grossProfit": 421103000,
        "grossProfitRatio": 0.2105621334,
        "researchAndDevelopmentExpenses": 0,
        "generalAndAdministrativeExpenses": 144497000,
        "sellingAndMarketingExpenses": 42164000,
        "sellingGeneralAndAdministrativeExpenses": 186661000,
        "otherExpenses": 5343000,
        "operatingExpenses": 192004000,
        "costAndExpenses": 1770800000,
        "interestIncome": 2722000,
        "interestExpense": 0,
        "depreciationAndAmortization": 9013000,
        "ebitda": 243455000,
        "ebitdaratio": 0.1217336475,
        "operatingIncome": 229099000,
        "operatingIncomeRatio": 0.114555285,
        "totalOtherIncomeExpensesNet": -95594000,
        "incomeBeforeTax": 133505000,
        "incomeBeforeTaxRatio": 0.0667558712,
        "incomeTaxExpense": -57100000,
        "netIncome": 190605000,
        "netIncomeRatio": 0.095307313,
        "eps": 2.59,
        "epsdiluted": 2.52,
        "weightedAverageShsOut": 72983000,
        "weightedAverageShsOutDil": 75114000,
        "link": "https://www.sec.gov/Archives/edgar/data/795266/000079526625000014/0000795266-25-000014-index.htm",
        "finalLink": "https://www.sec.gov/Archives/edgar/data/795266/000079526625000014/kbh-20241130.htm"
    },
    {
        "date": "2024-08-31",
        "symbol": "KBH",
        "reportedCurrency": "USD",
        "cik": "0000795266",
        "fillingDate": "2024-10-10",
        "acceptedDate": "2024-10-10 16:17:24",
        "calendarYear": "2024",
        "period": "Q3",
        "revenue": 1752608000,
        "costOfRevenue": 1387171000,
        "grossProfit": 365437000,
        "grossProfitRatio": 0.2085104028,
        "researchAndDevelopmentExpenses": 0,
        "generalAndAdministrativeExpenses": 131766000,
        "sellingAndMarketingExpenses": 39700000,
        "sellingGeneralAndAdministrativeExpenses": 171466000,
        "otherExpenses": 0,
        "operatingExpenses": 171466000,
        "costAndExpenses": 1558637000,
        "interestIncome": 4073000,
        "interestExpense": 0,
        "depreciationAndAmortization": 9416000,
        "ebitda": 203387000,
        "ebitdaratio": 0.1160481979,
        "operatingIncome": 188950000,
        "operatingIncomeRatio": 0.1078107597,
        "totalOtherIncomeExpensesNet": 18479000,
        "incomeBeforeTax": 207429000,
        "incomeBeforeTaxRatio": 0.1183544752,
        "incomeTaxExpense": 50100000,
        "netIncome": 157329000,
        "netIncomeRatio": 0.089768505,
        "eps": 2.1,
        "epsdiluted": 2.04,
        "weightedAverageShsOut": 74476000,
        "weightedAverageShsOutDil": 76630000,
        "link": "https://www.sec.gov/Archives/edgar/data/795266/000079526624000119/0000795266-24-000119-index.htm",
        "finalLink": "https://www.sec.gov/Archives/edgar/data/795266/000079526624000119/kbh-20240831.htm"
    },
    {
        "date": "2024-05-31",
        "symbol": "KBH",
        "reportedCurrency": "USD",
        "cik": "0000795266",
        "fillingDate": "2024-07-05",
        "acceptedDate": "2024-07-05 16:19:30",
        "calendarYear": "2024",
        "period": "Q2",
        "revenue": 1709813000,
        "costOfRevenue": 1342102000,
        "grossProfit": 367711000,
        "grossProfitRatio": 0.2150591907,
        "researchAndDevelopmentExpenses": 0,
        "generalAndAdministrativeExpenses": 70963000,
        "sellingAndMarketingExpenses": 100264000,
        "sellingGeneralAndAdministrativeExpenses": 171227000,
        "otherExpenses": 1473000,
        "operatingExpenses": 172700000,
        "costAndExpenses": 1514802000,
        "interestIncome": 19449000,
        "interestExpense": 0,
        "depreciationAndAmortization": 9508000,
        "ebitda": 230627000,
        "ebitdaratio": 0.1348843412,
        "operatingIncome": 188183000,
        "operatingIncomeRatio": 0.1100605739,
        "totalOtherIncomeExpensesNet": 32936000,
        "incomeBeforeTax": 221119000,
        "incomeBeforeTaxRatio": 0.1293234991,
        "incomeTaxExpense": 52700000,
        "netIncome": 168419000,
        "netIncomeRatio": 0.0985014151,
        "eps": 2.21,
        "epsdiluted": 2.15,
        "weightedAverageShsOut": 75653000,
        "weightedAverageShsOutDil": 77806000,
        "link": "https://www.sec.gov/Archives/edgar/data/795266/000079526624000100/0000795266-24-000100-index.htm",
        "finalLink": "https://www.sec.gov/Archives/edgar/data/795266/000079526624000100/kbh-20240531.htm"
    },
    {
        "date": "2024-02-29",
        "symbol": "KBH",
        "reportedCurrency": "USD",
        "cik": "0000795266",
        "fillingDate": "2024-04-05",
        "acceptedDate": "2024-04-05 16:34:31",
        "calendarYear": "2024",
        "period": "Q1",
        "revenue": 1467766000,
        "costOfRevenue": 1146528000,
        "grossProfit": 321238000,
        "grossProfitRatio": 0.2188618622,
        "researchAndDevelopmentExpenses": 0,
        "generalAndAdministrativeExpenses": 157494000,
        "sellingAndMarketingExpenses": 1546000,
        "sellingGeneralAndAdministrativeExpenses": 159040000,
        "otherExpenses": 0,
        "operatingExpenses": 159040000,
        "costAndExpenses": 1305568000,
        "interestIncome": 5857000,
        "interestExpense": 0,
        "depreciationAndAmortization": 9335000,
        "ebitda": 184000000,
        "ebitdaratio": 0.125360582,
        "operatingIncome": 157676000,
        "operatingIncomeRatio": 0.1074258431,
        "totalOtherIncomeExpensesNet": 16989000,
        "incomeBeforeTax": 174665000,
        "incomeBeforeTaxRatio": 0.1190005764,
        "incomeTaxExpense": 36000000,
        "netIncome": 138665000,
        "netIncomeRatio": 0.094473506,
        "eps": 1.81,
        "epsdiluted": 1.76,
        "weightedAverageShsOut": 75894000,
        "weightedAverageShsOutDil": 78264000,
        "link": "https://www.sec.gov/Archives/edgar/data/795266/000079526624000060/0000795266-24-000060-index.htm",
        "finalLink": "https://www.sec.gov/Archives/edgar/data/795266/000079526624000060/kbh-20240229.htm"
    },
    {
        "date": "2023-11-30",
        "symbol": "KBH",
        "reportedCurrency": "USD",
        "cik": "0000795266",
        "fillingDate": "2024-01-19",
        "acceptedDate": "2024-01-19 16:38:14",
        "calendarYear": "2023",
        "period": "Q4",
        "revenue": 1673988000,
        "costOfRevenue": 12158000,
        "grossProfit": 1661830000,
        "grossProfitRatio": 0.9927371044,
        "researchAndDevelopmentExpenses": 0,
        "generalAndAdministrativeExpenses": 127992000,
        "sellingAndMarketingExpenses": 35592000,
        "sellingGeneralAndAdministrativeExpenses": 163584000,
        "otherExpenses": 1317342000,
        "operatingExpenses": 1480926000,
        "costAndExpenses": 1485466000,
        "interestIncome": 6071000,
        "interestExpense": 0,
        "depreciationAndAmortization": 10283000,
        "ebitda": 209885000,
        "ebitdaratio": 0.1253802297,
        "operatingIncome": 180904000,
        "operatingIncomeRatio": 0.1080676803,
        "totalOtherIncomeExpensesNet": 18698000,
        "incomeBeforeTax": 199602000,
        "incomeBeforeTaxRatio": 0.1192374139,
        "incomeTaxExpense": -49300000,
        "netIncome": 150302000,
        "netIncomeRatio": 0.0897867846,
        "eps": 1.91,
        "epsdiluted": 1.85,
        "weightedAverageShsOut": 77986000,
        "weightedAverageShsOutDil": 80511000,
        "link": "https://www.sec.gov/Archives/edgar/data/795266/000079526624000008/0000795266-24-000008-index.htm",
        "finalLink": "https://www.sec.gov/Archives/edgar/data/795266/000079526624000008/kbh-20231130.htm"
    },
    {
        "date": "2023-08-31",
        "symbol": "KBH",
        "reportedCurrency": "USD",
        "cik": "0000795266",
        "fillingDate": "2023-10-06",
        "acceptedDate": "2023-10-06 17:00:36",
        "calendarYear": "2023",
        "period": "Q3",
        "revenue": 1587011000,
        "costOfRevenue": 1241910000,
        "grossProfit": 345101000,
        "grossProfitRatio": 0.2174534392,
        "researchAndDevelopmentExpenses": 0,
        "generalAndAdministrativeExpenses": 66893000,
        "sellingAndMarketingExpenses": 93204000,
        "sellingGeneralAndAdministrativeExpenses": 160097000,
        "otherExpenses": 5762000,
        "operatingExpenses": 165859000,
        "costAndExpenses": 1402007000,
        "interestIncome": 5492000,
        "interestExpense": 0,
        "depreciationAndAmortization": 9226000,
        "ebitda": 203759000,
        "ebitdaratio": 0.1283916747,
        "operatingIncome": 179242000,
        "operatingIncomeRatio": 0.1129431365,
        "totalOtherIncomeExpensesNet": 15291000,
        "incomeBeforeTax": 194533000,
        "incomeBeforeTaxRatio": 0.1225782304,
        "incomeTaxExpense": 44600000,
        "netIncome": 149933000,
        "netIncomeRatio": 0.0944750856,
        "eps": 1.86,
        "epsdiluted": 1.8,
        "weightedAverageShsOut": 80175000,
        "weightedAverageShsOutDil": 82732000,
        "link": "https://www.sec.gov/Archives/edgar/data/795266/000079526623000103/0000795266-23-000103-index.htm",
        "finalLink": "https://www.sec.gov/Archives/edgar/data/795266/000079526623000103/kbh-20230831.htm"
    },
    {
        "date": "2023-05-31",
        "symbol": "KBH",
        "reportedCurrency": "USD",
        "cik": "0000795266",
        "fillingDate": "2023-07-07",
        "acceptedDate": "2023-07-07 16:21:21",
        "calendarYear": "2023",
        "period": "Q2",
        "revenue": 1765316000,
        "costOfRevenue": 1386558000,
        "grossProfit": 378758000,
        "grossProfitRatio": 0.2145553544,
        "researchAndDevelopmentExpenses": 0,
        "generalAndAdministrativeExpenses": 131398000,
        "sellingAndMarketingExpenses": 37788000,
        "sellingGeneralAndAdministrativeExpenses": 169186000,
        "otherExpenses": 0,
        "operatingExpenses": 170658000,
        "costAndExpenses": 1557216000,
        "interestIncome": 1729000,
        "interestExpense": 0,
        "depreciationAndAmortization": 9048000,
        "ebitda": 223990000,
        "ebitdaratio": 0.1268837987,
        "operatingIncome": 202102000,
        "operatingIncomeRatio": 0.1144848854,
        "totalOtherIncomeExpensesNet": 12840000,
        "incomeBeforeTax": 214942000,
        "incomeBeforeTaxRatio": 0.1217583707,
        "incomeTaxExpense": 50500000,
        "netIncome": 164442000,
        "netIncomeRatio": 0.0931515944,
        "eps": 2,
        "epsdiluted": 1.94,
        "weightedAverageShsOut": 81764000,
        "weightedAverageShsOutDil": 84306000,
        "link": "https://www.sec.gov/Archives/edgar/data/795266/000079526623000080/0000795266-23-000080-index.htm",
        "finalLink": "https://www.sec.gov/Archives/edgar/data/795266/000079526623000080/kbh-20230531.htm"
    },
    {
        "date": "2023-02-28",
        "symbol": "KBH",
        "reportedCurrency": "USD",
        "cik": "0000795266",
        "fillingDate": "2023-04-07",
        "acceptedDate": "2023-04-07 16:25:42",
        "calendarYear": "2023",
        "period": "Q1",
        "revenue": 1384314000,
        "costOfRevenue": 1082821000,
        "grossProfit": 301493000,
        "grossProfitRatio": 0.2177923506,
        "researchAndDevelopmentExpenses": 0,
        "generalAndAdministrativeExpenses": 140585000,
        "sellingAndMarketingExpenses": -1358000,
        "sellingGeneralAndAdministrativeExpenses": 139227000,
        "otherExpenses": 1358000,
        "operatingExpenses": 140585000,
        "costAndExpenses": 1223406000,
        "interestIncome": 467000,
        "interestExpense": 0,
        "depreciationAndAmortization": 8712000,
        "ebitda": 170912000,
        "ebitdaratio": 0.1234633183,
        "operatingIncome": 156489000,
        "operatingIncomeRatio": 0.1130444393,
        "totalOtherIncomeExpensesNet": 5711000,
        "incomeBeforeTax": 162200000,
        "incomeBeforeTaxRatio": 0.1171699484,
        "incomeTaxExpense": 36700000,
        "netIncome": 125500000,
        "netIncomeRatio": 0.0906586222,
        "eps": 1.49,
        "epsdiluted": 1.45,
        "weightedAverageShsOut": 83468000,
        "weightedAverageShsOutDil": 85995000,
        "link": "https://www.sec.gov/Archives/edgar/data/795266/000079526623000036/0000795266-23-000036-index.htm",
        "finalLink": "https://www.sec.gov/Archives/edgar/data/795266/000079526623000036/kbh-20230228.htm"
    },
    {
        "date": "2022-11-30",
        "symbol": "KBH",
        "reportedCurrency": "USD",
        "cik": "0000795266",
        "fillingDate": "2023-01-20",
        "acceptedDate": "2023-01-20 16:38:53",
        "calendarYear": "2022",
        "period": "Q4",
        "revenue": 1940030000,
        "costOfRevenue": 1498939000,
        "grossProfit": 441091000,
        "grossProfitRatio": 0.2273629789,
        "researchAndDevelopmentExpenses": 0,
        "generalAndAdministrativeExpenses": 118560000,
        "sellingAndMarketingExpenses": 36753000,
        "sellingGeneralAndAdministrativeExpenses": 155313000,
        "otherExpenses": 0,
        "operatingExpenses": 156856000,
        "costAndExpenses": 1655795000,
        "interestIncome": 437000,
        "interestExpense": 0,
        "depreciationAndAmortization": 8896000,
        "ebitda": 293806000,
        "ebitdaratio": 0.1514440498,
        "operatingIncome": 278242000,
        "operatingIncomeRatio": 0.1434214935,
        "totalOtherIncomeExpensesNet": 6668000,
        "incomeBeforeTax": 284910000,
        "incomeBeforeTaxRatio": 0.1468585537,
        "incomeTaxExpense": 68500000,
        "netIncome": 216410000,
        "netIncomeRatio": 0.1115498214,
        "eps": 2.54,
        "epsdiluted": 2.47,
        "weightedAverageShsOut": 84821000,
        "weightedAverageShsOutDil": 87160000,
        "link": "https://www.sec.gov/Archives/edgar/data/795266/000079526623000009/0000795266-23-000009-index.htm",
        "finalLink": "https://www.sec.gov/Archives/edgar/data/795266/000079526623000009/kbh-20221130.htm"
    },
    {
        "date": "2022-08-31",
        "symbol": "KBH",
        "reportedCurrency": "USD",
        "cik": "0000795266",
        "fillingDate": "2022-10-07",
        "acceptedDate": "2022-10-07 16:36:24",
        "calendarYear": "2022",
        "period": "Q3",
        "revenue": 1844895000,
        "costOfRevenue": 1350540000,
        "grossProfit": 494355000,
        "grossProfitRatio": 0.2679583391,
        "researchAndDevelopmentExpenses": 0,
        "generalAndAdministrativeExpenses": 128227000,
        "sellingAndMarketingExpenses": 35011000,
        "sellingGeneralAndAdministrativeExpenses": 163238000,
        "otherExpenses": 0,
        "operatingExpenses": 164748000,
        "costAndExpenses": 1515288000,
        "interestIncome": 192000,
        "interestExpense": 0,
        "depreciationAndAmortization": 8327000,
        "ebitda": 334556000,
        "ebitdaratio": 0.1813414856,
        "operatingIncome": 325110000,
        "operatingIncomeRatio": 0.176221411,
        "totalOtherIncomeExpensesNet": 1119000,
        "incomeBeforeTax": 326229000,
        "incomeBeforeTaxRatio": 0.1768279496,
        "incomeTaxExpense": 70900000,
        "netIncome": 255329000,
        "netIncomeRatio": 0.1383975782,
        "eps": 2.95,
        "epsdiluted": 2.87,
        "weightedAverageShsOut": 86487000,
        "weightedAverageShsOutDil": 88857000,
        "link": "https://www.sec.gov/Archives/edgar/data/795266/000079526622000090/0000795266-22-000090-index.htm",
        "finalLink": "https://www.sec.gov/Archives/edgar/data/795266/000079526622000090/kbh-20220831.htm"
    },
    {
        "date": "2022-05-31",
        "symbol": "KBH",
        "reportedCurrency": "USD",
        "cik": "0000795266",
        "fillingDate": "2022-07-08",
        "acceptedDate": "2022-07-08 16:32:25",
        "calendarYear": "2022",
        "period": "Q2",
        "revenue": 1720062000,
        "costOfRevenue": 1281752000,
        "grossProfit": 438310000,
        "grossProfitRatio": 0.2548222099,
        "researchAndDevelopmentExpenses": 0,
        "generalAndAdministrativeExpenses": 132959000,
        "sellingAndMarketingExpenses": 35655000,
        "sellingGeneralAndAdministrativeExpenses": 168614000,
        "otherExpenses": 0,
        "operatingExpenses": 169976000,
        "costAndExpenses": 1451728000,
        "interestIncome": 39000,
        "interestExpense": 0,
        "depreciationAndAmortization": 7907000,
        "ebitda": 290777000,
        "ebitdaratio": 0.1690503017,
        "operatingIncome": 264460000,
        "operatingIncomeRatio": 0.1537502718,
        "totalOtherIncomeExpensesNet": 18410000,
        "incomeBeforeTax": 282870000,
        "incomeBeforeTaxRatio": 0.1644533744,
        "incomeTaxExpense": 72200000,
        "netIncome": 210670000,
        "netIncomeRatio": 0.1224781432,
        "eps": 2.4,
        "epsdiluted": 2.33,
        "weightedAverageShsOut": 87858000,
        "weightedAverageShsOutDil": 90316000,
        "link": "https://www.sec.gov/Archives/edgar/data/795266/000079526622000078/0000795266-22-000078-index.htm",
        "finalLink": "https://www.sec.gov/Archives/edgar/data/795266/000079526622000078/kbh-20220531.htm"
    },
    {
        "date": "2022-02-28",
        "symbol": "KBH",
        "reportedCurrency": "USD",
        "cik": "0000795266",
        "fillingDate": "2022-04-08",
        "acceptedDate": "2022-04-08 16:33:42",
        "calendarYear": "2022",
        "period": "Q1",
        "revenue": 1398789000,
        "costOfRevenue": 1082112000,
        "grossProfit": 316677000,
        "grossProfitRatio": 0.2263936877,
        "researchAndDevelopmentExpenses": 0,
        "generalAndAdministrativeExpenses": 113632000,
        "sellingAndMarketingExpenses": 28848000,
        "sellingGeneralAndAdministrativeExpenses": 142480000,
        "otherExpenses": 0,
        "operatingExpenses": 143827000,
        "costAndExpenses": 1225939000,
        "interestIncome": 36000,
        "interestExpense": 0,
        "depreciationAndAmortization": 7627000,
        "ebitda": 185684000,
        "ebitdaratio": 0.1327462541,
        "operatingIncome": 169562000,
        "operatingIncomeRatio": 0.1212205701,
        "totalOtherIncomeExpensesNet": 8495000,
        "incomeBeforeTax": 178057000,
        "incomeBeforeTaxRatio": 0.1272936805,
        "incomeTaxExpense": 43800000,
        "netIncome": 134257000,
        "netIncomeRatio": 0.0959808806,
        "eps": 1.47,
        "epsdiluted": 1.47,
        "weightedAverageShsOut": 88285000,
        "weightedAverageShsOutDil": 91067000,
        "link": "https://www.sec.gov/Archives/edgar/data/795266/000079526622000045/0000795266-22-000045-index.htm",
        "finalLink": "https://www.sec.gov/Archives/edgar/data/795266/000079526622000045/kbh-20220228.htm"
    },
    {
        "date": "2021-11-30",
        "symbol": "KBH",
        "reportedCurrency": "USD",
        "cik": "0000795266",
        "fillingDate": "2022-01-21",
        "acceptedDate": "2022-01-21 16:38:42",
        "calendarYear": "2021",
        "period": "Q4",
        "revenue": 1675198000,
        "costOfRevenue": 1291742000,
        "grossProfit": 383456000,
        "grossProfitRatio": 0.228901897,
        "researchAndDevelopmentExpenses": 0,
        "generalAndAdministrativeExpenses": 140714000,
        "sellingAndMarketingExpenses": 30817000,
        "sellingGeneralAndAdministrativeExpenses": 171531000,
        "otherExpenses": 0,
        "operatingExpenses": 164299000,
        "costAndExpenses": 1456041000,
        "interestIncome": 11000,
        "interestExpense": 0,
        "depreciationAndAmortization": 7993000,
        "ebitda": 231927000,
        "ebitdaratio": 0.1384475149,
        "operatingIncome": 214417000,
        "operatingIncomeRatio": 0.1279950191,
        "totalOtherIncomeExpensesNet": 9517000,
        "incomeBeforeTax": 223934000,
        "incomeBeforeTaxRatio": 0.1336761386,
        "incomeTaxExpense": 49700000,
        "netIncome": 174234000,
        "netIncomeRatio": 0.1040080038,
        "eps": 1.99,
        "epsdiluted": 1.92,
        "weightedAverageShsOut": 87723000,
        "weightedAverageShsOutDil": 90800000,
        "link": "https://www.sec.gov/Archives/edgar/data/795266/000079526622000010/0000795266-22-000010-index.htm",
        "finalLink": "https://www.sec.gov/Archives/edgar/data/795266/000079526622000010/kbh-20211130.htm"
    },
    {
        "date": "2021-08-31",
        "symbol": "KBH",
        "reportedCurrency": "USD",
        "cik": "0000795266",
        "fillingDate": "2021-10-08",
        "acceptedDate": "2021-10-08 16:21:27",
        "calendarYear": "2021",
        "period": "Q3",
        "revenue": 1467102000,
        "costOfRevenue": 1147642000,
        "grossProfit": 319460000,
        "grossProfitRatio": 0.2177490045,
        "researchAndDevelopmentExpenses": 0,
        "generalAndAdministrativeExpenses": 115565000,
        "sellingAndMarketingExpenses": 28760000,
        "sellingGeneralAndAdministrativeExpenses": 144325000,
        "otherExpenses": 0,
        "operatingExpenses": 145559000,
        "costAndExpenses": 1293201000,
        "interestIncome": 144000,
        "interestExpense": 0,
        "depreciationAndAmortization": 6800000,
        "ebitda": 180997000,
        "ebitdaratio": 0.1233704269,
        "operatingIncome": 169929000,
        "operatingIncomeRatio": 0.1158263025,
        "totalOtherIncomeExpensesNet": 4268000,
        "incomeBeforeTax": 174197000,
        "incomeBeforeTaxRatio": 0.118735439,
        "incomeTaxExpense": 24100000,
        "netIncome": 150097000,
        "netIncomeRatio": 0.1023084966,
        "eps": 1.67,
        "epsdiluted": 1.61,
        "weightedAverageShsOut": 90076000,
        "weightedAverageShsOutDil": 93264000,
        "link": "https://www.sec.gov/Archives/edgar/data/795266/000079526621000117/0000795266-21-000117-index.htm",
        "finalLink": "https://www.sec.gov/Archives/edgar/data/795266/000079526621000117/kbh-20210831.htm"
    },
    {
        "date": "2021-05-31",
        "symbol": "KBH",
        "reportedCurrency": "USD",
        "cik": "0000795266",
        "fillingDate": "2021-07-09",
        "acceptedDate": "2021-07-09 16:31:56",
        "calendarYear": "2021",
        "period": "Q2",
        "revenue": 1440892000,
        "costOfRevenue": 1273133000,
        "grossProfit": 167759000,
        "grossProfitRatio": 0.1164271854,
        "researchAndDevelopmentExpenses": 0,
        "generalAndAdministrativeExpenses": 115617000,
        "sellingAndMarketingExpenses": 29498000,
        "sellingGeneralAndAdministrativeExpenses": 145115000,
        "otherExpenses": 0,
        "operatingExpenses": 1253000,
        "costAndExpenses": 1274386000,
        "interestIncome": 241000,
        "interestExpense": 0,
        "depreciationAndAmortization": 7416000,
        "ebitda": 181080000,
        "ebitdaratio": 0.1256721531,
        "operatingIncome": 162902000,
        "operatingIncomeRatio": 0.1130563568,
        "totalOtherIncomeExpensesNet": 10762000,
        "incomeBeforeTax": 173664000,
        "incomeBeforeTaxRatio": 0.1205253412,
        "incomeTaxExpense": 30300000,
        "netIncome": 143364000,
        "netIncomeRatio": 0.0994967007,
        "eps": 1.56,
        "epsdiluted": 1.5,
        "weightedAverageShsOut": 92087000,
        "weightedAverageShsOutDil": 95379000,
        "link": "https://www.sec.gov/Archives/edgar/data/795266/000079526621000105/0000795266-21-000105-index.htm",
        "finalLink": "https://www.sec.gov/Archives/edgar/data/795266/000079526621000105/kbh-20210531.htm"
    },
    {
        "date": "2021-02-28",
        "symbol": "KBH",
        "reportedCurrency": "USD",
        "cik": "0000795266",
        "fillingDate": "2021-04-09",
        "acceptedDate": "2021-04-09 16:23:01",
        "calendarYear": "2021",
        "period": "Q1",
        "revenue": 1141738000,
        "costOfRevenue": 901909000,
        "grossProfit": 239829000,
        "grossProfitRatio": 0.2100560724,
        "researchAndDevelopmentExpenses": 0,
        "generalAndAdministrativeExpenses": 89299000,
        "sellingAndMarketingExpenses": 28406000,
        "sellingGeneralAndAdministrativeExpenses": 117705000,
        "otherExpenses": 0,
        "operatingExpenses": 123205000,
        "costAndExpenses": 1025114000,
        "interestIncome": 653000,
        "interestExpense": 0,
        "depreciationAndAmortization": 7080000,
        "ebitda": 130631000,
        "ebitdaratio": 0.1144141651,
        "operatingIncome": 114094000,
        "operatingIncomeRatio": 0.0999301066,
        "totalOtherIncomeExpensesNet": 9457000,
        "incomeBeforeTax": 123551000,
        "incomeBeforeTaxRatio": 0.1082130927,
        "incomeTaxExpense": 26500000,
        "netIncome": 97051000,
        "netIncomeRatio": 0.0850028641,
        "eps": 1.06,
        "epsdiluted": 1.02,
        "weightedAverageShsOut": 91716000,
        "weightedAverageShsOutDil": 94903000,
        "link": "https://www.sec.gov/Archives/edgar/data/795266/000079526621000060/0000795266-21-000060-index.htm",
        "finalLink": "https://www.sec.gov/Archives/edgar/data/795266/000079526621000060/kbh-20210228.htm"
    },
    {
        "date": "2020-11-30",
        "symbol": "KBH",
        "reportedCurrency": "USD",
        "cik": "0000795266",
        "fillingDate": "2021-01-22",
        "acceptedDate": "2021-01-22 16:23:12",
        "calendarYear": "2020",
        "period": "Q4",
        "revenue": 1194256000,
        "costOfRevenue": 951450000,
        "grossProfit": 242806000,
        "grossProfitRatio": 0.2033115178,
        "researchAndDevelopmentExpenses": 0,
        "generalAndAdministrativeExpenses": 94883000,
        "sellingAndMarketingExpenses": 27814000,
        "sellingGeneralAndAdministrativeExpenses": 122697000,
        "otherExpenses": 0,
        "operatingExpenses": 123879000,
        "costAndExpenses": 1075329000,
        "interestIncome": 391000,
        "interestExpense": 0,
        "depreciationAndAmortization": 6813000,
        "ebitda": 132904000,
        "ebitdaratio": 0.1112860224,
        "operatingIncome": 115745000,
        "operatingIncomeRatio": 0.0969180812,
        "totalOtherIncomeExpensesNet": 10346000,
        "incomeBeforeTax": 126091000,
        "incomeBeforeTaxRatio": 0.1055812154,
        "incomeTaxExpense": 20000000,
        "netIncome": 106091000,
        "netIncomeRatio": 0.0888343873,
        "eps": 1.17,
        "epsdiluted": 1.12,
        "weightedAverageShsOut": 90983000,
        "weightedAverageShsOutDil": 94557000,
        "link": "https://www.sec.gov/Archives/edgar/data/795266/000079526621000012/0000795266-21-000012-index.htm",
        "finalLink": "https://www.sec.gov/Archives/edgar/data/795266/000079526621000012/kbh-20201130.htm"
    },
    {
        "date": "2020-08-31",
        "symbol": "KBH",
        "reportedCurrency": "USD",
        "cik": "0000795266",
        "fillingDate": "2020-10-08",
        "acceptedDate": "2020-10-08 16:17:42",
        "calendarYear": "2020",
        "period": "Q3",
        "revenue": 999013000,
        "costOfRevenue": 798495000,
        "grossProfit": 200518000,
        "grossProfitRatio": 0.2007161068,
        "researchAndDevelopmentExpenses": 0,
        "generalAndAdministrativeExpenses": 80911000,
        "sellingAndMarketingExpenses": 26799000,
        "sellingGeneralAndAdministrativeExpenses": 107710000,
        "otherExpenses": 0,
        "operatingExpenses": 108766000,
        "costAndExpenses": 907261000,
        "interestIncome": 786000,
        "interestExpense": 0,
        "depreciationAndAmortization": 7073000,
        "ebitda": 108388000,
        "ebitdaratio": 0.1084950846,
        "operatingIncome": 88943000,
        "operatingIncomeRatio": 0.0890308735,
        "totalOtherIncomeExpensesNet": 12372000,
        "incomeBeforeTax": 101315000,
        "incomeBeforeTaxRatio": 0.1014150967,
        "incomeTaxExpense": 22900000,
        "netIncome": 78415000,
        "netIncomeRatio": 0.0784924721,
        "eps": 0.87,
        "epsdiluted": 0.83,
        "weightedAverageShsOut": 90535000,
        "weightedAverageShsOutDil": 94105000,
        "link": "https://www.sec.gov/Archives/edgar/data/795266/000079526620000080/0000795266-20-000080-index.htm",
        "finalLink": "https://www.sec.gov/Archives/edgar/data/795266/000079526620000080/kbh-08312020x10q.htm"
    },
    {
        "date": "2020-05-31",
        "symbol": "KBH",
        "reportedCurrency": "USD",
        "cik": "0000795266",
        "fillingDate": "2020-07-09",
        "acceptedDate": "2020-07-09 16:38:55",
        "calendarYear": "2020",
        "period": "Q2",
        "revenue": 913970000,
        "costOfRevenue": 744453000,
        "grossProfit": 169517000,
        "grossProfitRatio": 0.185473265,
        "researchAndDevelopmentExpenses": 0,
        "generalAndAdministrativeExpenses": 114238000,
        "sellingAndMarketingExpenses": 0,
        "sellingGeneralAndAdministrativeExpenses": 114238000,
        "otherExpenses": 0,
        "operatingExpenses": 115121000,
        "costAndExpenses": 859574000,
        "interestIncome": 442000,
        "interestExpense": 0,
        "depreciationAndAmortization": 7194000,
        "ebitda": 74983000,
        "ebitdaratio": 0.082040986,
        "operatingIncome": 51589000,
        "operatingIncomeRatio": 0.0564449599,
        "totalOtherIncomeExpensesNet": 16200000,
        "incomeBeforeTax": 67789000,
        "incomeBeforeTaxRatio": 0.0741698305,
        "incomeTaxExpense": 15800000,
        "netIncome": 51989000,
        "netIncomeRatio": 0.056882611,
        "eps": 0.57,
        "epsdiluted": 0.56,
        "weightedAverageShsOut": 90493000,
        "weightedAverageShsOutDil": 93472000,
        "link": "https://www.sec.gov/Archives/edgar/data/795266/000079526620000067/0000795266-20-000067-index.htm",
        "finalLink": "https://www.sec.gov/Archives/edgar/data/795266/000079526620000067/kbh-05312020x10q.htm"
    },
    {
        "date": "2020-02-29",
        "symbol": "KBH",
        "reportedCurrency": "USD",
        "cik": "0000795266",
        "fillingDate": "2020-04-01",
        "acceptedDate": "2020-04-01 17:06:33",
        "calendarYear": "2020",
        "period": "Q1",
        "revenue": 1075935000,
        "costOfRevenue": 886053000,
        "grossProfit": 189882000,
        "grossProfitRatio": 0.1764809212,
        "researchAndDevelopmentExpenses": 0,
        "generalAndAdministrativeExpenses": 93074000,
        "sellingAndMarketingExpenses": 33060000,
        "sellingGeneralAndAdministrativeExpenses": 126134000,
        "otherExpenses": 0,
        "operatingExpenses": 127096000,
        "costAndExpenses": 1013149000,
        "interestIncome": 935000,
        "interestExpense": 0,
        "depreciationAndAmortization": 7316000,
        "ebitda": 76164000,
        "ebitdaratio": 0.0707886629,
        "operatingIncome": 60195000,
        "operatingIncomeRatio": 0.0559466882,
        "totalOtherIncomeExpensesNet": 8653000,
        "incomeBeforeTax": 68848000,
        "incomeBeforeTaxRatio": 0.0639889956,
        "incomeTaxExpense": 9100000,
        "netIncome": 59748000,
        "netIncomeRatio": 0.0555312356,
        "eps": 0.67,
        "epsdiluted": 0.63,
        "weightedAverageShsOut": 89842000,
        "weightedAverageShsOutDil": 94205000,
        "link": "https://www.sec.gov/Archives/edgar/data/795266/000079526620000034/0000795266-20-000034-index.htm",
        "finalLink": "https://www.sec.gov/Archives/edgar/data/795266/000079526620000034/kbh-02292020x10q.htm"
    },
    {
        "date": "2019-11-30",
        "symbol": "KBH",
        "reportedCurrency": "USD",
        "cik": "0000795266",
        "fillingDate": "2020-01-24",
        "acceptedDate": "2020-01-24 17:09:48",
        "calendarYear": "2019",
        "period": "Q4",
        "revenue": 1558675000,
        "costOfRevenue": 1250575000,
        "grossProfit": 308100000,
        "grossProfitRatio": 0.197667891,
        "researchAndDevelopmentExpenses": 0,
        "generalAndAdministrativeExpenses": 10569000,
        "sellingAndMarketingExpenses": 129733000,
        "sellingGeneralAndAdministrativeExpenses": 140302000,
        "otherExpenses": 0,
        "operatingExpenses": 141568000,
        "costAndExpenses": 1392143000,
        "interestIncome": 413000,
        "interestExpense": 0,
        "depreciationAndAmortization": 7333000,
        "ebitda": 172300000,
        "ebitdaratio": 0.1105426083,
        "operatingIncome": 162467000,
        "operatingIncomeRatio": 0.1042340449,
        "totalOtherIncomeExpensesNet": 2500000,
        "incomeBeforeTax": 164967000,
        "incomeBeforeTaxRatio": 0.1058379714,
        "incomeTaxExpense": 41800000,
        "netIncome": 123167000,
        "netIncomeRatio": 0.0790203217,
        "eps": 1.38,
        "epsdiluted": 1.31,
        "weightedAverageShsOut": 89100000,
        "weightedAverageShsOutDil": 93682000,
        "link": "https://www.sec.gov/Archives/edgar/data/795266/000079526620000007/0000795266-20-000007-index.htm",
        "finalLink": "https://www.sec.gov/Archives/edgar/data/795266/000079526620000007/kbh-11302019x10k.htm"
    },
    {
        "date": "2019-08-31",
        "symbol": "KBH",
        "reportedCurrency": "USD",
        "cik": "0000795266",
        "fillingDate": "2019-10-04",
        "acceptedDate": "2019-10-04 17:13:47",
        "calendarYear": "2019",
        "period": "Q3",
        "revenue": 1160786000,
        "costOfRevenue": 943754000,
        "grossProfit": 217032000,
        "grossProfitRatio": 0.1869698635,
        "researchAndDevelopmentExpenses": 0,
        "generalAndAdministrativeExpenses": 128629000,
        "sellingAndMarketingExpenses": 0,
        "sellingGeneralAndAdministrativeExpenses": 128629000,
        "otherExpenses": 0,
        "operatingExpenses": 128629000,
        "costAndExpenses": 1072383000,
        "interestIncome": 201000,
        "interestExpense": 0,
        "depreciationAndAmortization": 7045000,
        "ebitda": 98981000,
        "ebitdaratio": 0.08527067,
        "operatingIncome": 85475000,
        "operatingIncomeRatio": 0.0736354505,
        "totalOtherIncomeExpensesNet": 6461000,
        "incomeBeforeTax": 91936000,
        "incomeBeforeTaxRatio": 0.0792015066,
        "incomeTaxExpense": 23800000,
        "netIncome": 68136000,
        "netIncomeRatio": 0.058698158,
        "eps": 0.77,
        "epsdiluted": 0.73,
        "weightedAverageShsOut": 88262000,
        "weightedAverageShsOutDil": 92842000,
        "link": "https://www.sec.gov/Archives/edgar/data/795266/000079526619000093/0000795266-19-000093-index.htm",
        "finalLink": "https://www.sec.gov/Archives/edgar/data/795266/000079526619000093/kbh-08312019x10q.htm"
    },
    {
        "date": "2019-05-31",
        "symbol": "KBH",
        "reportedCurrency": "USD",
        "cik": "0000795266",
        "fillingDate": "2019-07-09",
        "acceptedDate": "2019-07-09 17:06:07",
        "calendarYear": "2019",
        "period": "Q2",
        "revenue": 1021803000,
        "costOfRevenue": 843744000,
        "grossProfit": 178059000,
        "grossProfitRatio": 0.1742596176,
        "researchAndDevelopmentExpenses": 0,
        "generalAndAdministrativeExpenses": 123868000,
        "sellingAndMarketingExpenses": 0,
        "sellingGeneralAndAdministrativeExpenses": 123868000,
        "otherExpenses": 0,
        "operatingExpenses": 123868000,
        "costAndExpenses": 967612000,
        "interestIncome": 439000,
        "interestExpense": 0,
        "depreciationAndAmortization": 6334000,
        "ebitda": 63095000,
        "ebitdaratio": 0.0617486932,
        "operatingIncome": 52099000,
        "operatingIncomeRatio": 0.0509873234,
        "totalOtherIncomeExpensesNet": 4662000,
        "incomeBeforeTax": 56761000,
        "incomeBeforeTaxRatio": 0.0555498467,
        "incomeTaxExpense": 9300000,
        "netIncome": 47461000,
        "netIncomeRatio": 0.046448288,
        "eps": 0.54,
        "epsdiluted": 0.51,
        "weightedAverageShsOut": 87641000,
        "weightedAverageShsOutDil": 92366000,
        "link": "https://www.sec.gov/Archives/edgar/data/795266/000079526619000066/0000795266-19-000066-index.htm",
        "finalLink": "https://www.sec.gov/Archives/edgar/data/795266/000079526619000066/kbh-05312019x10q.htm"
    },
    {
        "date": "2019-02-28",
        "symbol": "KBH",
        "reportedCurrency": "USD",
        "cik": "0000795266",
        "fillingDate": "2019-04-05",
        "acceptedDate": "2019-04-05 16:38:37",
        "calendarYear": "2019",
        "period": "Q1",
        "revenue": 811483000,
        "costOfRevenue": 670855000,
        "grossProfit": 140628000,
        "grossProfitRatio": 0.1732975306,
        "researchAndDevelopmentExpenses": 0,
        "generalAndAdministrativeExpenses": 107618000,
        "sellingAndMarketingExpenses": 0,
        "sellingGeneralAndAdministrativeExpenses": 107618000,
        "otherExpenses": 0,
        "operatingExpenses": 107618000,
        "costAndExpenses": 778473000,
        "interestIncome": 1105000,
        "interestExpense": 0,
        "depreciationAndAmortization": 6446000,
        "ebitda": 40957000,
        "ebitdaratio": 0.0504717905,
        "operatingIncome": 31339000,
        "operatingIncomeRatio": 0.0386194165,
        "totalOtherIncomeExpensesNet": 3172000,
        "incomeBeforeTax": 34511000,
        "incomeBeforeTaxRatio": 0.0425283093,
        "incomeTaxExpense": 4500000,
        "netIncome": 30011000,
        "netIncomeRatio": 0.0369829066,
        "eps": 0.35,
        "epsdiluted": 0.31,
        "weightedAverageShsOut": 86972000,
        "weightedAverageShsOutDil": 96962000,
        "link": "https://www.sec.gov/Archives/edgar/data/795266/000079526619000028/0000795266-19-000028-index.htm",
        "finalLink": "https://www.sec.gov/Archives/edgar/data/795266/000079526619000028/kbh-02282019x10q.htm"
    },
    {
        "date": "2018-11-30",
        "symbol": "KBH",
        "reportedCurrency": "USD",
        "cik": "0000795266",
        "fillingDate": "2019-01-24",
        "acceptedDate": "2019-01-24 16:54:34",
        "calendarYear": "2018",
        "period": "Q4",
        "revenue": 1348609000,
        "costOfRevenue": 1101689000,
        "grossProfit": 246920000,
        "grossProfitRatio": 0.1830923566,
        "researchAndDevelopmentExpenses": 0,
        "generalAndAdministrativeExpenses": 121435000,
        "sellingAndMarketingExpenses": 0,
        "sellingGeneralAndAdministrativeExpenses": 121435000,
        "otherExpenses": 0,
        "operatingExpenses": 121435000,
        "costAndExpenses": 1223124000,
        "interestIncome": 775000,
        "interestExpense": 0,
        "depreciationAndAmortization": 648000,
        "ebitda": 129584000,
        "ebitdaratio": 0.0960871535,
        "operatingIncome": 121907000,
        "operatingIncomeRatio": 0.0903946214,
        "totalOtherIncomeExpensesNet": 7029000,
        "incomeBeforeTax": 128936000,
        "incomeBeforeTaxRatio": 0.0956066584,
        "incomeTaxExpense": 32100000,
        "netIncome": 96836000,
        "netIncomeRatio": 0.0718043555,
        "eps": 1.1,
        "epsdiluted": 0.96,
        "weightedAverageShsOut": 88398000,
        "weightedAverageShsOutDil": 100809000,
        "link": "https://www.sec.gov/Archives/edgar/data/795266/000079526619000005/0000795266-19-000005-index.htm",
        "finalLink": "https://www.sec.gov/Archives/edgar/data/795266/000079526619000005/kbh-11302018x10k.htm"
    },
    {
        "date": "2018-08-31",
        "symbol": "KBH",
        "reportedCurrency": "USD",
        "cik": "0000795266",
        "fillingDate": "2018-10-09",
        "acceptedDate": "2018-10-05 17:39:36",
        "calendarYear": "2018",
        "period": "Q3",
        "revenue": 1225347000,
        "costOfRevenue": 1001509000,
        "grossProfit": 223838000,
        "grossProfitRatio": 0.182673153,
        "researchAndDevelopmentExpenses": 0,
        "generalAndAdministrativeExpenses": 115698000,
        "sellingAndMarketingExpenses": 0,
        "sellingGeneralAndAdministrativeExpenses": 115698000,
        "otherExpenses": 0,
        "operatingExpenses": 115698000,
        "costAndExpenses": 1117207000,
        "interestIncome": 458000,
        "interestExpense": 0,
        "depreciationAndAmortization": 631000,
        "ebitda": 115307000,
        "ebitdaratio": 0.0941015076,
        "operatingIncome": 105613000,
        "operatingIncomeRatio": 0.0861902792,
        "totalOtherIncomeExpensesNet": 9063000,
        "incomeBeforeTax": 114676000,
        "incomeBeforeTaxRatio": 0.0935865514,
        "incomeTaxExpense": 27200000,
        "netIncome": 87476000,
        "netIncomeRatio": 0.0713887576,
        "eps": 0.99,
        "epsdiluted": 0.87,
        "weightedAverageShsOut": 87951000,
        "weightedAverageShsOutDil": 101072000,
        "link": "https://www.sec.gov/Archives/edgar/data/795266/000079526618000080/0000795266-18-000080-index.htm",
        "finalLink": "https://www.sec.gov/Archives/edgar/data/795266/000079526618000080/kbh-08312018x10q.htm"
    },
    {
        "date": "2018-05-31",
        "symbol": "KBH",
        "reportedCurrency": "USD",
        "cik": "0000795266",
        "fillingDate": "2018-07-06",
        "acceptedDate": "2018-07-06 16:18:50",
        "calendarYear": "2018",
        "period": "Q2",
        "revenue": 1101423000,
        "costOfRevenue": 911244000,
        "grossProfit": 190179000,
        "grossProfitRatio": 0.1726666322,
        "researchAndDevelopmentExpenses": 0,
        "generalAndAdministrativeExpenses": 114188000,
        "sellingAndMarketingExpenses": 0,
        "sellingGeneralAndAdministrativeExpenses": 114188000,
        "otherExpenses": 0,
        "operatingExpenses": 114188000,
        "costAndExpenses": 1025432000,
        "interestIncome": 1278000,
        "interestExpense": 0,
        "depreciationAndAmortization": 623000,
        "ebitda": 84501000,
        "ebitdaratio": 0.0767198433,
        "operatingIncome": 74198000,
        "operatingIncomeRatio": 0.0673655807,
        "totalOtherIncomeExpensesNet": -5570000,
        "incomeBeforeTax": 78308000,
        "incomeBeforeTaxRatio": 0.0710971171,
        "incomeTaxExpense": 21000000,
        "netIncome": 57308000,
        "netIncomeRatio": 0.0520308728,
        "eps": 0.65,
        "epsdiluted": 0.57,
        "weightedAverageShsOut": 87581000,
        "weightedAverageShsOutDil": 101159000,
        "link": "https://www.sec.gov/Archives/edgar/data/795266/000079526618000067/0000795266-18-000067-index.htm",
        "finalLink": "https://www.sec.gov/Archives/edgar/data/795266/000079526618000067/kbh-05312018x10q.htm"
    },
    {
        "date": "2018-02-28",
        "symbol": "KBH",
        "reportedCurrency": "USD",
        "cik": "0000795266",
        "fillingDate": "2018-04-06",
        "acceptedDate": "2018-04-06 17:14:09",
        "calendarYear": "2018",
        "period": "Q1",
        "revenue": 871623000,
        "costOfRevenue": 729478000,
        "grossProfit": 142145000,
        "grossProfitRatio": 0.1630808274,
        "researchAndDevelopmentExpenses": 0,
        "generalAndAdministrativeExpenses": 96677000,
        "sellingAndMarketingExpenses": 0,
        "sellingGeneralAndAdministrativeExpenses": 96677000,
        "otherExpenses": 0,
        "operatingExpenses": 96677000,
        "costAndExpenses": 826155000,
        "interestIncome": 1003000,
        "interestExpense": 0,
        "depreciationAndAmortization": 628000,
        "ebitda": 46673000,
        "ebitdaratio": 0.0535472332,
        "operatingIncome": 44003000,
        "operatingIncomeRatio": 0.0504839822,
        "totalOtherIncomeExpensesNet": 2042000,
        "incomeBeforeTax": 46045000,
        "incomeBeforeTaxRatio": 0.0528267382,
        "incomeTaxExpense": 117300000,
        "netIncome": -71255000,
        "netIncomeRatio": -0.0817497932,
        "eps": -0.82,
        "epsdiluted": -0.82,
        "weightedAverageShsOut": 86896341,
        "weightedAverageShsOutDil": 87155000,
        "link": "https://www.sec.gov/Archives/edgar/data/795266/000079526618000032/0000795266-18-000032-index.htm",
        "finalLink": "https://www.sec.gov/Archives/edgar/data/795266/000079526618000032/kbh-02282018x10q.htm"
    },
    {
        "date": "2017-11-30",
        "symbol": "KBH",
        "reportedCurrency": "USD",
        "cik": "0000795266",
        "fillingDate": "2018-01-26",
        "acceptedDate": "2018-01-26 16:41:44",
        "calendarYear": "2017",
        "period": "Q4",
        "revenue": 1403138000,
        "costOfRevenue": 1146791000,
        "grossProfit": 256347000,
        "grossProfitRatio": 0.1826955011,
        "researchAndDevelopmentExpenses": 0,
        "generalAndAdministrativeExpenses": 121398000,
        "sellingAndMarketingExpenses": 0,
        "sellingGeneralAndAdministrativeExpenses": 121398000,
        "otherExpenses": 0,
        "operatingExpenses": 121398000,
        "costAndExpenses": 1268189000,
        "interestIncome": 493000,
        "interestExpense": 0,
        "depreciationAndAmortization": 640000,
        "ebitda": 137986000,
        "ebitdaratio": 0.0983410042,
        "operatingIncome": 131876000,
        "operatingIncomeRatio": 0.0939864789,
        "totalOtherIncomeExpensesNet": 5470000,
        "incomeBeforeTax": 137346000,
        "incomeBeforeTaxRatio": 0.0978848837,
        "incomeTaxExpense": 53000000,
        "netIncome": 84346000,
        "netIncomeRatio": 0.0601124052,
        "eps": 0.97,
        "epsdiluted": 0.84,
        "weightedAverageShsOut": 86821000,
        "weightedAverageShsOutDil": 100235000,
        "link": "https://www.sec.gov/Archives/edgar/data/795266/000079526618000005/0000795266-18-000005-index.htm",
        "finalLink": "https://www.sec.gov/Archives/edgar/data/795266/000079526618000005/kbh-11302017x10k.htm"
    },
    {
        "date": "2017-08-31",
        "symbol": "KBH",
        "reportedCurrency": "USD",
        "cik": "0000795266",
        "fillingDate": "2017-10-05",
        "acceptedDate": "2017-10-05 17:07:07",
        "calendarYear": "2017",
        "period": "Q3",
        "revenue": 1144001000,
        "costOfRevenue": 955001000,
        "grossProfit": 189000000,
        "grossProfitRatio": 0.1652096458,
        "researchAndDevelopmentExpenses": 0,
        "generalAndAdministrativeExpenses": 109985000,
        "sellingAndMarketingExpenses": 0,
        "sellingGeneralAndAdministrativeExpenses": 109985000,
        "otherExpenses": 0,
        "operatingExpenses": 109985000,
        "costAndExpenses": 1064986000,
        "interestIncome": 347000,
        "interestExpense": 0,
        "depreciationAndAmortization": 651000,
        "ebitda": 79859000,
        "ebitdaratio": 0.0698067572,
        "operatingIncome": 76691000,
        "operatingIncomeRatio": 0.0670375288,
        "totalOtherIncomeExpensesNet": 2517000,
        "incomeBeforeTax": 79208000,
        "incomeBeforeTaxRatio": 0.0692377017,
        "incomeTaxExpense": 29000000,
        "netIncome": 50208000,
        "netIncomeRatio": 0.0438880735,
        "eps": 0.58,
        "epsdiluted": 0.51,
        "weightedAverageShsOut": 85974000,
        "weightedAverageShsOutDil": 98912000,
        "link": "https://www.sec.gov/Archives/edgar/data/795266/000079526617000076/0000795266-17-000076-index.htm",
        "finalLink": "https://www.sec.gov/Archives/edgar/data/795266/000079526617000076/kbh-08312017x10q.htm"
    },
    {
        "date": "2017-05-31",
        "symbol": "KBH",
        "reportedCurrency": "USD",
        "cik": "0000795266",
        "fillingDate": "2017-07-07",
        "acceptedDate": "2017-07-07 16:40:43",
        "calendarYear": "2017",
        "period": "Q2",
        "revenue": 1002794000,
        "costOfRevenue": 846596000,
        "grossProfit": 156198000,
        "grossProfitRatio": 0.1557627987,
        "researchAndDevelopmentExpenses": 0,
        "generalAndAdministrativeExpenses": 104733000,
        "sellingAndMarketingExpenses": 0,
        "sellingGeneralAndAdministrativeExpenses": 104733000,
        "otherExpenses": 0,
        "operatingExpenses": 104733000,
        "costAndExpenses": 951329000,
        "interestIncome": 202000,
        "interestExpense": 0,
        "depreciationAndAmortization": 698000,
        "ebitda": 52680000,
        "ebitdaratio": 0.0525332222,
        "operatingIncome": 49559000,
        "operatingIncomeRatio": 0.049420918,
        "totalOtherIncomeExpensesNet": 2423000,
        "incomeBeforeTax": 51982000,
        "incomeBeforeTaxRatio": 0.051837167,
        "incomeTaxExpense": 20200000,
        "netIncome": 31782000,
        "netIncomeRatio": 0.0316934485,
        "eps": 0.37,
        "epsdiluted": 0.33,
        "weightedAverageShsOut": 85445000,
        "weightedAverageShsOutDil": 97732000,
        "link": "https://www.sec.gov/Archives/edgar/data/795266/000079526617000052/0000795266-17-000052-index.htm",
        "finalLink": "https://www.sec.gov/Archives/edgar/data/795266/000079526617000052/kbh-05312017x10q.htm"
    },
    {
        "date": "2017-02-28",
        "symbol": "KBH",
        "reportedCurrency": "USD",
        "cik": "0000795266",
        "fillingDate": "2017-04-05",
        "acceptedDate": "2017-04-05 17:11:12",
        "calendarYear": "2017",
        "period": "Q1",
        "revenue": 818596000,
        "costOfRevenue": 698080000,
        "grossProfit": 120516000,
        "grossProfitRatio": 0.1472228059,
        "researchAndDevelopmentExpenses": 0,
        "generalAndAdministrativeExpenses": 93708000,
        "sellingAndMarketingExpenses": 0,
        "sellingGeneralAndAdministrativeExpenses": 93708000,
        "otherExpenses": 0,
        "operatingExpenses": 93708000,
        "costAndExpenses": 791788000,
        "interestIncome": 198000,
        "interestExpense": 6307000,
        "depreciationAndAmortization": 802000,
        "ebitda": 28568000,
        "ebitdaratio": 0.0348987779,
        "operatingIncome": 25277000,
        "operatingIncomeRatio": 0.0308784797,
        "totalOtherIncomeExpensesNet": -3818000,
        "incomeBeforeTax": 21459000,
        "incomeBeforeTaxRatio": 0.0262143964,
        "incomeTaxExpense": 7200000,
        "netIncome": 14259000,
        "netIncomeRatio": 0.0174188489,
        "eps": 0.17,
        "epsdiluted": 0.15,
        "weightedAverageShsOut": 85122000,
        "weightedAverageShsOutDil": 96273000,
        "link": "https://www.sec.gov/Archives/edgar/data/795266/000079526617000034/0000795266-17-000034-index.htm",
        "finalLink": "https://www.sec.gov/Archives/edgar/data/795266/000079526617000034/kbh-02282017x10q.htm"
    },
    {
        "date": "2016-11-30",
        "symbol": "KBH",
        "reportedCurrency": "USD",
        "cik": "0000795266",
        "fillingDate": "2017-01-27",
        "acceptedDate": "2017-01-27 16:56:12",
        "calendarYear": "2016",
        "period": "Q4",
        "revenue": 1191942000,
        "costOfRevenue": 1023079000,
        "grossProfit": 168863000,
        "grossProfitRatio": 0.141670484,
        "researchAndDevelopmentExpenses": 0,
        "generalAndAdministrativeExpenses": 110751000,
        "sellingAndMarketingExpenses": 0,
        "sellingGeneralAndAdministrativeExpenses": 110751000,
        "otherExpenses": 0,
        "operatingExpenses": 110751000,
        "costAndExpenses": 1133830000,
        "interestIncome": 134000,
        "interestExpense": 233000,
        "depreciationAndAmortization": 874000,
        "ebitda": 56135000,
        "ebitdaratio": 0.0470954124,
        "operatingIncome": 55994000,
        "operatingIncomeRatio": 0.046977118,
        "totalOtherIncomeExpensesNet": -966000,
        "incomeBeforeTax": 55028000,
        "incomeBeforeTaxRatio": 0.0461666759,
        "incomeTaxExpense": 17500000,
        "netIncome": 37528000,
        "netIncomeRatio": 0.0314847535,
        "eps": 0.44,
        "epsdiluted": 0.39,
        "weightedAverageShsOut": 84961000,
        "weightedAverageShsOutDil": 95744000,
        "link": "https://www.sec.gov/Archives/edgar/data/795266/000079526617000006/0000795266-17-000006-index.htm",
        "finalLink": "https://www.sec.gov/Archives/edgar/data/795266/000079526617000006/kbh-11302016x10k.htm"
    },
    {
        "date": "2016-08-31",
        "symbol": "KBH",
        "reportedCurrency": "USD",
        "cik": "0000795266",
        "fillingDate": "2016-10-04",
        "acceptedDate": "2016-10-04 16:25:30",
        "calendarYear": "2016",
        "period": "Q3",
        "revenue": 913283000,
        "costOfRevenue": 760490000,
        "grossProfit": 152793000,
        "grossProfitRatio": 0.1673008257,
        "researchAndDevelopmentExpenses": 0,
        "generalAndAdministrativeExpenses": 99035000,
        "sellingAndMarketingExpenses": 0,
        "sellingGeneralAndAdministrativeExpenses": 99035000,
        "otherExpenses": 0,
        "operatingExpenses": 99035000,
        "costAndExpenses": 859525000,
        "interestIncome": 109000,
        "interestExpense": 0,
        "depreciationAndAmortization": 931000,
        "ebitda": 54394000,
        "ebitdaratio": 0.0595587567,
        "operatingIncome": 51477000,
        "operatingIncomeRatio": 0.0563647851,
        "totalOtherIncomeExpensesNet": 1986000,
        "incomeBeforeTax": 53463000,
        "incomeBeforeTaxRatio": 0.0585393575,
        "incomeTaxExpense": 14100000,
        "netIncome": 39363000,
        "netIncomeRatio": 0.0431005504,
        "eps": 0.47,
        "epsdiluted": 0.41,
        "weightedAverageShsOut": 84457000,
        "weightedAverageShsOutDil": 95203000,
        "link": "https://www.sec.gov/Archives/edgar/data/795266/000079526616000154/0000795266-16-000154-index.htm",
        "finalLink": "https://www.sec.gov/Archives/edgar/data/795266/000079526616000154/kbh-08312016x10q.htm"
    },
    {
        "date": "2016-05-31",
        "symbol": "KBH",
        "reportedCurrency": "USD",
        "cik": "0000795266",
        "fillingDate": "2016-07-08",
        "acceptedDate": "2016-07-08 16:28:51",
        "calendarYear": "2016",
        "period": "Q2",
        "revenue": 811050000,
        "costOfRevenue": 688714000,
        "grossProfit": 122336000,
        "grossProfitRatio": 0.1508365699,
        "researchAndDevelopmentExpenses": 0,
        "generalAndAdministrativeExpenses": 94681000,
        "sellingAndMarketingExpenses": 0,
        "sellingGeneralAndAdministrativeExpenses": 94681000,
        "otherExpenses": 0,
        "operatingExpenses": 94681000,
        "costAndExpenses": 783395000,
        "interestIncome": 134000,
        "interestExpense": 1970000,
        "depreciationAndAmortization": 932000,
        "ebitda": 26767000,
        "ebitdaratio": 0.0330028975,
        "operatingIncome": 25938000,
        "operatingIncomeRatio": 0.0319807657,
        "totalOtherIncomeExpensesNet": -1141000,
        "incomeBeforeTax": 24797000,
        "incomeBeforeTaxRatio": 0.0305739474,
        "incomeTaxExpense": 9200000,
        "netIncome": 15597000,
        "netIncomeRatio": 0.019230627,
        "eps": 0.19,
        "epsdiluted": 0.16,
        "weightedAverageShsOut": 84196000,
        "weightedAverageShsOutDil": 94720000,
        "link": "https://www.sec.gov/Archives/edgar/data/795266/000079526616000141/0000795266-16-000141-index.htm",
        "finalLink": "https://www.sec.gov/Archives/edgar/data/795266/000079526616000141/kbh-05312016x10q.htm"
    },
    {
        "date": "2016-02-29",
        "symbol": "KBH",
        "reportedCurrency": "USD",
        "cik": "0000795266",
        "fillingDate": "2016-04-08",
        "acceptedDate": "2016-04-07 19:41:03",
        "calendarYear": "2016",
        "period": "Q1",
        "revenue": 678371000,
        "costOfRevenue": 568818000,
        "grossProfit": 109553000,
        "grossProfitRatio": 0.1614942266,
        "researchAndDevelopmentExpenses": 0,
        "generalAndAdministrativeExpenses": 88791000,
        "sellingAndMarketingExpenses": 0,
        "sellingGeneralAndAdministrativeExpenses": 88791000,
        "otherExpenses": 0,
        "operatingExpenses": 88791000,
        "costAndExpenses": 657609000,
        "interestIncome": 152000,
        "interestExpense": 3697000,
        "depreciationAndAmortization": 900000,
        "ebitda": 19724000,
        "ebitdaratio": 0.0290755354,
        "operatingIncome": 18992000,
        "operatingIncomeRatio": 0.0279964798,
        "totalOtherIncomeExpensesNet": -2965000,
        "incomeBeforeTax": 16027000,
        "incomeBeforeTaxRatio": 0.0236257151,
        "incomeTaxExpense": 2900000,
        "netIncome": 13127000,
        "netIncomeRatio": 0.0193507682,
        "eps": 0.15,
        "epsdiluted": 0.13,
        "weightedAverageShsOut": 89239000,
        "weightedAverageShsOutDil": 99427000,
        "link": "https://www.sec.gov/Archives/edgar/data/795266/000079526616000117/0000795266-16-000117-index.htm",
        "finalLink": "https://www.sec.gov/Archives/edgar/data/795266/000079526616000117/kbh-02292016x10q.htm"
    },
    {
        "date": "2015-11-30",
        "symbol": "KBH",
        "reportedCurrency": "USD",
        "cik": "0000795266",
        "fillingDate": "2016-01-25",
        "acceptedDate": "2016-01-22 18:15:05",
        "calendarYear": "2015",
        "period": "Q4",
        "revenue": 985783000,
        "costOfRevenue": 813392000,
        "grossProfit": 172391000,
        "grossProfitRatio": 0.1748772296,
        "researchAndDevelopmentExpenses": 0,
        "generalAndAdministrativeExpenses": 99229000,
        "sellingAndMarketingExpenses": 0,
        "sellingGeneralAndAdministrativeExpenses": 99229000,
        "otherExpenses": 0,
        "operatingExpenses": 99229000,
        "costAndExpenses": 912621000,
        "interestIncome": 116000,
        "interestExpense": 4006000,
        "depreciationAndAmortization": 864000,
        "ebitda": 74787000,
        "ebitdaratio": 0.075865581,
        "operatingIncome": 70379000,
        "operatingIncomeRatio": 0.0713940086,
        "totalOtherIncomeExpensesNet": -462000,
        "incomeBeforeTax": 69917000,
        "incomeBeforeTaxRatio": 0.0709253456,
        "incomeTaxExpense": 25900000,
        "netIncome": 44017000,
        "netIncomeRatio": 0.0446518149,
        "eps": 0.48,
        "epsdiluted": 0.43,
        "weightedAverageShsOut": 92200000,
        "weightedAverageShsOutDil": 102844000,
        "link": "https://www.sec.gov/Archives/edgar/data/795266/000079526616000089/0000795266-16-000089-index.htm",
        "finalLink": "https://www.sec.gov/Archives/edgar/data/795266/000079526616000089/kbh-11302015x10k.htm"
    },
    {
        "date": "2015-08-31",
        "symbol": "KBH",
        "reportedCurrency": "USD",
        "cik": "0000795266",
        "fillingDate": "2015-10-09",
        "acceptedDate": "2015-10-08 18:12:54",
        "calendarYear": "2015",
        "period": "Q3",
        "revenue": 843157000,
        "costOfRevenue": 709148000,
        "grossProfit": 134009000,
        "grossProfitRatio": 0.1589371849,
        "researchAndDevelopmentExpenses": 0,
        "generalAndAdministrativeExpenses": 95984000,
        "sellingAndMarketingExpenses": 0,
        "sellingGeneralAndAdministrativeExpenses": 95984000,
        "otherExpenses": 0,
        "operatingExpenses": 95984000,
        "costAndExpenses": 805132000,
        "interestIncome": 87000,
        "interestExpense": 4394000,
        "depreciationAndAmortization": 901000,
        "ebitda": 39249000,
        "ebitdaratio": 0.0465500494,
        "operatingIncome": 35982000,
        "operatingIncomeRatio": 0.0426753262,
        "totalOtherIncomeExpensesNet": -2028000,
        "incomeBeforeTax": 33954000,
        "incomeBeforeTaxRatio": 0.0402700802,
        "incomeTaxExpense": 10700000,
        "netIncome": 23254000,
        "netIncomeRatio": 0.0275796797,
        "eps": 0.25,
        "epsdiluted": 0.23,
        "weightedAverageShsOut": 92065000,
        "weightedAverageShsOutDil": 101874000,
        "link": "https://www.sec.gov/Archives/edgar/data/795266/000079526615000056/0000795266-15-000056-index.htm",
        "finalLink": "https://www.sec.gov/Archives/edgar/data/795266/000079526615000056/kbh-08312015x10q.htm"
    },
    {
        "date": "2015-05-31",
        "symbol": "KBH",
        "reportedCurrency": "USD",
        "cik": "0000795266",
        "fillingDate": "2015-07-02",
        "acceptedDate": "2015-07-02 16:50:04",
        "calendarYear": "2015",
        "period": "Q2",
        "revenue": 622969000,
        "costOfRevenue": 524410000,
        "grossProfit": 98559000,
        "grossProfitRatio": 0.1582085144,
        "researchAndDevelopmentExpenses": 0,
        "generalAndAdministrativeExpenses": 79460000,
        "sellingAndMarketingExpenses": 0,
        "sellingGeneralAndAdministrativeExpenses": 79460000,
        "otherExpenses": 0,
        "operatingExpenses": 79460000,
        "costAndExpenses": 603870000,
        "interestIncome": 152000,
        "interestExpense": 8118000,
        "depreciationAndAmortization": 841000,
        "ebitda": 21632000,
        "ebitdaratio": 0.0347240392,
        "operatingIncome": 17862000,
        "operatingIncomeRatio": 0.0286723737,
        "totalOtherIncomeExpensesNet": -5189000,
        "incomeBeforeTax": 12673000,
        "incomeBeforeTaxRatio": 0.0203429063,
        "incomeTaxExpense": 3100000,
        "netIncome": 9573000,
        "netIncomeRatio": 0.0153667357,
        "eps": 0.1,
        "epsdiluted": 0.0943,
        "weightedAverageShsOut": 91995000,
        "weightedAverageShsOutDil": 101544000,
        "link": "https://www.sec.gov/Archives/edgar/data/795266/000079526615000046/0000795266-15-000046-index.htm",
        "finalLink": "https://www.sec.gov/Archives/edgar/data/795266/000079526615000046/kbh-05312015x10q.htm"
    },
    {
        "date": "2015-02-28",
        "symbol": "KBH",
        "reportedCurrency": "USD",
        "cik": "0000795266",
        "fillingDate": "2015-04-08",
        "acceptedDate": "2015-04-07 18:11:49",
        "calendarYear": "2015",
        "period": "Q1",
        "revenue": 580121000,
        "costOfRevenue": 492418000,
        "grossProfit": 87703000,
        "grossProfitRatio": 0.1511805296,
        "researchAndDevelopmentExpenses": 0,
        "generalAndAdministrativeExpenses": 72036000,
        "sellingAndMarketingExpenses": 0,
        "sellingGeneralAndAdministrativeExpenses": 72036000,
        "otherExpenses": 0,
        "operatingExpenses": 72036000,
        "costAndExpenses": 564454000,
        "interestIncome": 103000,
        "interestExpense": 5338000,
        "depreciationAndAmortization": 805000,
        "ebitda": 16642000,
        "ebitdaratio": 0.0286871187,
        "operatingIncome": 14398000,
        "operatingIncomeRatio": 0.0248189602,
        "totalOtherIncomeExpensesNet": -3899000,
        "incomeBeforeTax": 10499000,
        "incomeBeforeTaxRatio": 0.0180979485,
        "incomeTaxExpense": 2700000,
        "netIncome": 7799000,
        "netIncomeRatio": 0.0134437471,
        "eps": 0.0848,
        "epsdiluted": 0.0767,
        "weightedAverageShsOut": 91954000,
        "weightedAverageShsOutDil": 101700000,
        "link": "https://www.sec.gov/Archives/edgar/data/795266/000079526615000035/0000795266-15-000035-index.htm",
        "finalLink": "https://www.sec.gov/Archives/edgar/data/795266/000079526615000035/kbh-02282015x10q.htm"
    },
    {
        "date": "2014-11-30",
        "symbol": "KBH",
        "reportedCurrency": "USD",
        "cik": "0000795266",
        "fillingDate": "2015-01-22",
        "acceptedDate": "2015-01-22 08:49:36",
        "calendarYear": "2014",
        "period": "Q4",
        "revenue": 796041000,
        "costOfRevenue": 680393000,
        "grossProfit": 115648000,
        "grossProfitRatio": 0.1452789492,
        "researchAndDevelopmentExpenses": 0,
        "generalAndAdministrativeExpenses": 83191000,
        "sellingAndMarketingExpenses": 0,
        "sellingGeneralAndAdministrativeExpenses": 83191000,
        "otherExpenses": 0,
        "operatingExpenses": 83191000,
        "costAndExpenses": 763584000,
        "interestIncome": 50000,
        "interestExpense": 4461000,
        "depreciationAndAmortization": 743000,
        "ebitda": 33805000,
        "ebitdaratio": 0.0424664056,
        "operatingIncome": 30048000,
        "operatingIncomeRatio": 0.0377467995,
        "totalOtherIncomeExpensesNet": -1447000,
        "incomeBeforeTax": 28601000,
        "incomeBeforeTaxRatio": 0.0359290539,
        "incomeTaxExpense": -824200000,
        "netIncome": 852801000,
        "netIncomeRatio": 1.07130286,
        "eps": 9.28,
        "epsdiluted": 8.37,
        "weightedAverageShsOut": 91902000,
        "weightedAverageShsOutDil": 101831000,
        "link": "https://www.sec.gov/Archives/edgar/data/795266/000079526615000006/0000795266-15-000006-index.htm",
        "finalLink": "https://www.sec.gov/Archives/edgar/data/795266/000079526615000006/kbh-11302014x10k.htm"
    },
    {
        "date": "2014-08-31",
        "symbol": "KBH",
        "reportedCurrency": "USD",
        "cik": "0000795266",
        "fillingDate": "2014-10-09",
        "acceptedDate": "2014-10-09 17:10:20",
        "calendarYear": "2014",
        "period": "Q3",
        "revenue": 589214000,
        "costOfRevenue": 479424000,
        "grossProfit": 109790000,
        "grossProfitRatio": 0.1863329792,
        "researchAndDevelopmentExpenses": 0,
        "generalAndAdministrativeExpenses": 73756000,
        "sellingAndMarketingExpenses": 0,
        "sellingGeneralAndAdministrativeExpenses": 73756000,
        "otherExpenses": 0,
        "operatingExpenses": 73756000,
        "costAndExpenses": 553180000,
        "interestIncome": 110000,
        "interestExpense": 6455000,
        "depreciationAndAmortization": 651000,
        "ebitda": 35767000,
        "ebitdaratio": 0.0607029025,
        "operatingIncome": 33910000,
        "operatingIncomeRatio": 0.0575512462,
        "totalOtherIncomeExpensesNet": -5249000,
        "incomeBeforeTax": 28661000,
        "incomeBeforeTaxRatio": 0.0486427682,
        "incomeTaxExpense": 300000,
        "netIncome": 28361000,
        "netIncomeRatio": 0.0481336153,
        "eps": 0.31,
        "epsdiluted": 0.28,
        "weightedAverageShsOut": 91793000,
        "weightedAverageShsOutDil": 102070000,
        "link": "https://www.sec.gov/Archives/edgar/data/795266/000079526614000056/0000795266-14-000056-index.htm",
        "finalLink": "https://www.sec.gov/Archives/edgar/data/795266/000079526614000056/kbh-08312014x10q.htm"
    },
    {
        "date": "2014-05-31",
        "symbol": "KBH",
        "reportedCurrency": "USD",
        "cik": "0000795266",
        "fillingDate": "2014-07-09",
        "acceptedDate": "2014-07-09 16:34:53",
        "calendarYear": "2014",
        "period": "Q2",
        "revenue": 565007000,
        "costOfRevenue": 456560000,
        "grossProfit": 108447000,
        "grossProfitRatio": 0.1919392149,
        "researchAndDevelopmentExpenses": 0,
        "generalAndAdministrativeExpenses": 72396000,
        "sellingAndMarketingExpenses": 0,
        "sellingGeneralAndAdministrativeExpenses": 72396000,
        "otherExpenses": 0,
        "operatingExpenses": 72396000,
        "costAndExpenses": 528956000,
        "interestIncome": 115000,
        "interestExpense": 8558000,
        "depreciationAndAmortization": 559000,
        "ebitda": 36041000,
        "ebitdaratio": 0.0637885902,
        "operatingIncome": 34292000,
        "operatingIncomeRatio": 0.0606930534,
        "totalOtherIncomeExpensesNet": -7368000,
        "incomeBeforeTax": 26924000,
        "incomeBeforeTaxRatio": 0.047652507,
        "incomeTaxExpense": 300000,
        "netIncome": 26624000,
        "netIncomeRatio": 0.0471215401,
        "eps": 0.3,
        "epsdiluted": 0.27,
        "weightedAverageShsOut": 89529000,
        "weightedAverageShsOutDil": 99508000,
        "link": "https://www.sec.gov/Archives/edgar/data/795266/000079526614000044/0000795266-14-000044-index.htm",
        "finalLink": "https://www.sec.gov/Archives/edgar/data/795266/000079526614000044/kbh-05312014x10q.htm"
    },
    {
        "date": "2014-02-28",
        "symbol": "KBH",
        "reportedCurrency": "USD",
        "cik": "0000795266",
        "fillingDate": "2014-04-07",
        "acceptedDate": "2014-04-04 18:12:45",
        "calendarYear": "2014",
        "period": "Q1",
        "revenue": 450687000,
        "costOfRevenue": 369274000,
        "grossProfit": 81413000,
        "grossProfitRatio": 0.1806419977,
        "researchAndDevelopmentExpenses": 0,
        "generalAndAdministrativeExpenses": 62126000,
        "sellingAndMarketingExpenses": 0,
        "sellingGeneralAndAdministrativeExpenses": 62126000,
        "otherExpenses": 0,
        "operatingExpenses": 62126000,
        "costAndExpenses": 431400000,
        "interestIncome": 168000,
        "interestExpense": 11276000,
        "depreciationAndAmortization": 467000,
        "ebitda": 22506000,
        "ebitdaratio": 0.049937096,
        "operatingIncome": 17719000,
        "operatingIncomeRatio": 0.0393155338,
        "totalOtherIncomeExpensesNet": -6956000,
        "incomeBeforeTax": 10763000,
        "incomeBeforeTaxRatio": 0.023881319,
        "incomeTaxExpense": 200000,
        "netIncome": 10563000,
        "netIncomeRatio": 0.023437552,
        "eps": 0.13,
        "epsdiluted": 0.11,
        "weightedAverageShsOut": 83745000,
        "weightedAverageShsOutDil": 93946000,
        "link": "https://www.sec.gov/Archives/edgar/data/795266/000079526614000025/0000795266-14-000025-index.htm",
        "finalLink": "https://www.sec.gov/Archives/edgar/data/795266/000079526614000025/kbh-02282014x10q.htm"
    },
    {
        "date": "2013-11-30",
        "symbol": "KBH",
        "reportedCurrency": "USD",
        "cik": "0000795266",
        "fillingDate": "2014-01-27",
        "acceptedDate": "2014-01-24 20:17:16",
        "calendarYear": "2013",
        "period": "Q4",
        "revenue": 618531000,
        "costOfRevenue": 504442000,
        "grossProfit": 114089000,
        "grossProfitRatio": 0.1844515473,
        "researchAndDevelopmentExpenses": 0,
        "generalAndAdministrativeExpenses": 63963000,
        "sellingAndMarketingExpenses": 0,
        "sellingGeneralAndAdministrativeExpenses": 63963000,
        "otherExpenses": 0,
        "operatingExpenses": 63963000,
        "costAndExpenses": 568405000,
        "interestIncome": 163000,
        "interestExpense": 11169000,
        "depreciationAndAmortization": 452000,
        "ebitda": 50385000,
        "ebitdaratio": 0.0814591346,
        "operatingIncome": 46976000,
        "operatingIncomeRatio": 0.075947689,
        "totalOtherIncomeExpensesNet": -18660000,
        "incomeBeforeTax": 28316000,
        "incomeBeforeTaxRatio": 0.0457794355,
        "incomeTaxExpense": 200000,
        "netIncome": 28116000,
        "netIncomeRatio": 0.0454560887,
        "eps": 0.34,
        "epsdiluted": 0.3,
        "weightedAverageShsOut": 83742000,
        "weightedAverageShsOutDil": 93784000,
        "link": "https://www.sec.gov/Archives/edgar/data/795266/000079526614000007/0000795266-14-000007-index.htm",
        "finalLink": "https://www.sec.gov/Archives/edgar/data/795266/000079526614000007/kbh-11302013x10k.htm"
    },
    {
        "date": "2013-08-31",
        "symbol": "KBH",
        "reportedCurrency": "USD",
        "cik": "0000795266",
        "fillingDate": "2013-10-10",
        "acceptedDate": "2013-10-10 16:11:08",
        "calendarYear": "2013",
        "period": "Q3",
        "revenue": 548974000,
        "costOfRevenue": 446381000,
        "grossProfit": 102593000,
        "grossProfitRatio": 0.1868813459,
        "researchAndDevelopmentExpenses": 0,
        "generalAndAdministrativeExpenses": 64220000,
        "sellingAndMarketingExpenses": 0,
        "sellingGeneralAndAdministrativeExpenses": 64220000,
        "otherExpenses": 0,
        "operatingExpenses": 64220000,
        "costAndExpenses": 510601000,
        "interestIncome": 193000,
        "interestExpense": 11326000,
        "depreciationAndAmortization": 465000,
        "ebitda": 38369000,
        "ebitdaratio": 0.0698921989,
        "operatingIncome": 35963000,
        "operatingIncomeRatio": 0.0655094777,
        "totalOtherIncomeExpensesNet": -9385000,
        "incomeBeforeTax": 26578000,
        "incomeBeforeTaxRatio": 0.0484139504,
        "incomeTaxExpense": -700000,
        "netIncome": 27278000,
        "netIncomeRatio": 0.0496890563,
        "eps": 0.33,
        "epsdiluted": 0.29,
        "weightedAverageShsOut": 83714000,
        "weightedAverageShsOutDil": 94047000,
        "link": "https://www.sec.gov/Archives/edgar/data/795266/000079526613000042/0000795266-13-000042-index.htm",
        "finalLink": "https://www.sec.gov/Archives/edgar/data/795266/000079526613000042/kbh-08312013x10q.htm"
    },
    {
        "date": "2013-05-31",
        "symbol": "KBH",
        "reportedCurrency": "USD",
        "cik": "0000795266",
        "fillingDate": "2013-07-10",
        "acceptedDate": "2013-07-10 16:19:55",
        "calendarYear": "2013",
        "period": "Q2",
        "revenue": 524406000,
        "costOfRevenue": 442998000,
        "grossProfit": 81408000,
        "grossProfitRatio": 0.1552384984,
        "researchAndDevelopmentExpenses": 0,
        "generalAndAdministrativeExpenses": 70735000,
        "sellingAndMarketingExpenses": 0,
        "sellingGeneralAndAdministrativeExpenses": 70735000,
        "otherExpenses": 0,
        "operatingExpenses": 70735000,
        "costAndExpenses": 513733000,
        "interestIncome": 232000,
        "interestExpense": 14507000,
        "depreciationAndAmortization": 475000,
        "ebitda": 10809000,
        "ebitdaratio": 0.0206118923,
        "operatingIncome": 8691000,
        "operatingIncomeRatio": 0.0165730369,
        "totalOtherIncomeExpensesNet": -12864000,
        "incomeBeforeTax": -4173000,
        "incomeBeforeTaxRatio": -0.0079575749,
        "incomeTaxExpense": -1200000,
        "netIncome": -2973000,
        "netIncomeRatio": -0.0056692715,
        "eps": -0.0356,
        "epsdiluted": -0.0356,
        "weightedAverageShsOut": 83605000,
        "weightedAverageShsOutDil": 83605000,
        "link": "https://www.sec.gov/Archives/edgar/data/795266/000079526613000033/0000795266-13-000033-index.htm",
        "finalLink": "https://www.sec.gov/Archives/edgar/data/795266/000079526613000033/kbh-05312013x10q.htm"
    },
    {
        "date": "2013-02-28",
        "symbol": "KBH",
        "reportedCurrency": "USD",
        "cik": "0000795266",
        "fillingDate": "2013-04-09",
        "acceptedDate": "2013-04-09 16:20:13",
        "calendarYear": "2013",
        "period": "Q1",
        "revenue": 405219000,
        "costOfRevenue": 343265000,
        "grossProfit": 61954000,
        "grossProfitRatio": 0.1528901656,
        "researchAndDevelopmentExpenses": 0,
        "generalAndAdministrativeExpenses": 59932000,
        "sellingAndMarketingExpenses": 0,
        "sellingGeneralAndAdministrativeExpenses": 59932000,
        "otherExpenses": 0,
        "operatingExpenses": 59932000,
        "costAndExpenses": 403197000,
        "interestIncome": 204000,
        "interestExpense": 15240000,
        "depreciationAndAmortization": 465000,
        "ebitda": 3347000,
        "ebitdaratio": 0.0082597312,
        "operatingIncome": 454000,
        "operatingIncomeRatio": 0.0011203818,
        "totalOtherIncomeExpensesNet": -12812000,
        "incomeBeforeTax": -12358000,
        "incomeBeforeTaxRatio": -0.0304970892,
        "incomeTaxExpense": 100000,
        "netIncome": -12458000,
        "netIncomeRatio": -0.0307438694,
        "eps": -0.16,
        "epsdiluted": -0.16,
        "weightedAverageShsOut": 77862500,
        "weightedAverageShsOutDil": 79401000,
        "link": "https://www.sec.gov/Archives/edgar/data/795266/000079526613000024/0000795266-13-000024-index.htm",
        "finalLink": "https://www.sec.gov/Archives/edgar/data/795266/000079526613000024/kbh-02282013x10q.htm"
    },
    {
        "date": "2012-11-30",
        "symbol": "KBH",
        "reportedCurrency": "USD",
        "cik": "0000795266",
        "fillingDate": "2013-01-18",
        "acceptedDate": "2013-01-18 16:17:35",
        "calendarYear": "2012",
        "period": "Q4",
        "revenue": 578201000,
        "costOfRevenue": 492594000,
        "grossProfit": 85607000,
        "grossProfitRatio": 0.1480575094,
        "researchAndDevelopmentExpenses": 0,
        "generalAndAdministrativeExpenses": 66221000,
        "sellingAndMarketingExpenses": 754000,
        "sellingGeneralAndAdministrativeExpenses": 66975000,
        "otherExpenses": 0,
        "operatingExpenses": 66975000,
        "costAndExpenses": 559569000,
        "interestIncome": 155000,
        "interestExpense": 15989000,
        "depreciationAndAmortization": 475000,
        "ebitda": 18888000,
        "ebitdaratio": 0.0326668408,
        "operatingIncome": 18413000,
        "operatingIncomeRatio": 0.0318453271,
        "totalOtherIncomeExpensesNet": -21812000,
        "incomeBeforeTax": 2424000,
        "incomeBeforeTaxRatio": 0.0041923137,
        "incomeTaxExpense": -5300000,
        "netIncome": 7724000,
        "netIncomeRatio": 0.0133586763,
        "eps": 0.1,
        "epsdiluted": 0.0987,
        "weightedAverageShsOut": 77103000,
        "weightedAverageShsOutDil": 78282000,
        "link": "https://www.sec.gov/Archives/edgar/data/795266/000079526613000005/0000795266-13-000005-index.htm",
        "finalLink": "https://www.sec.gov/Archives/edgar/data/795266/000079526613000005/kbh-11302012x10k.htm"
    },
    {
        "date": "2012-08-31",
        "symbol": "KBH",
        "reportedCurrency": "USD",
        "cik": "0000795266",
        "fillingDate": "2012-10-09",
        "acceptedDate": "2012-10-09 16:23:45",
        "calendarYear": "2012",
        "period": "Q3",
        "revenue": 424504000,
        "costOfRevenue": 347908000,
        "grossProfit": 76596000,
        "grossProfitRatio": 0.1804364623,
        "researchAndDevelopmentExpenses": 0,
        "generalAndAdministrativeExpenses": 62780000,
        "sellingAndMarketingExpenses": 709000,
        "sellingGeneralAndAdministrativeExpenses": 63489000,
        "otherExpenses": 0,
        "operatingExpenses": 63489000,
        "costAndExpenses": 411397000,
        "interestIncome": 117000,
        "interestExpense": 23060000,
        "depreciationAndAmortization": 366000,
        "ebitda": 15987000,
        "ebitdaratio": 0.0376604225,
        "operatingIncome": 15621000,
        "operatingIncomeRatio": 0.0367982398,
        "totalOtherIncomeExpensesNet": -18306000,
        "incomeBeforeTax": -7439000,
        "incomeBeforeTaxRatio": -0.0175239809,
        "incomeTaxExpense": -10700000,
        "netIncome": 3261000,
        "netIncomeRatio": 0.0076819064,
        "eps": 0.0423,
        "epsdiluted": 0.0422,
        "weightedAverageShsOut": 77127000,
        "weightedAverageShsOutDil": 77358000,
        "link": "https://www.sec.gov/Archives/edgar/data/795266/000079526612000006/0000795266-12-000006-index.htm",
        "finalLink": "https://www.sec.gov/Archives/edgar/data/795266/000079526612000006/kbh-08312012x10q.htm"
    },
    {
        "date": "2012-05-31",
        "symbol": "KBH",
        "reportedCurrency": "USD",
        "cik": "0000795266",
        "fillingDate": "2012-07-10",
        "acceptedDate": "2012-07-09 20:21:07",
        "calendarYear": "2012",
        "period": "Q2",
        "revenue": 302852000,
        "costOfRevenue": 250362000,
        "grossProfit": 52490000,
        "grossProfitRatio": 0.1733189809,
        "researchAndDevelopmentExpenses": 0,
        "generalAndAdministrativeExpenses": 66472000,
        "sellingAndMarketingExpenses": 0,
        "sellingGeneralAndAdministrativeExpenses": 66472000,
        "otherExpenses": 0,
        "operatingExpenses": 66472000,
        "costAndExpenses": 316834000,
        "interestIncome": 111000,
        "interestExpense": 14469000,
        "depreciationAndAmortization": 389000,
        "ebitda": -13778000,
        "ebitdaratio": -0.0454941688,
        "operatingIncome": -14167000,
        "operatingIncomeRatio": -0.0467786245,
        "totalOtherIncomeExpensesNet": -14469000,
        "incomeBeforeTax": -28636000,
        "incomeBeforeTaxRatio": -0.0945544358,
        "incomeTaxExpense": -4500000,
        "netIncome": -24136000,
        "netIncomeRatio": -0.0796956929,
        "eps": -0.31,
        "epsdiluted": -0.31,
        "weightedAverageShsOut": 77105000,
        "weightedAverageShsOutDil": 77105000,
        "link": "https://www.sec.gov/Archives/edgar/data/795266/000119312512297898/0001193125-12-297898-index.htm",
        "finalLink": "https://www.sec.gov/Archives/edgar/data/795266/000119312512297898/d337226d10q.htm"
    },
    {
        "date": "2012-02-29",
        "symbol": "KBH",
        "reportedCurrency": "USD",
        "cik": "0000795266",
        "fillingDate": "2012-04-09",
        "acceptedDate": "2012-04-09 06:10:09",
        "calendarYear": "2012",
        "period": "Q1",
        "revenue": 254558000,
        "costOfRevenue": 227358000,
        "grossProfit": 27200000,
        "grossProfitRatio": 0.1068518766,
        "researchAndDevelopmentExpenses": 0,
        "generalAndAdministrativeExpenses": 55686000,
        "sellingAndMarketingExpenses": 835000,
        "sellingGeneralAndAdministrativeExpenses": 56521000,
        "otherExpenses": 0,
        "operatingExpenses": 56521000,
        "costAndExpenses": 283879000,
        "interestIncome": 135000,
        "interestExpense": 16286000,
        "depreciationAndAmortization": 392000,
        "ebitda": -28724000,
        "ebitdaratio": -0.1128387244,
        "operatingIncome": -29116000,
        "operatingIncomeRatio": -0.1143786485,
        "totalOtherIncomeExpensesNet": -16286000,
        "incomeBeforeTax": -45402000,
        "incomeBeforeTaxRatio": -0.1783562096,
        "incomeTaxExpense": 400000,
        "netIncome": -45802000,
        "netIncomeRatio": -0.1799275607,
        "eps": -0.59,
        "epsdiluted": -0.59,
        "weightedAverageShsOut": 77090000,
        "weightedAverageShsOutDil": 77090000,
        "link": "https://www.sec.gov/Archives/edgar/data/795266/000119312512154270/0001193125-12-154270-index.htm",
        "finalLink": "https://www.sec.gov/Archives/edgar/data/795266/000119312512154270/d299036d10q.htm"
    },
    {
        "date": "2011-11-30",
        "symbol": "KBH",
        "reportedCurrency": "USD",
        "cik": "0000795266",
        "fillingDate": "2012-01-30",
        "acceptedDate": "2012-01-30 06:08:05",
        "calendarYear": "2011",
        "period": "Q4",
        "revenue": 475746000,
        "costOfRevenue": 405900000,
        "grossProfit": 69846000,
        "grossProfitRatio": 0.1468136358,
        "researchAndDevelopmentExpenses": 0,
        "generalAndAdministrativeExpenses": 75576000,
        "sellingAndMarketingExpenses": 0,
        "sellingGeneralAndAdministrativeExpenses": 75576000,
        "otherExpenses": -37330000,
        "operatingExpenses": 69011000,
        "costAndExpenses": 474911000,
        "interestIncome": 95000,
        "interestExpense": 12302000,
        "depreciationAndAmortization": 395000,
        "ebitda": 24108000,
        "ebitdaratio": 0.0506740992,
        "operatingIncome": 23713000,
        "operatingIncomeRatio": 0.0498438242,
        "totalOtherIncomeExpensesNet": -12980000,
        "incomeBeforeTax": 11411000,
        "incomeBeforeTaxRatio": 0.0239854881,
        "incomeTaxExpense": -2500000,
        "netIncome": 13911000,
        "netIncomeRatio": 0.029240393,
        "eps": 0.18,
        "epsdiluted": 0.18,
        "weightedAverageShsOut": 77159000,
        "weightedAverageShsOutDil": 77197000,
        "link": "https://www.sec.gov/Archives/edgar/data/795266/000119312512028044/0001193125-12-028044-index.htm",
        "finalLink": "https://www.sec.gov/Archives/edgar/data/795266/000119312512028044/d242936d10k.htm"
    },
    {
        "date": "2011-08-31",
        "symbol": "KBH",
        "reportedCurrency": "USD",
        "cik": "0000795266",
        "fillingDate": "2011-10-11",
        "acceptedDate": "2011-10-07 19:41:00",
        "calendarYear": "2011",
        "period": "Q3",
        "revenue": 367316000,
        "costOfRevenue": 302908000,
        "grossProfit": 64408000,
        "grossProfitRatio": 0.1753476571,
        "researchAndDevelopmentExpenses": 0,
        "generalAndAdministrativeExpenses": 60185000,
        "sellingAndMarketingExpenses": 829000,
        "sellingGeneralAndAdministrativeExpenses": 61014000,
        "otherExpenses": 0,
        "operatingExpenses": 61014000,
        "costAndExpenses": 363922000,
        "interestIncome": 123000,
        "interestExpense": 12342000,
        "depreciationAndAmortization": 476000,
        "ebitda": 3169000,
        "ebitdaratio": 0.0086274488,
        "operatingIncome": 2693000,
        "operatingIncomeRatio": 0.0073315619,
        "totalOtherIncomeExpensesNet": -13043000,
        "incomeBeforeTax": -9649000,
        "incomeBeforeTaxRatio": -0.0262689347,
        "incomeTaxExpense": 12342000,
        "netIncome": -9649000,
        "netIncomeRatio": -0.0262689347,
        "eps": -0.13,
        "epsdiluted": -0.13,
        "weightedAverageShsOut": 77047000,
        "weightedAverageShsOutDil": 77047000,
        "link": "https://www.sec.gov/Archives/edgar/data/795266/000095012311089296/0000950123-11-089296-index.htm",
        "finalLink": "https://www.sec.gov/Archives/edgar/data/795266/000095012311089296/c21639e10vq.htm"
    },
    {
        "date": "2011-05-31",
        "symbol": "KBH",
        "reportedCurrency": "USD",
        "cik": "0000795266",
        "fillingDate": "2011-07-11",
        "acceptedDate": "2011-07-11 16:30:38",
        "calendarYear": "2011",
        "period": "Q2",
        "revenue": 269983000,
        "costOfRevenue": 327473000,
        "grossProfit": -57490000,
        "grossProfitRatio": -0.2129393332,
        "researchAndDevelopmentExpenses": 0,
        "generalAndAdministrativeExpenses": 62520000,
        "sellingAndMarketingExpenses": 0,
        "sellingGeneralAndAdministrativeExpenses": 62520000,
        "otherExpenses": 14572000,
        "operatingExpenses": 77092000,
        "costAndExpenses": 327473000,
        "interestIncome": 270000,
        "interestExpense": 13121000,
        "depreciationAndAmortization": 564000,
        "ebitda": -55119000,
        "ebitdaratio": -0.2041572988,
        "operatingIncome": -55683000,
        "operatingIncomeRatio": -0.2062463192,
        "totalOtherIncomeExpensesNet": -12282000,
        "incomeBeforeTax": -68804000,
        "incomeBeforeTaxRatio": -0.2548456755,
        "incomeTaxExpense": -300000,
        "netIncome": -68504000,
        "netIncomeRatio": -0.2537344944,
        "eps": -0.89,
        "epsdiluted": -0.89,
        "weightedAverageShsOut": 76991000,
        "weightedAverageShsOutDil": 76991000,
        "link": "https://www.sec.gov/Archives/edgar/data/795266/000095012311064935/0000950123-11-064935-index.htm",
        "finalLink": "https://www.sec.gov/Archives/edgar/data/795266/000095012311064935/c18820e10vq.htm"
    },
    {
        "date": "2011-02-28",
        "symbol": "KBH",
        "reportedCurrency": "USD",
        "cik": "0000795266",
        "fillingDate": "2011-04-11",
        "acceptedDate": "2011-04-11 16:10:55",
        "calendarYear": "2011",
        "period": "Q1",
        "revenue": 196940000,
        "costOfRevenue": 243159000,
        "grossProfit": -46219000,
        "grossProfitRatio": -0.2346856911,
        "researchAndDevelopmentExpenses": 0,
        "generalAndAdministrativeExpenses": 49605000,
        "sellingAndMarketingExpenses": -48740000,
        "sellingGeneralAndAdministrativeExpenses": 865000,
        "otherExpenses": 0,
        "operatingExpenses": 865000,
        "costAndExpenses": 244024000,
        "interestIncome": 383000,
        "interestExpense": 11439000,
        "depreciationAndAmortization": 596000,
        "ebitda": -22836000,
        "ebitdaratio": -0.1159540977,
        "operatingIncome": -79929000,
        "operatingIncomeRatio": -0.405854575,
        "totalOtherIncomeExpensesNet": -89800000,
        "incomeBeforeTax": -114126000,
        "incomeBeforeTaxRatio": -0.5794962933,
        "incomeTaxExpense": 400000,
        "netIncome": -114526000,
        "netIncomeRatio": -0.5815273687,
        "eps": -1.49,
        "epsdiluted": -1.49,
        "weightedAverageShsOut": 76974000,
        "weightedAverageShsOutDil": 76974000,
        "link": "https://www.sec.gov/Archives/edgar/data/795266/000095012311034611/0000950123-11-034611-index.htm",
        "finalLink": "https://www.sec.gov/Archives/edgar/data/795266/000095012311034611/c14529e10vq.htm"
    },
    {
        "date": "2010-11-30",
        "symbol": "KBH",
        "reportedCurrency": "USD",
        "cik": "0000795266",
        "fillingDate": "2011-01-31",
        "acceptedDate": "2011-01-31 16:45:12",
        "calendarYear": "2010",
        "period": "Q4",
        "revenue": 450963000,
        "costOfRevenue": 363092000,
        "grossProfit": 87871000,
        "grossProfitRatio": 0.1948519058,
        "researchAndDevelopmentExpenses": 0,
        "generalAndAdministrativeExpenses": 56205000,
        "sellingAndMarketingExpenses": 0,
        "sellingGeneralAndAdministrativeExpenses": 56205000,
        "otherExpenses": 0,
        "operatingExpenses": 56205000,
        "costAndExpenses": 419297000,
        "interestIncome": 470000,
        "interestExpense": 16199000,
        "depreciationAndAmortization": 661000,
        "ebitda": 32302000,
        "ebitdaratio": 0.0716289363,
        "operatingIncome": 31641000,
        "operatingIncomeRatio": 0.0701631841,
        "totalOtherIncomeExpensesNet": -16224000,
        "incomeBeforeTax": 15442000,
        "incomeBeforeTaxRatio": 0.0342422771,
        "incomeTaxExpense": -2000000,
        "netIncome": 17442000,
        "netIncomeRatio": 0.0386772307,
        "eps": 0.23,
        "epsdiluted": 0.23,
        "weightedAverageShsOut": 76958000,
        "weightedAverageShsOutDil": 76974000,
        "link": "https://www.sec.gov/Archives/edgar/data/795266/000095012311007291/0000950123-11-007291-index.htm",
        "finalLink": "https://www.sec.gov/Archives/edgar/data/795266/000095012311007291/v57647e10vk.htm"
    },
    {
        "date": "2010-08-31",
        "symbol": "KBH",
        "reportedCurrency": "USD",
        "cik": "0000795266",
        "fillingDate": "2010-10-08",
        "acceptedDate": "2010-10-08 16:55:59",
        "calendarYear": "2010",
        "period": "Q3",
        "revenue": 501003000,
        "costOfRevenue": 411813000,
        "grossProfit": 89190000,
        "grossProfitRatio": 0.1780228861,
        "researchAndDevelopmentExpenses": 0,
        "generalAndAdministrativeExpenses": 79356000,
        "sellingAndMarketingExpenses": 0,
        "sellingGeneralAndAdministrativeExpenses": 79356000,
        "otherExpenses": 0,
        "operatingExpenses": 79356000,
        "costAndExpenses": 491169000,
        "interestIncome": 603000,
        "interestExpense": 16183000,
        "depreciationAndAmortization": 848000,
        "ebitda": 10334000,
        "ebitdaratio": 0.020626623,
        "operatingIncome": 9486000,
        "operatingIncomeRatio": 0.0189340184,
        "totalOtherIncomeExpensesNet": -16531000,
        "incomeBeforeTax": -6697000,
        "incomeBeforeTaxRatio": -0.0133671854,
        "incomeTaxExpense": -5300000,
        "netIncome": -1397000,
        "netIncomeRatio": -0.0027884065,
        "eps": -0.0182,
        "epsdiluted": -0.0182,
        "weightedAverageShsOut": 76909000,
        "weightedAverageShsOutDil": 76909000,
        "link": "https://www.sec.gov/Archives/edgar/data/795266/000095012310092360/0000950123-10-092360-index.htm",
        "finalLink": "https://www.sec.gov/Archives/edgar/data/795266/000095012310092360/c05573e10vq.htm"
    },
    {
        "date": "2010-05-31",
        "symbol": "KBH",
        "reportedCurrency": "USD",
        "cik": "0000795266",
        "fillingDate": "2010-07-09",
        "acceptedDate": "2010-07-09 15:23:55",
        "calendarYear": "2010",
        "period": "Q2",
        "revenue": 374052000,
        "costOfRevenue": 306843000,
        "grossProfit": 67209000,
        "grossProfitRatio": 0.1796782266,
        "researchAndDevelopmentExpenses": 0,
        "generalAndAdministrativeExpenses": 83982000,
        "sellingAndMarketingExpenses": 0,
        "sellingGeneralAndAdministrativeExpenses": 83982000,
        "otherExpenses": 0,
        "operatingExpenses": 83982000,
        "costAndExpenses": 390825000,
        "interestIncome": 601000,
        "interestExpense": 16518000,
        "depreciationAndAmortization": 888000,
        "ebitda": -13203000,
        "ebitdaratio": -0.0352972314,
        "operatingIncome": -14091000,
        "operatingIncomeRatio": -0.0376712329,
        "totalOtherIncomeExpensesNet": -16518000,
        "incomeBeforeTax": -30609000,
        "incomeBeforeTaxRatio": -0.0818308684,
        "incomeTaxExpense": 100000,
        "netIncome": -30709000,
        "netIncomeRatio": -0.0820982109,
        "eps": -0.4,
        "epsdiluted": -0.4,
        "weightedAverageShsOut": 76854000,
        "weightedAverageShsOutDil": 76854000,
        "link": "https://www.sec.gov/Archives/edgar/data/795266/000095012310064594/0000950123-10-064594-index.htm",
        "finalLink": "https://www.sec.gov/Archives/edgar/data/795266/000095012310064594/c03297e10vq.htm"
    },
    {
        "date": "2010-02-28",
        "symbol": "KBH",
        "reportedCurrency": "USD",
        "cik": "0000795266",
        "fillingDate": "2010-04-09",
        "acceptedDate": "2010-04-09 17:11:00",
        "calendarYear": "2010",
        "period": "Q1",
        "revenue": 263978000,
        "costOfRevenue": 226540000,
        "grossProfit": 37438000,
        "grossProfitRatio": 0.1418224246,
        "researchAndDevelopmentExpenses": 0,
        "generalAndAdministrativeExpenses": 73096000,
        "sellingAndMarketingExpenses": 0,
        "sellingGeneralAndAdministrativeExpenses": 73096000,
        "otherExpenses": 0,
        "operatingExpenses": 73096000,
        "costAndExpenses": 299636000,
        "interestIncome": 424000,
        "interestExpense": 19407000,
        "depreciationAndAmortization": 892000,
        "ebitda": -34205000,
        "ebitdaratio": -0.1295751919,
        "operatingIncome": -35097000,
        "operatingIncomeRatio": -0.1329542613,
        "totalOtherIncomeExpensesNet": -19739000,
        "incomeBeforeTax": -54504000,
        "incomeBeforeTaxRatio": -0.2064717514,
        "incomeTaxExpense": 200000,
        "netIncome": -54704000,
        "netIncomeRatio": -0.2072293903,
        "eps": -0.71,
        "epsdiluted": -0.71,
        "weightedAverageShsOut": 76834000,
        "weightedAverageShsOutDil": 76834000,
        "link": "https://www.sec.gov/Archives/edgar/data/795266/000095012310033660/0000950123-10-033660-index.htm",
        "finalLink": "https://www.sec.gov/Archives/edgar/data/795266/000095012310033660/c99038e10vq.htm"
    },
    {
        "date": "2009-11-30",
        "symbol": "KBH",
        "reportedCurrency": "USD",
        "cik": "0000795266",
        "fillingDate": "2010-01-29",
        "acceptedDate": "2010-01-29 16:54:12",
        "calendarYear": "2009",
        "period": "Q4",
        "revenue": 674568000,
        "costOfRevenue": 667568000,
        "grossProfit": 7000000,
        "grossProfitRatio": 0.0103770117,
        "researchAndDevelopmentExpenses": 0,
        "generalAndAdministrativeExpenses": 86059000,
        "sellingAndMarketingExpenses": 0,
        "sellingGeneralAndAdministrativeExpenses": 86059000,
        "otherExpenses": 8977000,
        "operatingExpenses": 95036000,
        "costAndExpenses": 762604000,
        "interestIncome": 1105000,
        "interestExpense": 16261000,
        "depreciationAndAmortization": 992000,
        "ebitda": -73728000,
        "ebitdaratio": -0.1092966165,
        "operatingIncome": -74720000,
        "operatingIncomeRatio": -0.1107671873,
        "totalOtherIncomeExpensesNet": -2945000,
        "incomeBeforeTax": -90981000,
        "incomeBeforeTaxRatio": -0.1348729854,
        "incomeTaxExpense": -191700000,
        "netIncome": 100719000,
        "netIncomeRatio": 0.149308891,
        "eps": 1.31,
        "epsdiluted": 1.31,
        "weightedAverageShsOut": 76672000,
        "weightedAverageShsOutDil": 76834000,
        "link": "https://www.sec.gov/Archives/edgar/data/795266/000095012310006846/0000950123-10-006846-index.htm",
        "finalLink": "https://www.sec.gov/Archives/edgar/data/795266/000095012310006846/v54027e10vk.htm"
    },
    {
        "date": "2009-08-31",
        "symbol": "KBH",
        "reportedCurrency": "USD",
        "cik": "0000795266",
        "fillingDate": "2009-10-09",
        "acceptedDate": "2009-10-09 16:41:06",
        "calendarYear": "2009",
        "period": "Q3",
        "revenue": 458451000,
        "costOfRevenue": 498453000,
        "grossProfit": -40002000,
        "grossProfitRatio": -0.0872546903,
        "researchAndDevelopmentExpenses": 0,
        "generalAndAdministrativeExpenses": 84793000,
        "sellingAndMarketingExpenses": 0,
        "sellingGeneralAndAdministrativeExpenses": 84793000,
        "otherExpenses": -4432000,
        "operatingExpenses": 915000,
        "costAndExpenses": 499368000,
        "interestIncome": 1131000,
        "interestExpense": 15379000,
        "depreciationAndAmortization": 1323000,
        "ebitda": -34382000,
        "ebitdaratio": -0.0749960192,
        "operatingIncome": -61669000,
        "operatingIncomeRatio": -0.1345160115,
        "totalOtherIncomeExpensesNet": -36131000,
        "incomeBeforeTax": -77048000,
        "incomeBeforeTaxRatio": -0.1680615813,
        "incomeTaxExpense": -11000000,
        "netIncome": -66048000,
        "netIncomeRatio": -0.1440677412,
        "eps": -0.87,
        "epsdiluted": -0.87,
        "weightedAverageShsOut": 76329000,
        "weightedAverageShsOutDil": 76329000,
        "link": "https://www.sec.gov/Archives/edgar/data/795266/000095012309049582/0000950123-09-049582-index.htm",
        "finalLink": "https://www.sec.gov/Archives/edgar/data/795266/000095012309049582/c90974e10vq.htm"
    },
    {
        "date": "2009-05-31",
        "symbol": "KBH",
        "reportedCurrency": "USD",
        "cik": "0000795266",
        "fillingDate": "2009-07-10",
        "acceptedDate": "2009-07-10 16:31:05",
        "calendarYear": "2009",
        "period": "Q2",
        "revenue": 384470000,
        "costOfRevenue": 376810000,
        "grossProfit": 7660000,
        "grossProfitRatio": 0.0199235311,
        "researchAndDevelopmentExpenses": 0,
        "generalAndAdministrativeExpenses": 73388000,
        "sellingAndMarketingExpenses": 0,
        "sellingGeneralAndAdministrativeExpenses": 73388000,
        "otherExpenses": 0,
        "operatingExpenses": 73388000,
        "costAndExpenses": 450198000,
        "interestIncome": 1766000,
        "interestExpense": 11471000,
        "depreciationAndAmortization": 1434000,
        "ebitda": -70678000,
        "ebitdaratio": -0.1838322886,
        "operatingIncome": -72112000,
        "operatingIncomeRatio": -0.1875620985,
        "totalOtherIncomeExpensesNet": -17855000,
        "incomeBeforeTax": -83583000,
        "incomeBeforeTaxRatio": -0.2173979764,
        "incomeTaxExpense": -5200000,
        "netIncome": -78383000,
        "netIncomeRatio": -0.2038728639,
        "eps": -1.03,
        "epsdiluted": -1.03,
        "weightedAverageShsOut": 76281000,
        "weightedAverageShsOutDil": 76281000,
        "link": "https://www.sec.gov/Archives/edgar/data/795266/000095012309021559/0000950123-09-021559-index.htm",
        "finalLink": "https://www.sec.gov/Archives/edgar/data/795266/000095012309021559/c87805e10vq.htm"
    },
    {
        "date": "2009-02-28",
        "symbol": "KBH",
        "reportedCurrency": "USD",
        "cik": "0000795266",
        "fillingDate": "2009-04-09",
        "acceptedDate": "2009-04-09 16:38:37",
        "calendarYear": "2009",
        "period": "Q1",
        "revenue": 307361000,
        "costOfRevenue": 290958000,
        "grossProfit": 16403000,
        "grossProfitRatio": 0.0533672131,
        "researchAndDevelopmentExpenses": 0,
        "generalAndAdministrativeExpenses": 62035000,
        "sellingAndMarketingExpenses": 0,
        "sellingGeneralAndAdministrativeExpenses": 62035000,
        "otherExpenses": 760000,
        "operatingExpenses": 62795000,
        "costAndExpenses": 353753000,
        "interestIncome": 17000,
        "interestExpense": 13180000,
        "depreciationAndAmortization": 1486000,
        "ebitda": -44906000,
        "ebitdaratio": -0.1461018151,
        "operatingIncome": -46392000,
        "operatingIncomeRatio": -0.1509365209,
        "totalOtherIncomeExpensesNet": -13940000,
        "incomeBeforeTax": -59572000,
        "incomeBeforeTaxRatio": -0.1938176932,
        "incomeTaxExpense": -1500000,
        "netIncome": -58072000,
        "netIncomeRatio": -0.1889374384,
        "eps": -0.75,
        "epsdiluted": -0.75,
        "weightedAverageShsOut": 77375000,
        "weightedAverageShsOutDil": 77375000,
        "link": "https://www.sec.gov/Archives/edgar/data/795266/000095013409007263/0000950134-09-007263-index.htm",
        "finalLink": "https://www.sec.gov/Archives/edgar/data/795266/000095013409007263/v52078e10vq.htm"
    },
    {
        "date": "2008-11-30",
        "symbol": "KBH",
        "reportedCurrency": "USD",
        "cik": "0000795266",
        "fillingDate": "2009-01-29",
        "acceptedDate": "2009-01-29 16:24:13",
        "calendarYear": "2008",
        "period": "Q4",
        "revenue": 919037000,
        "costOfRevenue": 993774000,
        "grossProfit": -74737000,
        "grossProfitRatio": -0.0813209914,
        "researchAndDevelopmentExpenses": 0,
        "generalAndAdministrativeExpenses": 121113000,
        "sellingAndMarketingExpenses": 0,
        "sellingGeneralAndAdministrativeExpenses": 121113000,
        "otherExpenses": 74248000,
        "operatingExpenses": 195361000,
        "costAndExpenses": 1189135000,
        "interestIncome": 18402000,
        "interestExpense": 67431000,
        "depreciationAndAmortization": -1167000,
        "ebitda": -270098000,
        "ebitdaratio": -0.2938924113,
        "operatingIncome": -225553000,
        "operatingIncomeRatio": -0.2454231984,
        "totalOtherIncomeExpensesNet": -11114000,
        "incomeBeforeTax": -292984000,
        "incomeBeforeTaxRatio": -0.3187945643,
        "incomeTaxExpense": 14300000,
        "netIncome": -307284000,
        "netIncomeRatio": -0.3343543296,
        "eps": -3.97,
        "epsdiluted": -3.97,
        "weightedAverageShsOut": 77375000,
        "weightedAverageShsOutDil": 77375000,
        "link": "https://www.sec.gov/Archives/edgar/data/795266/000095013409001433/0000950134-09-001433-index.htm",
        "finalLink": "https://www.sec.gov/Archives/edgar/data/795266/000095013409001433/v50128e10vk.htm"
    },
    {
        "date": "2008-08-31",
        "symbol": "KBH",
        "reportedCurrency": "USD",
        "cik": "0000795266",
        "fillingDate": "2008-10-10",
        "acceptedDate": "2008-10-10 16:19:18",
        "calendarYear": "2008",
        "period": "Q3",
        "revenue": 681610000,
        "costOfRevenue": 654817000,
        "grossProfit": 26793000,
        "grossProfitRatio": 0.0393084022,
        "researchAndDevelopmentExpenses": 0,
        "generalAndAdministrativeExpenses": 133211000,
        "sellingAndMarketingExpenses": 0,
        "sellingGeneralAndAdministrativeExpenses": 133211000,
        "otherExpenses": 0,
        "operatingExpenses": 133211000,
        "costAndExpenses": 788028000,
        "interestIncome": 6686000,
        "interestExpense": 55715000,
        "depreciationAndAmortization": 4143000,
        "ebitda": -144745000,
        "ebitdaratio": -0.2123575065,
        "operatingIncome": -96030000,
        "operatingIncomeRatio": -0.1408870175,
        "totalOtherIncomeExpensesNet": -7000000,
        "incomeBeforeTax": -151745000,
        "incomeBeforeTaxRatio": -0.2226273089,
        "incomeTaxExpense": -7000000,
        "netIncome": -144745000,
        "netIncomeRatio": -0.2123575065,
        "eps": -1.87,
        "epsdiluted": -1.87,
        "weightedAverageShsOut": 77565000,
        "weightedAverageShsOutDil": 77565000,
        "link": "https://www.sec.gov/Archives/edgar/data/795266/000095013708012667/0000950137-08-012667-index.htm",
        "finalLink": "https://www.sec.gov/Archives/edgar/data/795266/000095013708012667/v50084e10vq.htm"
    },
    {
        "date": "2008-05-31",
        "symbol": "KBH",
        "reportedCurrency": "USD",
        "cik": "0000795266",
        "fillingDate": "2008-07-10",
        "acceptedDate": "2008-07-10 16:08:04",
        "calendarYear": "2008",
        "period": "Q2",
        "revenue": 639065000,
        "costOfRevenue": 755840000,
        "grossProfit": -116775000,
        "grossProfitRatio": -0.1827278915,
        "researchAndDevelopmentExpenses": 0,
        "generalAndAdministrativeExpenses": 120178000,
        "sellingAndMarketingExpenses": 0,
        "sellingGeneralAndAdministrativeExpenses": 120178000,
        "otherExpenses": 21389000,
        "operatingExpenses": 141567000,
        "costAndExpenses": 897407000,
        "interestIncome": 9522000,
        "interestExpense": 0,
        "depreciationAndAmortization": 2958000,
        "ebitda": -255930000,
        "ebitdaratio": -0.400475695,
        "operatingIncome": -233772000,
        "operatingIncomeRatio": -0.3658031656,
        "totalOtherIncomeExpensesNet": 600000,
        "incomeBeforeTax": -255330000,
        "incomeBeforeTaxRatio": -0.3995368233,
        "incomeTaxExpense": 600000,
        "netIncome": -255930000,
        "netIncomeRatio": -0.400475695,
        "eps": -3.3,
        "epsdiluted": -3.3,
        "weightedAverageShsOut": 77462000,
        "weightedAverageShsOutDil": 77462000,
        "link": "https://www.sec.gov/Archives/edgar/data/795266/000095013708009249/0000950137-08-009249-index.htm",
        "finalLink": "https://www.sec.gov/Archives/edgar/data/795266/000095013708009249/v42104e10vq.htm"
    },
    {
        "date": "2008-02-29",
        "symbol": "KBH",
        "reportedCurrency": "USD",
        "cik": "0000795266",
        "fillingDate": "2008-04-09",
        "acceptedDate": "2008-04-09 16:12:58",
        "calendarYear": "2008",
        "period": "Q1",
        "revenue": 794224000,
        "costOfRevenue": 912641000,
        "grossProfit": -118417000,
        "grossProfitRatio": -0.1490977357,
        "researchAndDevelopmentExpenses": 0,
        "generalAndAdministrativeExpenses": 128757000,
        "sellingAndMarketingExpenses": 0,
        "sellingGeneralAndAdministrativeExpenses": 128757000,
        "otherExpenses": 1797000,
        "operatingExpenses": 130554000,
        "costAndExpenses": 1043195000,
        "interestIncome": 0,
        "interestExpense": 18901000,
        "depreciationAndAmortization": 3383000,
        "ebitda": -245588000,
        "ebitdaratio": -0.3092175507,
        "operatingIncome": -248971000,
        "operatingIncomeRatio": -0.3134770543,
        "totalOtherIncomeExpensesNet": -18901000,
        "incomeBeforeTax": -267872000,
        "incomeBeforeTaxRatio": -0.3372751264,
        "incomeTaxExpense": 300000,
        "netIncome": -268172000,
        "netIncomeRatio": -0.3376528536,
        "eps": -3.47,
        "epsdiluted": -3.47,
        "weightedAverageShsOut": 77363000,
        "weightedAverageShsOutDil": 77363000,
        "link": "https://www.sec.gov/Archives/edgar/data/795266/000095012408001795/0000950124-08-001795-index.htm",
        "finalLink": "https://www.sec.gov/Archives/edgar/data/795266/000095012408001795/v39755e10vq.htm"
    },
    {
        "date": "2007-11-30",
        "symbol": "KBH",
        "reportedCurrency": "USD",
        "cik": "0000795266",
        "fillingDate": "2008-01-29",
        "acceptedDate": "2008-01-29 16:02:12",
        "calendarYear": "2007",
        "period": "Q4",
        "revenue": 2070580000,
        "costOfRevenue": 2169586000,
        "grossProfit": -99006000,
        "grossProfitRatio": -0.0478155879,
        "researchAndDevelopmentExpenses": 0,
        "generalAndAdministrativeExpenses": 228650000,
        "sellingAndMarketingExpenses": 0,
        "sellingGeneralAndAdministrativeExpenses": 228650000,
        "otherExpenses": -8139000,
        "operatingExpenses": 220511000,
        "costAndExpenses": 2390097000,
        "interestIncome": 27887000,
        "interestExpense": 79436000,
        "depreciationAndAmortization": 4493000,
        "ebitda": -315024000,
        "ebitdaratio": -0.1521428778,
        "operatingIncome": -319517000,
        "operatingIncomeRatio": -0.1543128012,
        "totalOtherIncomeExpensesNet": -79436000,
        "incomeBeforeTax": -398953000,
        "incomeBeforeTaxRatio": -0.1926769311,
        "incomeTaxExpense": 373700000,
        "netIncome": -772653000,
        "netIncomeRatio": -0.3731577626,
        "eps": -9.99,
        "epsdiluted": -9.99,
        "weightedAverageShsOut": 77363000,
        "weightedAverageShsOutDil": 77363000,
        "link": "https://www.sec.gov/Archives/edgar/data/795266/000095012408000386/0000950124-08-000386-index.htm",
        "finalLink": "https://www.sec.gov/Archives/edgar/data/795266/000095012408000386/v34163e10vk.htm"
    },
    {
        "date": "2007-08-31",
        "symbol": "KBH",
        "reportedCurrency": "USD",
        "cik": "0000795266",
        "fillingDate": "2007-10-10",
        "acceptedDate": "2007-10-10 16:22:04",
        "calendarYear": "2007",
        "period": "Q3",
        "revenue": 1543900000,
        "costOfRevenue": 2003494000,
        "grossProfit": -459594000,
        "grossProfitRatio": -0.2976837878,
        "researchAndDevelopmentExpenses": 0,
        "generalAndAdministrativeExpenses": 197164000,
        "sellingAndMarketingExpenses": 0,
        "sellingGeneralAndAdministrativeExpenses": 197164000,
        "otherExpenses": 103559000,
        "operatingExpenses": 300723000,
        "costAndExpenses": 2304217000,
        "interestIncome": 0,
        "interestExpense": 0,
        "depreciationAndAmortization": 4925000,
        "ebitda": -755392000,
        "ebitdaratio": -0.4892752121,
        "operatingIncome": -639401000,
        "operatingIncomeRatio": -0.4141466416,
        "totalOtherIncomeExpensesNet": -25403000,
        "incomeBeforeTax": -785720000,
        "incomeBeforeTaxRatio": -0.5089189714,
        "incomeTaxExpense": -307100000,
        "netIncome": -35612000,
        "netIncomeRatio": -0.0230662608,
        "eps": -0.46,
        "epsdiluted": -0.46,
        "weightedAverageShsOut": 77265000,
        "weightedAverageShsOutDil": 77265000,
        "link": "https://www.sec.gov/Archives/edgar/data/795266/000095012407005067/0000950124-07-005067-index.htm",
        "finalLink": "https://www.sec.gov/Archives/edgar/data/795266/000095012407005067/v34465e10vq.htm"
    },
    {
        "date": "2007-05-31",
        "symbol": "KBH",
        "reportedCurrency": "USD",
        "cik": "0000795266",
        "fillingDate": "2007-07-10",
        "acceptedDate": "2007-07-10 17:07:54",
        "calendarYear": "2007",
        "period": "Q2",
        "revenue": 1413208000,
        "costOfRevenue": 1480476000,
        "grossProfit": -67268000,
        "grossProfitRatio": -0.0475995041,
        "researchAndDevelopmentExpenses": 0,
        "generalAndAdministrativeExpenses": 193585000,
        "sellingAndMarketingExpenses": 0,
        "sellingGeneralAndAdministrativeExpenses": 193585000,
        "otherExpenses": -3396000,
        "operatingExpenses": 190189000,
        "costAndExpenses": 1670665000,
        "interestIncome": 706000,
        "interestExpense": 8429000,
        "depreciationAndAmortization": 3478000,
        "ebitda": -253979000,
        "ebitdaratio": -0.1797180599,
        "operatingIncome": -257457000,
        "operatingIncomeRatio": -0.1821791272,
        "totalOtherIncomeExpensesNet": -33895000,
        "incomeBeforeTax": -291352000,
        "incomeBeforeTaxRatio": -0.2061635654,
        "incomeTaxExpense": -117200000,
        "netIncome": -148686000,
        "netIncomeRatio": -0.1052116886,
        "eps": -1.93,
        "epsdiluted": -1.93,
        "weightedAverageShsOut": 77102000,
        "weightedAverageShsOutDil": 77102000,
        "link": "https://www.sec.gov/Archives/edgar/data/795266/000095012407003624/0000950124-07-003624-index.htm",
        "finalLink": "https://www.sec.gov/Archives/edgar/data/795266/000095012407003624/v31777e10vq.htm"
    },
    {
        "date": "2007-02-28",
        "symbol": "KBH",
        "reportedCurrency": "USD",
        "cik": "0000795266",
        "fillingDate": "2007-04-09",
        "acceptedDate": "2007-04-09 16:32:21",
        "calendarYear": "2007",
        "period": "Q1",
        "revenue": 1767234000,
        "costOfRevenue": 1456036000,
        "grossProfit": 311198000,
        "grossProfitRatio": 0.1760932621,
        "researchAndDevelopmentExpenses": 0,
        "generalAndAdministrativeExpenses": 262950000,
        "sellingAndMarketingExpenses": 0,
        "sellingGeneralAndAdministrativeExpenses": 262950000,
        "otherExpenses": 4189000,
        "operatingExpenses": 267139000,
        "costAndExpenses": 1723175000,
        "interestIncome": 43000,
        "interestExpense": 3262000,
        "depreciationAndAmortization": 6856000,
        "ebitda": 52255000,
        "ebitdaratio": 0.0295688064,
        "operatingIncome": 45399000,
        "operatingIncomeRatio": 0.0256892975,
        "totalOtherIncomeExpensesNet": -30144000,
        "incomeBeforeTax": 42137000,
        "incomeBeforeTaxRatio": 0.0238434752,
        "incomeTaxExpense": 14600000,
        "netIncome": 27537000,
        "netIncomeRatio": 0.0155819773,
        "eps": 0.36,
        "epsdiluted": 0.34,
        "weightedAverageShsOut": 76988000,
        "weightedAverageShsOutDil": 80593000,
        "link": "https://www.sec.gov/Archives/edgar/data/795266/000095012407002069/0000950124-07-002069-index.htm",
        "finalLink": "https://www.sec.gov/Archives/edgar/data/795266/000095012407002069/v29082e10vq.htm"
    },
    {
        "date": "2006-11-30",
        "symbol": "KBH",
        "reportedCurrency": "USD",
        "cik": "0000795266",
        "fillingDate": "2007-02-13",
        "acceptedDate": "2007-02-13 15:32:03",
        "calendarYear": "2006",
        "period": "Q4",
        "revenue": 3545680000,
        "costOfRevenue": 3226049000,
        "grossProfit": 319631000,
        "grossProfitRatio": 0.0901466009,
        "researchAndDevelopmentExpenses": 0,
        "generalAndAdministrativeExpenses": 410694000,
        "sellingAndMarketingExpenses": 0,
        "sellingGeneralAndAdministrativeExpenses": 410694000,
        "otherExpenses": -39595000,
        "operatingExpenses": 371099000,
        "costAndExpenses": 3597148000,
        "interestIncome": 4731000,
        "interestExpense": 75574000,
        "depreciationAndAmortization": 6273000,
        "ebitda": -45195000,
        "ebitdaratio": -0.0127464971,
        "operatingIncome": -51468000,
        "operatingIncomeRatio": -0.0145156923,
        "totalOtherIncomeExpensesNet": -75574000,
        "incomeBeforeTax": -127042000,
        "incomeBeforeTaxRatio": -0.0358300805,
        "incomeTaxExpense": -77400000,
        "netIncome": -49642000,
        "netIncomeRatio": -0.0140006994,
        "eps": -0.64,
        "epsdiluted": -0.64,
        "weightedAverageShsOut": 76988000,
        "weightedAverageShsOutDil": 76988000,
        "link": "https://www.sec.gov/Archives/edgar/data/795266/000095012407000811/0000950124-07-000811-index.htm",
        "finalLink": "https://www.sec.gov/Archives/edgar/data/795266/000095012407000811/v22568e10vk.htm"
    },
    {
        "date": "2006-08-31",
        "symbol": "KBH",
        "reportedCurrency": "USD",
        "cik": "0000795266",
        "fillingDate": "2007-02-13",
        "acceptedDate": "2007-02-13 15:03:00",
        "calendarYear": "2006",
        "period": "Q3",
        "revenue": 2674391000,
        "costOfRevenue": 2087950000,
        "grossProfit": 586441000,
        "grossProfitRatio": 0.2192802025,
        "researchAndDevelopmentExpenses": 0,
        "generalAndAdministrativeExpenses": 345591000,
        "sellingAndMarketingExpenses": 0,
        "sellingGeneralAndAdministrativeExpenses": 345591000,
        "otherExpenses": 3036000,
        "operatingExpenses": 348627000,
        "costAndExpenses": 2436577000,
        "interestIncome": 0,
        "interestExpense": 0,
        "depreciationAndAmortization": 5987000,
        "ebitda": 243801000,
        "ebitdaratio": 0.0911613149,
        "operatingIncome": 237814000,
        "operatingIncomeRatio": 0.0889226744,
        "totalOtherIncomeExpensesNet": -30772000,
        "incomeBeforeTax": 238114000,
        "incomeBeforeTaxRatio": 0.0890348494,
        "incomeTaxExpense": 84900000,
        "netIncome": 153214000,
        "netIncomeRatio": 0.0572893044,
        "eps": 1.97,
        "epsdiluted": 1.9,
        "weightedAverageShsOut": 77724000,
        "weightedAverageShsOutDil": 80618000,
        "link": "https://www.sec.gov/Archives/edgar/data/795266/000095012407000808/0000950124-07-000808-index.htm",
        "finalLink": "https://www.sec.gov/Archives/edgar/data/795266/000095012407000808/v26490e10vq.htm"
    },
    {
        "date": "2006-05-31",
        "symbol": "KBH",
        "reportedCurrency": "USD",
        "cik": "0000795266",
        "fillingDate": "2006-07-07",
        "acceptedDate": "2006-07-07 16:42:21",
        "calendarYear": "2006",
        "period": "Q2",
        "revenue": 2592071000,
        "costOfRevenue": 1921203000,
        "grossProfit": 670868000,
        "grossProfitRatio": 0.2588154414,
        "researchAndDevelopmentExpenses": 0,
        "generalAndAdministrativeExpenses": 325713000,
        "sellingAndMarketingExpenses": 0,
        "sellingGeneralAndAdministrativeExpenses": 325713000,
        "otherExpenses": 3368000,
        "operatingExpenses": 329081000,
        "costAndExpenses": 2250284000,
        "interestIncome": 62000,
        "interestExpense": 21515000,
        "depreciationAndAmortization": 6428000,
        "ebitda": 348215000,
        "ebitdaratio": 0.134338527,
        "operatingIncome": 341787000,
        "operatingIncomeRatio": 0.1318586566,
        "totalOtherIncomeExpensesNet": -10888000,
        "incomeBeforeTax": 320272000,
        "incomeBeforeTaxRatio": 0.1235583439,
        "incomeTaxExpense": 113700000,
        "netIncome": 206572000,
        "netIncomeRatio": 0.0796938047,
        "eps": 2.6,
        "epsdiluted": 2.46,
        "weightedAverageShsOut": 79522000,
        "weightedAverageShsOutDil": 83978000,
        "link": "https://www.sec.gov/Archives/edgar/data/795266/000095013406012860/0000950134-06-012860-index.htm",
        "finalLink": "https://www.sec.gov/Archives/edgar/data/795266/000095013406012860/v21971e10vq.htm"
    },
    {
        "date": "2006-02-28",
        "symbol": "KBH",
        "reportedCurrency": "USD",
        "cik": "0000795266",
        "fillingDate": "2006-04-07",
        "acceptedDate": "2006-04-07 16:05:50",
        "calendarYear": "2006",
        "period": "Q1",
        "revenue": 2191650000,
        "costOfRevenue": 1618315000,
        "grossProfit": 573335000,
        "grossProfitRatio": 0.261599708,
        "researchAndDevelopmentExpenses": 0,
        "generalAndAdministrativeExpenses": 296589000,
        "sellingAndMarketingExpenses": 0,
        "sellingGeneralAndAdministrativeExpenses": 296589000,
        "otherExpenses": 2579000,
        "operatingExpenses": 299168000,
        "costAndExpenses": 1917483000,
        "interestIncome": 55000,
        "interestExpense": 5806000,
        "depreciationAndAmortization": 5479000,
        "ebitda": 279646000,
        "ebitdaratio": 0.1275961034,
        "operatingIncome": 274167000,
        "operatingIncomeRatio": 0.1250961604,
        "totalOtherIncomeExpensesNet": -4979000,
        "incomeBeforeTax": 268361000,
        "incomeBeforeTaxRatio": 0.1224470148,
        "incomeTaxExpense": 93900000,
        "netIncome": 174461000,
        "netIncomeRatio": 0.0796025825,
        "eps": 2.15,
        "epsdiluted": 2.02,
        "weightedAverageShsOut": 81031000,
        "weightedAverageShsOutDil": 86248000,
        "link": "https://www.sec.gov/Archives/edgar/data/795266/000095012906003774/0000950129-06-003774-index.htm",
        "finalLink": "https://www.sec.gov/Archives/edgar/data/795266/000095012906003774/v19426e10vq.htm"
    },
    {
        "date": "2005-11-30",
        "symbol": "KBH",
        "reportedCurrency": "USD",
        "cik": "0000795266",
        "fillingDate": "2006-02-10",
        "acceptedDate": "2006-02-10 06:06:32",
        "calendarYear": "2005",
        "period": "Q4",
        "revenue": 3150140000,
        "costOfRevenue": 2294989000,
        "grossProfit": 855151000,
        "grossProfitRatio": 0.2714644429,
        "researchAndDevelopmentExpenses": 0,
        "generalAndAdministrativeExpenses": 358603000,
        "sellingAndMarketingExpenses": 0,
        "sellingGeneralAndAdministrativeExpenses": 358603000,
        "otherExpenses": 3734000,
        "operatingExpenses": 362337000,
        "costAndExpenses": 2657326000,
        "interestIncome": 4210000,
        "interestExpense": 10571000,
        "depreciationAndAmortization": 5942000,
        "ebitda": 498756000,
        "ebitdaratio": 0.1583282013,
        "operatingIncome": 492814000,
        "operatingIncomeRatio": 0.1564419359,
        "totalOtherIncomeExpensesNet": -10571000,
        "incomeBeforeTax": 482243000,
        "incomeBeforeTaxRatio": 0.153086212,
        "incomeTaxExpense": 171600000,
        "netIncome": 310643000,
        "netIncomeRatio": 0.0986124426,
        "eps": 3.83,
        "epsdiluted": 3.83,
        "weightedAverageShsOut": 81031000,
        "weightedAverageShsOutDil": 81031000,
        "link": "https://www.sec.gov/Archives/edgar/data/795266/000095013406002390/0000950134-06-002390-index.htm",
        "finalLink": "https://www.sec.gov/Archives/edgar/data/795266/000095013406002390/v10867e10vk.htm"
    },
    {
        "date": "2005-08-31",
        "symbol": "KBH",
        "reportedCurrency": "USD",
        "cik": "0000795266",
        "fillingDate": "2005-10-07",
        "acceptedDate": "2005-10-07 15:22:50",
        "calendarYear": "2005",
        "period": "Q3",
        "revenue": 2525064000,
        "costOfRevenue": 1828499000,
        "grossProfit": 696565000,
        "grossProfitRatio": 0.2758603346,
        "researchAndDevelopmentExpenses": 0,
        "generalAndAdministrativeExpenses": 319628000,
        "sellingAndMarketingExpenses": 0,
        "sellingGeneralAndAdministrativeExpenses": 319628000,
        "otherExpenses": 3127000,
        "operatingExpenses": 322755000,
        "costAndExpenses": 2151254000,
        "interestIncome": 0,
        "interestExpense": 14375000,
        "depreciationAndAmortization": 5404000,
        "ebitda": 372500000,
        "ebitdaratio": 0.1475210133,
        "operatingIncome": 367096000,
        "operatingIncomeRatio": 0.1453808696,
        "totalOtherIncomeExpensesNet": -21089000,
        "incomeBeforeTax": 352721000,
        "incomeBeforeTaxRatio": 0.1396879445,
        "incomeTaxExpense": 125200000,
        "netIncome": 227521000,
        "netIncomeRatio": 0.0901050429,
        "eps": 2.75,
        "epsdiluted": 2.55,
        "weightedAverageShsOut": 82735000,
        "weightedAverageShsOutDil": 89243000,
        "link": "https://www.sec.gov/Archives/edgar/data/795266/000095012905009737/0000950129-05-009737-index.htm",
        "finalLink": "https://www.sec.gov/Archives/edgar/data/795266/000095012905009737/v13309e10vq.htm"
    },
    {
        "date": "2005-05-31",
        "symbol": "KBH",
        "reportedCurrency": "USD",
        "cik": "0000795266",
        "fillingDate": "2005-07-08",
        "acceptedDate": "2005-07-08 16:01:41",
        "calendarYear": "2005",
        "period": "Q2",
        "revenue": 2130326000,
        "costOfRevenue": 1552276000,
        "grossProfit": 578050000,
        "grossProfitRatio": 0.271343447,
        "researchAndDevelopmentExpenses": 0,
        "generalAndAdministrativeExpenses": 281477000,
        "sellingAndMarketingExpenses": 0,
        "sellingGeneralAndAdministrativeExpenses": 281477000,
        "otherExpenses": 1821000,
        "operatingExpenses": 283298000,
        "costAndExpenses": 1835574000,
        "interestIncome": 0,
        "interestExpense": 12227000,
        "depreciationAndAmortization": 6221000,
        "ebitda": 293461000,
        "ebitdaratio": 0.1377540339,
        "operatingIncome": 287240000,
        "operatingIncomeRatio": 0.1348338236,
        "totalOtherIncomeExpensesNet": -19739000,
        "incomeBeforeTax": 275013000,
        "incomeBeforeTaxRatio": 0.1290943264,
        "incomeTaxExpense": 93500000,
        "netIncome": 181513000,
        "netIncomeRatio": 0.0852043302,
        "eps": 2.22,
        "epsdiluted": 2.06,
        "weightedAverageShsOut": 81665000,
        "weightedAverageShsOutDil": 88044000,
        "link": "https://www.sec.gov/Archives/edgar/data/795266/000095012905006942/0000950129-05-006942-index.htm",
        "finalLink": "https://www.sec.gov/Archives/edgar/data/795266/000095012905006942/v10552e10vq.htm"
    },
    {
        "date": "2005-02-28",
        "symbol": "KBH",
        "reportedCurrency": "USD",
        "cik": "0000795266",
        "fillingDate": "2005-04-11",
        "acceptedDate": "2005-04-11 12:59:47",
        "calendarYear": "2005",
        "period": "Q1",
        "revenue": 1636120000,
        "costOfRevenue": 1212375000,
        "grossProfit": 423745000,
        "grossProfitRatio": 0.2589938391,
        "researchAndDevelopmentExpenses": 0,
        "generalAndAdministrativeExpenses": 225839000,
        "sellingAndMarketingExpenses": 0,
        "sellingGeneralAndAdministrativeExpenses": 225839000,
        "otherExpenses": 1683000,
        "operatingExpenses": 227522000,
        "costAndExpenses": 1439897000,
        "interestIncome": 0,
        "interestExpense": 5101000,
        "depreciationAndAmortization": 5880000,
        "ebitda": 197025000,
        "ebitdaratio": 0.1204220962,
        "operatingIncome": 191145000,
        "operatingIncomeRatio": 0.1168282278,
        "totalOtherIncomeExpensesNet": -10179000,
        "incomeBeforeTax": 186044000,
        "incomeBeforeTaxRatio": 0.1137104858,
        "incomeTaxExpense": 63300000,
        "netIncome": 122744000,
        "netIncomeRatio": 0.0750213921,
        "eps": 1.53,
        "epsdiluted": 1.42,
        "weightedAverageShsOut": 80018500,
        "weightedAverageShsOutDil": 86172000,
        "link": "https://www.sec.gov/Archives/edgar/data/795266/000095012905003571/0000950129-05-003571-index.htm",
        "finalLink": "https://www.sec.gov/Archives/edgar/data/795266/000095012905003571/v07777e10vq.htm"
    },
    {
        "date": "2004-11-30",
        "symbol": "KBH",
        "reportedCurrency": "USD",
        "cik": "0000795266",
        "fillingDate": "2005-02-14",
        "acceptedDate": "2005-02-14 17:23:53",
        "calendarYear": "2004",
        "period": "Q4",
        "revenue": 2380597000,
        "costOfRevenue": 1773097000,
        "grossProfit": 607500000,
        "grossProfitRatio": 0.2551880894,
        "researchAndDevelopmentExpenses": 0,
        "generalAndAdministrativeExpenses": 305404000,
        "sellingAndMarketingExpenses": 0,
        "sellingGeneralAndAdministrativeExpenses": 305404000,
        "otherExpenses": -33435000,
        "operatingExpenses": 271969000,
        "costAndExpenses": 2045066000,
        "interestIncome": 940000,
        "interestExpense": 48772000,
        "depreciationAndAmortization": 6763000,
        "ebitda": 334069000,
        "ebitdaratio": 0.1403299256,
        "operatingIncome": 327306000,
        "operatingIncomeRatio": 0.1374890416,
        "totalOtherIncomeExpensesNet": -56997000,
        "incomeBeforeTax": 278534000,
        "incomeBeforeTaxRatio": 0.1170017437,
        "incomeTaxExpense": 91800000,
        "netIncome": 186734000,
        "netIncomeRatio": 0.078439988,
        "eps": 2.33,
        "epsdiluted": 2.17,
        "weightedAverageShsOut": 80018500,
        "weightedAverageShsOutDil": 86172000,
        "link": "https://www.sec.gov/Archives/edgar/data/795266/000095012905001329/0000950129-05-001329-index.htm",
        "finalLink": "https://www.sec.gov/Archives/edgar/data/795266/000095012905001329/v99948e10vk.htm"
    },
    {
        "date": "2004-08-31",
        "symbol": "KBH",
        "reportedCurrency": "USD",
        "cik": "0000795266",
        "fillingDate": "2004-10-14",
        "acceptedDate": "2004-10-14 17:05:51",
        "calendarYear": "2004",
        "period": "Q3",
        "revenue": 1748292000,
        "costOfRevenue": 1319387000,
        "grossProfit": 428905000,
        "grossProfitRatio": 0.2453280116,
        "researchAndDevelopmentExpenses": 0,
        "generalAndAdministrativeExpenses": 235867000,
        "sellingAndMarketingExpenses": 0,
        "sellingGeneralAndAdministrativeExpenses": 235867000,
        "otherExpenses": 17084000,
        "operatingExpenses": 252951000,
        "costAndExpenses": 1572338000,
        "interestIncome": 0,
        "interestExpense": 0,
        "depreciationAndAmortization": 5784000,
        "ebitda": 190781000,
        "ebitdaratio": 0.1091242195,
        "operatingIncome": 170135000,
        "operatingIncomeRatio": 0.0973149794,
        "totalOtherIncomeExpensesNet": -14827000,
        "incomeBeforeTax": 175954000,
        "incomeBeforeTaxRatio": 0.1006433708,
        "incomeTaxExpense": 58100000,
        "netIncome": 117854000,
        "netIncomeRatio": 0.0674109359,
        "eps": 1.5,
        "epsdiluted": 1.39,
        "weightedAverageShsOut": 78670000,
        "weightedAverageShsOutDil": 84728000,
        "link": "https://www.sec.gov/Archives/edgar/data/795266/000095012904007798/0000950129-04-007798-index.htm",
        "finalLink": "https://www.sec.gov/Archives/edgar/data/795266/000095012904007798/v02375e10vq.htm"
    },
    {
        "date": "2004-05-31",
        "symbol": "KBH",
        "reportedCurrency": "USD",
        "cik": "0000795266",
        "fillingDate": "2004-07-15",
        "acceptedDate": "2004-07-15 16:44:37",
        "calendarYear": "2004",
        "period": "Q2",
        "revenue": 1570386000,
        "costOfRevenue": 1190304000,
        "grossProfit": 380082000,
        "grossProfitRatio": 0.2420309402,
        "researchAndDevelopmentExpenses": 0,
        "generalAndAdministrativeExpenses": 209890000,
        "sellingAndMarketingExpenses": 0,
        "sellingGeneralAndAdministrativeExpenses": 209890000,
        "otherExpenses": 3375000,
        "operatingExpenses": 213265000,
        "costAndExpenses": 1403569000,
        "interestIncome": 1007000,
        "interestExpense": 4447000,
        "depreciationAndAmortization": 5676000,
        "ebitda": 166817000,
        "ebitdaratio": 0.1062267493,
        "operatingIncome": 156953000,
        "operatingIncomeRatio": 0.0999454911,
        "totalOtherIncomeExpensesNet": -14311000,
        "incomeBeforeTax": 152506000,
        "incomeBeforeTaxRatio": 0.0971137033,
        "incomeTaxExpense": 50400000,
        "netIncome": 102106000,
        "netIncomeRatio": 0.0650196831,
        "eps": 1.29,
        "epsdiluted": 1.2,
        "weightedAverageShsOut": 78968000,
        "weightedAverageShsOutDil": 85156000,
        "link": "https://www.sec.gov/Archives/edgar/data/795266/000095012904004852/0000950129-04-004852-index.htm",
        "finalLink": "https://www.sec.gov/Archives/edgar/data/795266/000095012904004852/v00280e10vq.htm"
    },
    {
        "date": "2004-02-29",
        "symbol": "KBH",
        "reportedCurrency": "USD",
        "cik": "0000795266",
        "fillingDate": "2004-04-14",
        "acceptedDate": "2004-04-14 17:04:37",
        "calendarYear": "2004",
        "period": "Q1",
        "revenue": 1353409000,
        "costOfRevenue": 1043068000,
        "grossProfit": 310341000,
        "grossProfitRatio": 0.2293031892,
        "researchAndDevelopmentExpenses": 0,
        "generalAndAdministrativeExpenses": 187769000,
        "sellingAndMarketingExpenses": 0,
        "sellingGeneralAndAdministrativeExpenses": 187769000,
        "otherExpenses": 1063000,
        "operatingExpenses": 188832000,
        "costAndExpenses": 1231900000,
        "interestIncome": 1189000,
        "interestExpense": 1836000,
        "depreciationAndAmortization": 5640000,
        "ebitda": 127149000,
        "ebitdaratio": 0.0939472103,
        "operatingIncome": 119673000,
        "operatingIncomeRatio": 0.0884233813,
        "totalOtherIncomeExpensesNet": -10801000,
        "incomeBeforeTax": 110708000,
        "incomeBeforeTaxRatio": 0.0817993674,
        "incomeTaxExpense": 36500000,
        "netIncome": 74208000,
        "netIncomeRatio": 0.0548304319,
        "eps": 0.95,
        "epsdiluted": 0.88,
        "weightedAverageShsOut": 78314000,
        "weightedAverageShsOutDil": 84712000,
        "link": "https://www.sec.gov/Archives/edgar/data/795266/000095012904002083/0000950129-04-002083-index.htm",
        "finalLink": "https://www.sec.gov/Archives/edgar/data/795266/000095012904002083/v98095e10vq.htm"
    },
    {
        "date": "2003-11-30",
        "symbol": "KBH",
        "reportedCurrency": "USD",
        "cik": "0000795266",
        "fillingDate": "2004-03-01",
        "acceptedDate": "2004-03-01 15:45:50",
        "calendarYear": "2003",
        "period": "Q4",
        "revenue": 1873241000,
        "costOfRevenue": 1422714000,
        "grossProfit": 450527000,
        "grossProfitRatio": 0.240506694,
        "researchAndDevelopmentExpenses": 0,
        "generalAndAdministrativeExpenses": 224460000,
        "sellingAndMarketingExpenses": 0,
        "sellingGeneralAndAdministrativeExpenses": 224460000,
        "otherExpenses": 9497000,
        "operatingExpenses": 233957000,
        "costAndExpenses": 1656671000,
        "interestIncome": 0,
        "interestExpense": 0,
        "depreciationAndAmortization": 5558000,
        "ebitda": 207072000,
        "ebitdaratio": 0.1105421032,
        "operatingIncome": 201514000,
        "operatingIncomeRatio": 0.1075750531,
        "totalOtherIncomeExpensesNet": -9434000,
        "incomeBeforeTax": 207136000,
        "incomeBeforeTaxRatio": 0.1105762686,
        "incomeTaxExpense": 68400000,
        "netIncome": 138736000,
        "netIncomeRatio": 0.0740620134,
        "eps": 1.77,
        "epsdiluted": 1.77,
        "weightedAverageShsOut": 77848502,
        "weightedAverageShsOutDil": 78314000,
        "link": "https://www.sec.gov/Archives/edgar/data/795266/000095014804000446/0000950148-04-000446-index.htm",
        "finalLink": "https://www.sec.gov/Archives/edgar/data/795266/000095014804000446/v94862e10vk.htm"
    },
    {
        "date": "2003-08-31",
        "symbol": "KBH",
        "reportedCurrency": "USD",
        "cik": "0000795266",
        "fillingDate": "2003-10-15",
        "acceptedDate": "2003-10-14 21:33:21",
        "calendarYear": "2003",
        "period": "Q3",
        "revenue": 1442259000,
        "costOfRevenue": 1097389000,
        "grossProfit": 344870000,
        "grossProfitRatio": 0.2391179393,
        "researchAndDevelopmentExpenses": 0,
        "generalAndAdministrativeExpenses": 192498000,
        "sellingAndMarketingExpenses": 0,
        "sellingGeneralAndAdministrativeExpenses": 192498000,
        "otherExpenses": 15026000,
        "operatingExpenses": 207524000,
        "costAndExpenses": 1304913000,
        "interestIncome": 0,
        "interestExpense": 0,
        "depreciationAndAmortization": 6425000,
        "ebitda": 137346000,
        "ebitdaratio": 0.095229775,
        "operatingIncome": 116188000,
        "operatingIncomeRatio": 0.080559733,
        "totalOtherIncomeExpensesNet": -18373000,
        "incomeBeforeTax": 146015000,
        "incomeBeforeTaxRatio": 0.1012404845,
        "incomeTaxExpense": 48200000,
        "netIncome": 97815000,
        "netIncomeRatio": 0.0678206896,
        "eps": 1.26,
        "epsdiluted": 1.17,
        "weightedAverageShsOut": 77790000,
        "weightedAverageShsOutDil": 83892000,
        "link": "https://www.sec.gov/Archives/edgar/data/795266/000095014803002465/0000950148-03-002465-index.htm",
        "finalLink": "https://www.sec.gov/Archives/edgar/data/795266/000095014803002465/v93610e10vq.htm"
    },
    {
        "date": "2003-05-31",
        "symbol": "KBH",
        "reportedCurrency": "USD",
        "cik": "0000795266",
        "fillingDate": "2003-07-15",
        "acceptedDate": "2003-07-15 17:10:06",
        "calendarYear": "2003",
        "period": "Q2",
        "revenue": 1440104000,
        "costOfRevenue": 1110887000,
        "grossProfit": 329217000,
        "grossProfitRatio": 0.2286064062,
        "researchAndDevelopmentExpenses": 0,
        "generalAndAdministrativeExpenses": 195139000,
        "sellingAndMarketingExpenses": 0,
        "sellingGeneralAndAdministrativeExpenses": 195139000,
        "otherExpenses": 11816000,
        "operatingExpenses": 206955000,
        "costAndExpenses": 1317842000,
        "interestIncome": 0,
        "interestExpense": 0,
        "depreciationAndAmortization": 5217000,
        "ebitda": 122262000,
        "ebitdaratio": 0.0848980351,
        "operatingIncome": 106652000,
        "operatingIncomeRatio": 0.0740585402,
        "totalOtherIncomeExpensesNet": -788000,
        "incomeBeforeTax": 121474000,
        "incomeBeforeTaxRatio": 0.0843508524,
        "incomeTaxExpense": 40100000,
        "netIncome": 81374000,
        "netIncomeRatio": 0.0565056413,
        "eps": 1.03,
        "epsdiluted": 0.97,
        "weightedAverageShsOut": 79244000,
        "weightedAverageShsOutDil": 83958000,
        "link": "https://www.sec.gov/Archives/edgar/data/795266/000095014803001737/0000950148-03-001737-index.htm",
        "finalLink": "https://www.sec.gov/Archives/edgar/data/795266/000095014803001737/v91462e10vq.htm"
    },
    {
        "date": "2003-02-28",
        "symbol": "KBH",
        "reportedCurrency": "USD",
        "cik": "0000795266",
        "fillingDate": "2003-04-14",
        "acceptedDate": "2003-04-14 17:00:41",
        "calendarYear": "2003",
        "period": "Q1",
        "revenue": 1094950000,
        "costOfRevenue": 848029000,
        "grossProfit": 246921000,
        "grossProfitRatio": 0.2255089273,
        "researchAndDevelopmentExpenses": 0,
        "generalAndAdministrativeExpenses": 154317000,
        "sellingAndMarketingExpenses": 0,
        "sellingGeneralAndAdministrativeExpenses": 154317000,
        "otherExpenses": 2170000,
        "operatingExpenses": 156487000,
        "costAndExpenses": 1004516000,
        "interestIncome": 758000,
        "interestExpense": 2526000,
        "depreciationAndAmortization": 6078000,
        "ebitda": 96512000,
        "ebitdaratio": 0.0881428376,
        "operatingIncome": 87908000,
        "operatingIncomeRatio": 0.0802849445,
        "totalOtherIncomeExpensesNet": -11595000,
        "incomeBeforeTax": 78839000,
        "incomeBeforeTaxRatio": 0.0720023745,
        "incomeTaxExpense": 26000000,
        "netIncome": 52839000,
        "netIncomeRatio": 0.048256998,
        "eps": 0.66,
        "epsdiluted": 0.62,
        "weightedAverageShsOut": 80350000,
        "weightedAverageShsOutDil": 84558000,
        "link": "https://www.sec.gov/Archives/edgar/data/795266/000095014803000838/0000950148-03-000838-index.htm",
        "finalLink": "https://www.sec.gov/Archives/edgar/data/795266/000095014803000838/v89222e10vq.htm"
    },
    {
        "date": "2002-11-30",
        "symbol": "KBH",
        "reportedCurrency": "USD",
        "cik": "0000795266",
        "fillingDate": "2003-02-28",
        "acceptedDate": "2003-02-28 17:24:41",
        "calendarYear": "2002",
        "period": "Q4",
        "revenue": 1590606000,
        "costOfRevenue": 1286735000,
        "grossProfit": 303871000,
        "grossProfitRatio": 0.1910410246,
        "researchAndDevelopmentExpenses": 0,
        "generalAndAdministrativeExpenses": 191190000,
        "sellingAndMarketingExpenses": 0,
        "sellingGeneralAndAdministrativeExpenses": 191190000,
        "otherExpenses": -22949000,
        "operatingExpenses": 168241000,
        "costAndExpenses": 1454976000,
        "interestIncome": 0,
        "interestExpense": 0,
        "depreciationAndAmortization": 5265000,
        "ebitda": 120118000,
        "ebitdaratio": 0.0755171299,
        "operatingIncome": 114853000,
        "operatingIncomeRatio": 0.0722070708,
        "totalOtherIncomeExpensesNet": 69879000,
        "incomeBeforeTax": 184732000,
        "incomeBeforeTaxRatio": 0.1161393834,
        "incomeTaxExpense": 61000000,
        "netIncome": 123732000,
        "netIncomeRatio": 0.07778922,
        "eps": 1.54,
        "epsdiluted": 1.54,
        "weightedAverageShsOut": 80146077,
        "weightedAverageShsOutDil": 80350000,
        "link": "https://www.sec.gov/Archives/edgar/data/795266/000095014803000439/0000950148-03-000439-index.htm",
        "finalLink": "https://www.sec.gov/Archives/edgar/data/795266/000095014803000439/v85826ke10vk.htm"
    },
    {
        "date": "2002-08-31",
        "symbol": "KBH",
        "reportedCurrency": "USD",
        "cik": "0000795266",
        "fillingDate": "2002-10-11",
        "acceptedDate": "2002-10-10 21:46:21",
        "calendarYear": "2002",
        "period": "Q3",
        "revenue": 1292969000,
        "costOfRevenue": 995908000,
        "grossProfit": 297061000,
        "grossProfitRatio": 0.2297510613,
        "researchAndDevelopmentExpenses": 0,
        "generalAndAdministrativeExpenses": 158704000,
        "sellingAndMarketingExpenses": 0,
        "sellingGeneralAndAdministrativeExpenses": 158704000,
        "otherExpenses": 0,
        "operatingExpenses": 158704000,
        "costAndExpenses": 1154612000,
        "interestIncome": 0,
        "interestExpense": 0,
        "depreciationAndAmortization": 4369000,
        "ebitda": 122473000,
        "ebitdaratio": 0.0947223019,
        "operatingIncome": 118104000,
        "operatingIncomeRatio": 0.0913432573,
        "totalOtherIncomeExpensesNet": -34905000,
        "incomeBeforeTax": 125192000,
        "incomeBeforeTaxRatio": 0.0968252139,
        "incomeTaxExpense": 41300000,
        "netIncome": 83892000,
        "netIncomeRatio": 0.0648832261,
        "eps": 1.03,
        "epsdiluted": 0.97,
        "weightedAverageShsOut": 81396000,
        "weightedAverageShsOutDil": 86140000,
        "link": "https://www.sec.gov/Archives/edgar/data/795266/000095014802002429/0000950148-02-002429-index.htm",
        "finalLink": "https://www.sec.gov/Archives/edgar/data/795266/000095014802002429/v84860e10vq.htm"
    },
    {
        "date": "2002-05-31",
        "symbol": "KBH",
        "reportedCurrency": "USD",
        "cik": "0000795266",
        "fillingDate": "2002-07-15",
        "acceptedDate": "2002-07-15 16:22:50",
        "calendarYear": "2002",
        "period": "Q2",
        "revenue": 1116645000,
        "costOfRevenue": 887799000,
        "grossProfit": 228846000,
        "grossProfitRatio": 0.2049406929,
        "researchAndDevelopmentExpenses": 0,
        "generalAndAdministrativeExpenses": 147182000,
        "sellingAndMarketingExpenses": 0,
        "sellingGeneralAndAdministrativeExpenses": 147182000,
        "otherExpenses": -5675000,
        "operatingExpenses": 141507000,
        "costAndExpenses": 1029306000,
        "interestIncome": 0,
        "interestExpense": 0,
        "depreciationAndAmortization": 4418000,
        "ebitda": 87339000,
        "ebitdaratio": 0.0782155475,
        "operatingIncome": 70001000,
        "operatingIncomeRatio": 0.062688679,
        "totalOtherIncomeExpensesNet": -5939000,
        "incomeBeforeTax": 95662000,
        "incomeBeforeTaxRatio": 0.0856691249,
        "incomeTaxExpense": 31600000,
        "netIncome": 64062000,
        "netIncomeRatio": 0.0573700684,
        "eps": 0.75,
        "epsdiluted": 0.71,
        "weightedAverageShsOut": 85392000,
        "weightedAverageShsOutDil": 90350000,
        "link": "https://www.sec.gov/Archives/edgar/data/795266/000095014802001701/0000950148-02-001701-index.htm",
        "finalLink": "https://www.sec.gov/Archives/edgar/data/795266/000095014802001701/v82961e10vq.htm"
    },
    {
        "date": "2002-02-28",
        "symbol": "KBH",
        "reportedCurrency": "USD",
        "cik": "0000795266",
        "fillingDate": "2002-04-15",
        "acceptedDate": "2002-04-15 00:00:00",
        "calendarYear": "2002",
        "period": "Q1",
        "revenue": 915665000,
        "costOfRevenue": 719801000,
        "grossProfit": 195864000,
        "grossProfitRatio": 0.2139035564,
        "researchAndDevelopmentExpenses": 0,
        "generalAndAdministrativeExpenses": 121607000,
        "sellingAndMarketingExpenses": 0,
        "sellingGeneralAndAdministrativeExpenses": 121607000,
        "otherExpenses": 0,
        "operatingExpenses": 121607000,
        "costAndExpenses": 841408000,
        "interestIncome": 1699000,
        "interestExpense": 10593000,
        "depreciationAndAmortization": 5276000,
        "ebitda": 79533000,
        "ebitdaratio": 0.086858185,
        "operatingIncome": 63664000,
        "operatingIncomeRatio": 0.0695276111,
        "totalOtherIncomeExpensesNet": -10593000,
        "incomeBeforeTax": 63664000,
        "incomeBeforeTaxRatio": 0.0695276111,
        "incomeTaxExpense": 21000000,
        "netIncome": 42664000,
        "netIncomeRatio": 0.0465934594,
        "eps": 0.5,
        "epsdiluted": 0.47,
        "weightedAverageShsOut": 85300000,
        "weightedAverageShsOutDil": 89886000,
        "link": "https://www.sec.gov/Archives/edgar/data/795266/000095014802001015/0000950148-02-001015-index.htm",
        "finalLink": "https://www.sec.gov/Archives/edgar/data/795266/000095014802001015/v80793e10-q.htm"
    },
    {
        "date": "2001-11-30",
        "symbol": "KBH",
        "reportedCurrency": "USD",
        "cik": "0000795266",
        "fillingDate": "2002-02-28",
        "acceptedDate": "2002-02-28 00:00:00",
        "calendarYear": "2001",
        "period": "Q4",
        "revenue": 1426419000,
        "costOfRevenue": 1132447000,
        "grossProfit": 293972000,
        "grossProfitRatio": 0.2060909172,
        "researchAndDevelopmentExpenses": 0,
        "generalAndAdministrativeExpenses": 164822000,
        "sellingAndMarketingExpenses": 0,
        "sellingGeneralAndAdministrativeExpenses": 164822000,
        "otherExpenses": -20262000,
        "operatingExpenses": 144560000,
        "costAndExpenses": 1277007000,
        "interestIncome": 0,
        "interestExpense": 0,
        "depreciationAndAmortization": 11628000,
        "ebitda": 138796000,
        "ebitdaratio": 0.0973038076,
        "operatingIncome": 127168000,
        "operatingIncomeRatio": 0.0891519252,
        "totalOtherIncomeExpensesNet": -15404000,
        "incomeBeforeTax": 134008000,
        "incomeBeforeTaxRatio": 0.0939471502,
        "incomeTaxExpense": 45500000,
        "netIncome": 88508000,
        "netIncomeRatio": 0.0620490894,
        "eps": 1.04,
        "epsdiluted": 1.04,
        "weightedAverageShsOut": 84222196,
        "weightedAverageShsOutDil": 85300000,
        "link": "https://www.sec.gov/Archives/edgar/data/795266/000095014802000487/0000950148-02-000487-index.htm",
        "finalLink": "https://www.sec.gov/Archives/edgar/data/795266/000095014802000487/v77506e10-k405.htm"
    },
    {
        "date": "2001-08-31",
        "symbol": "KBH",
        "reportedCurrency": "USD",
        "cik": "0000795266",
        "fillingDate": "2001-10-12",
        "acceptedDate": "2001-10-12 00:00:00",
        "calendarYear": "2001",
        "period": "Q3",
        "revenue": 1215148000,
        "costOfRevenue": 976975000,
        "grossProfit": 238173000,
        "grossProfitRatio": 0.1960032852,
        "researchAndDevelopmentExpenses": 0,
        "generalAndAdministrativeExpenses": 143585000,
        "sellingAndMarketingExpenses": 0,
        "sellingGeneralAndAdministrativeExpenses": 143585000,
        "otherExpenses": 0,
        "operatingExpenses": 143585000,
        "costAndExpenses": 1120560000,
        "interestIncome": 0,
        "interestExpense": 0,
        "depreciationAndAmortization": 11131000,
        "ebitda": 91745000,
        "ebitdaratio": 0.0755010912,
        "operatingIncome": 80614000,
        "operatingIncomeRatio": 0.0663408902,
        "totalOtherIncomeExpensesNet": -3101000,
        "incomeBeforeTax": 91487000,
        "incomeBeforeTaxRatio": 0.0752887714,
        "incomeTaxExpense": 31100000,
        "netIncome": 60387000,
        "netIncomeRatio": 0.0496951812,
        "eps": 0.82,
        "epsdiluted": 0.79,
        "weightedAverageShsOut": 74032000,
        "weightedAverageShsOutDil": 76398000,
        "link": "https://www.sec.gov/Archives/edgar/data/795266/000095014801501988/0000950148-01-501988-index.htm",
        "finalLink": "https://www.sec.gov/Archives/edgar/data/795266/000095014801501988/v76292e10-q.htm"
    },
    {
        "date": "2001-05-31",
        "symbol": "KBH",
        "reportedCurrency": "USD",
        "cik": "0000795266",
        "fillingDate": "2001-07-13",
        "acceptedDate": "2001-07-13 00:00:00",
        "calendarYear": "2001",
        "period": "Q2",
        "revenue": 1051953000,
        "costOfRevenue": 840197000,
        "grossProfit": 211756000,
        "grossProfitRatio": 0.2012979667,
        "researchAndDevelopmentExpenses": 0,
        "generalAndAdministrativeExpenses": 137902000,
        "sellingAndMarketingExpenses": 0,
        "sellingGeneralAndAdministrativeExpenses": 137902000,
        "otherExpenses": 5849000,
        "operatingExpenses": 143751000,
        "costAndExpenses": 983948000,
        "interestIncome": 0,
        "interestExpense": 0,
        "depreciationAndAmortization": 11080000,
        "ebitda": 69190000,
        "ebitdaratio": 0.0657729005,
        "operatingIncome": 58110000,
        "operatingIncomeRatio": 0.0552401105,
        "totalOtherIncomeExpensesNet": -8101000,
        "incomeBeforeTax": 59904000,
        "incomeBeforeTaxRatio": 0.0569455099,
        "incomeTaxExpense": 20400000,
        "netIncome": 39504000,
        "netIncomeRatio": 0.0375530085,
        "eps": 0.55,
        "epsdiluted": 0.54,
        "weightedAverageShsOut": 71382000,
        "weightedAverageShsOutDil": 73606000,
        "link": "https://www.sec.gov/Archives/edgar/data/795266/000095014801501215/0000950148-01-501215-index.htm",
        "finalLink": "https://www.sec.gov/Archives/edgar/data/795266/000095014801501215/v74118e10-q.txt"
    },
    {
        "date": "2001-02-28",
        "symbol": "KBH",
        "reportedCurrency": "USD",
        "cik": "0000795266",
        "fillingDate": "2001-04-13",
        "acceptedDate": "2001-04-13 00:00:00",
        "calendarYear": "2001",
        "period": "Q1",
        "revenue": 808195000,
        "costOfRevenue": 641549000,
        "grossProfit": 166646000,
        "grossProfitRatio": 0.206195287,
        "researchAndDevelopmentExpenses": 0,
        "generalAndAdministrativeExpenses": 110416000,
        "sellingAndMarketingExpenses": 0,
        "sellingGeneralAndAdministrativeExpenses": 110416000,
        "otherExpenses": 11303000,
        "operatingExpenses": 121719000,
        "costAndExpenses": 763268000,
        "interestIncome": 0,
        "interestExpense": 0,
        "depreciationAndAmortization": 11303000,
        "ebitda": 47464000,
        "ebitdaratio": 0.0587284009,
        "operatingIncome": 36161000,
        "operatingIncomeRatio": 0.0447429148,
        "totalOtherIncomeExpensesNet": -18679000,
        "incomeBeforeTax": 39118000,
        "incomeBeforeTaxRatio": 0.0484016852,
        "incomeTaxExpense": 13300000,
        "netIncome": 25818000,
        "netIncomeRatio": 0.0319452607,
        "eps": 0.37,
        "epsdiluted": 0.35,
        "weightedAverageShsOut": 69928000,
        "weightedAverageShsOutDil": 73784000,
        "link": "https://www.sec.gov/Archives/edgar/data/795266/000095014801500364/0000950148-01-500364-index.htm",
        "finalLink": "https://www.sec.gov/Archives/edgar/data/795266/000095014801500364/v71606e10-q.txt"
    },
    {
        "date": "2000-11-30",
        "symbol": "KBH",
        "reportedCurrency": "USD",
        "cik": "0000795266",
        "fillingDate": "2001-02-28",
        "acceptedDate": "2001-02-28 00:00:00",
        "calendarYear": "2000",
        "period": "Q4",
        "revenue": 1225152000,
        "costOfRevenue": 963469000,
        "grossProfit": 261683000,
        "grossProfitRatio": 0.2135922726,
        "researchAndDevelopmentExpenses": 0,
        "generalAndAdministrativeExpenses": 134898000,
        "sellingAndMarketingExpenses": 0,
        "sellingGeneralAndAdministrativeExpenses": 134898000,
        "otherExpenses": 11058000,
        "operatingExpenses": 145956000,
        "costAndExpenses": 1109425000,
        "interestIncome": 0,
        "interestExpense": 0,
        "depreciationAndAmortization": 11058000,
        "ebitda": 112426000,
        "ebitdaratio": 0.0917649402,
        "operatingIncome": 101368000,
        "operatingIncomeRatio": 0.0827391213,
        "totalOtherIncomeExpensesNet": -4620000,
        "incomeBeforeTax": 111107000,
        "incomeBeforeTaxRatio": 0.0906883391,
        "incomeTaxExpense": 37700000,
        "netIncome": 73407000,
        "netIncomeRatio": 0.0599166471,
        "eps": 1.05,
        "epsdiluted": 1.05,
        "weightedAverageShsOut": 69928000,
        "weightedAverageShsOutDil": 69928000,
        "link": "https://www.sec.gov/Archives/edgar/data/795266/000095014801000354/0000950148-01-000354-index.htm",
        "finalLink": "https://www.sec.gov/Archives/edgar/data/795266/000095014801000354/v65422e10-k405.txt"
    },
    {
        "date": "2000-08-31",
        "symbol": "KBH",
        "reportedCurrency": "USD",
        "cik": "0000795266",
        "fillingDate": "2000-10-13",
        "acceptedDate": "2000-10-13 00:00:00",
        "calendarYear": "2000",
        "period": "Q3",
        "revenue": 965374000,
        "costOfRevenue": 764468000,
        "grossProfit": 200906000,
        "grossProfitRatio": 0.2081120892,
        "researchAndDevelopmentExpenses": 0,
        "generalAndAdministrativeExpenses": 119309000,
        "sellingAndMarketingExpenses": 0,
        "sellingGeneralAndAdministrativeExpenses": 119309000,
        "otherExpenses": 10638000,
        "operatingExpenses": 129947000,
        "costAndExpenses": 894415000,
        "interestIncome": 0,
        "interestExpense": 0,
        "depreciationAndAmortization": 10638000,
        "ebitda": 70246000,
        "ebitdaratio": 0.072765581,
        "operatingIncome": 59608000,
        "operatingIncomeRatio": 0.0617460176,
        "totalOtherIncomeExpensesNet": -4520000,
        "incomeBeforeTax": 66439000,
        "incomeBeforeTaxRatio": 0.0688220317,
        "incomeTaxExpense": 21800000,
        "netIncome": 44639000,
        "netIncomeRatio": 0.0462401101,
        "eps": 0.58,
        "epsdiluted": 0.57,
        "weightedAverageShsOut": 76534000,
        "weightedAverageShsOutDil": 78436000,
        "link": "https://www.sec.gov/Archives/edgar/data/795266/000095014800002122/0000950148-00-002122-index.htm",
        "finalLink": "https://www.sec.gov/Archives/edgar/data/795266/000095014800002122/v66311e10-q.txt"
    },
    {
        "date": "2000-05-31",
        "symbol": "KBH",
        "reportedCurrency": "USD",
        "cik": "0000795266",
        "fillingDate": "2000-07-14",
        "acceptedDate": "2000-07-14 00:00:00",
        "calendarYear": "2000",
        "period": "Q2",
        "revenue": 906182000,
        "costOfRevenue": 723401000,
        "grossProfit": 182781000,
        "grossProfitRatio": 0.2017045141,
        "researchAndDevelopmentExpenses": 0,
        "generalAndAdministrativeExpenses": 114164000,
        "sellingAndMarketingExpenses": 0,
        "sellingGeneralAndAdministrativeExpenses": 114164000,
        "otherExpenses": 10204000,
        "operatingExpenses": 124368000,
        "costAndExpenses": 847769000,
        "interestIncome": 0,
        "interestExpense": 14677000,
        "depreciationAndAmortization": 10204000,
        "ebitda": 67581000,
        "ebitdaratio": 0.0745777338,
        "operatingIncome": 57377000,
        "operatingIncomeRatio": 0.0633173027,
        "totalOtherIncomeExpensesNet": -15713000,
        "incomeBeforeTax": 42700000,
        "incomeBeforeTaxRatio": 0.0471207771,
        "incomeTaxExpense": 15000000,
        "netIncome": 27700000,
        "netIncomeRatio": 0.0305678109,
        "eps": 0.35,
        "epsdiluted": 0.34,
        "weightedAverageShsOut": 79634000,
        "weightedAverageShsOutDil": 81424000,
        "link": "https://www.sec.gov/Archives/edgar/data/795266/000095014800001428/0000950148-00-001428-index.htm",
        "finalLink": "https://www.sec.gov/Archives/edgar/data/795266/000095014800001428/e10-q.txt"
    },
    {
        "date": "2000-02-29",
        "symbol": "KBH",
        "reportedCurrency": "USD",
        "cik": "0000795266",
        "fillingDate": "2000-04-14",
        "acceptedDate": "2000-04-14 00:00:00",
        "calendarYear": "2000",
        "period": "Q1",
        "revenue": 786225000,
        "costOfRevenue": 630221000,
        "grossProfit": 156004000,
        "grossProfitRatio": 0.1984215714,
        "researchAndDevelopmentExpenses": 0,
        "generalAndAdministrativeExpenses": 106803000,
        "sellingAndMarketingExpenses": 0,
        "sellingGeneralAndAdministrativeExpenses": 106803000,
        "otherExpenses": 10410000,
        "operatingExpenses": 117213000,
        "costAndExpenses": 747434000,
        "interestIncome": 0,
        "interestExpense": 0,
        "depreciationAndAmortization": 10410000,
        "ebitda": 1022000,
        "ebitdaratio": 0.0012998823,
        "operatingIncome": -9388000,
        "operatingIncomeRatio": -0.0119406022,
        "totalOtherIncomeExpensesNet": 86802000,
        "incomeBeforeTax": 77414000,
        "incomeBeforeTaxRatio": 0.0984629082,
        "incomeTaxExpense": 13200000,
        "netIncome": 64214000,
        "netIncomeRatio": 0.0816738211,
        "eps": 0.75,
        "epsdiluted": 0.73,
        "weightedAverageShsOut": 85324000,
        "weightedAverageShsOutDil": 87532000,
        "link": "https://www.sec.gov/Archives/edgar/data/795266/000095014800000744/0000950148-00-000744-index.html",
        "finalLink": "https://www.sec.gov/Archives/edgar/data/795266/000095014800000744/"
    },
    {
        "date": "1999-11-30",
        "symbol": "KBH",
        "reportedCurrency": "USD",
        "cik": "0000795266",
        "fillingDate": "2000-02-28",
        "acceptedDate": "2000-02-28 00:00:00",
        "calendarYear": "1999",
        "period": "Q4",
        "revenue": 1217000000,
        "costOfRevenue": 955900000,
        "grossProfit": 261100000,
        "grossProfitRatio": 0.2145439606,
        "researchAndDevelopmentExpenses": 0,
        "generalAndAdministrativeExpenses": 137400000,
        "sellingAndMarketingExpenses": 0,
        "sellingGeneralAndAdministrativeExpenses": 137400000,
        "otherExpenses": 10800000,
        "operatingExpenses": 148200000,
        "costAndExpenses": 1104100000,
        "interestIncome": 0,
        "interestExpense": 14000000,
        "depreciationAndAmortization": 10800000,
        "ebitda": 124100000,
        "ebitdaratio": 0.1019720624,
        "operatingIncome": 113300000,
        "operatingIncomeRatio": 0.0930977814,
        "totalOtherIncomeExpensesNet": -13600000,
        "incomeBeforeTax": 99300000,
        "incomeBeforeTaxRatio": 0.0815940838,
        "incomeTaxExpense": 34700000,
        "netIncome": 64600000,
        "netIncomeRatio": 0.0530813476,
        "eps": 0.76,
        "epsdiluted": 0.76,
        "weightedAverageShsOut": 85324000,
        "weightedAverageShsOutDil": 85324000,
        "link": "https://www.sec.gov/Archives/edgar/data/795266/000095014800000299/0000950148-00-000299-index.html",
        "finalLink": "https://www.sec.gov/Archives/edgar/data/795266/000095014800000299/"
    },
    {
        "date": "1999-08-31",
        "symbol": "KBH",
        "reportedCurrency": "USD",
        "cik": "0000795266",
        "fillingDate": "1999-10-15",
        "acceptedDate": "1999-10-15 00:00:00",
        "calendarYear": "1999",
        "period": "Q3",
        "revenue": 1052000000,
        "costOfRevenue": 825800000,
        "grossProfit": 226200000,
        "grossProfitRatio": 0.2150190114,
        "researchAndDevelopmentExpenses": 0,
        "generalAndAdministrativeExpenses": 125800000,
        "sellingAndMarketingExpenses": 0,
        "sellingGeneralAndAdministrativeExpenses": 125800000,
        "otherExpenses": 10700000,
        "operatingExpenses": 136500000,
        "costAndExpenses": 962300000,
        "interestIncome": 0,
        "interestExpense": 48500000,
        "depreciationAndAmortization": 10700000,
        "ebitda": 118000000,
        "ebitdaratio": 0.1121673004,
        "operatingIncome": 107300000,
        "operatingIncomeRatio": 0.1019961977,
        "totalOtherIncomeExpensesNet": -31000000,
        "incomeBeforeTax": 58800000,
        "incomeBeforeTaxRatio": 0.0558935361,
        "incomeTaxExpense": 20600000,
        "netIncome": 38200000,
        "netIncomeRatio": 0.0363117871,
        "eps": 0.4,
        "epsdiluted": 0.4,
        "weightedAverageShsOut": 95378000,
        "weightedAverageShsOutDil": 95378000,
        "link": "https://www.sec.gov/Archives/edgar/data/795266/000095014899002235/0000950148-99-002235-index.html",
        "finalLink": "https://www.sec.gov/Archives/edgar/data/795266/000095014899002235/"
    },
    {
        "date": "1999-05-31",
        "symbol": "KBH",
        "reportedCurrency": "USD",
        "cik": "0000795266",
        "fillingDate": "1999-07-15",
        "acceptedDate": "1999-07-15 00:00:00",
        "calendarYear": "1999",
        "period": "Q2",
        "revenue": 847500000,
        "costOfRevenue": 678400000,
        "grossProfit": 169100000,
        "grossProfitRatio": 0.1995280236,
        "researchAndDevelopmentExpenses": 0,
        "generalAndAdministrativeExpenses": 113400000,
        "sellingAndMarketingExpenses": 0,
        "sellingGeneralAndAdministrativeExpenses": 113400000,
        "otherExpenses": 10200000,
        "operatingExpenses": 123600000,
        "costAndExpenses": 802000000,
        "interestIncome": 0,
        "interestExpense": 0,
        "depreciationAndAmortization": 10200000,
        "ebitda": 39200000,
        "ebitdaratio": 0.0462536873,
        "operatingIncome": 29000000,
        "operatingIncomeRatio": 0.0342182891,
        "totalOtherIncomeExpensesNet": -16304000,
        "incomeBeforeTax": 44000000,
        "incomeBeforeTaxRatio": 0.0519174041,
        "incomeTaxExpense": 15400000,
        "netIncome": 28600000,
        "netIncomeRatio": 0.0337463127,
        "eps": 0.3,
        "epsdiluted": 0.3,
        "weightedAverageShsOut": 95826000,
        "weightedAverageShsOutDil": 95826000,
        "link": "https://www.sec.gov/Archives/edgar/data/795266/000095014899001641/0000950148-99-001641-index.html",
        "finalLink": "https://www.sec.gov/Archives/edgar/data/795266/000095014899001641/"
    },
    {
        "date": "1999-02-28",
        "symbol": "KBH",
        "reportedCurrency": "USD",
        "cik": "0000795266",
        "fillingDate": "1999-04-15",
        "acceptedDate": "1999-04-15 00:00:00",
        "calendarYear": "1999",
        "period": "Q1",
        "revenue": 682200000,
        "costOfRevenue": 551800000,
        "grossProfit": 130400000,
        "grossProfitRatio": 0.1911462914,
        "researchAndDevelopmentExpenses": 0,
        "generalAndAdministrativeExpenses": 96300000,
        "sellingAndMarketingExpenses": 0,
        "sellingGeneralAndAdministrativeExpenses": 96300000,
        "otherExpenses": 8100000,
        "operatingExpenses": 104400000,
        "costAndExpenses": 656200000,
        "interestIncome": 0,
        "interestExpense": 0,
        "depreciationAndAmortization": 8100000,
        "ebitda": 20200000,
        "ebitdaratio": 0.029610085,
        "operatingIncome": 12100000,
        "operatingIncomeRatio": 0.0177367341,
        "totalOtherIncomeExpensesNet": -1070000,
        "incomeBeforeTax": 24900000,
        "incomeBeforeTaxRatio": 0.0364995602,
        "incomeTaxExpense": 8700000,
        "netIncome": 16200000,
        "netIncomeRatio": 0.0237467018,
        "eps": 0.17,
        "epsdiluted": 0.17,
        "weightedAverageShsOut": 95800000,
        "weightedAverageShsOutDil": 95800000,
        "link": "https://www.sec.gov/Archives/edgar/data/795266/000095014899000834/0000950148-99-000834-index.html",
        "finalLink": "https://www.sec.gov/Archives/edgar/data/795266/"
    },
    {
        "date": "1998-11-30",
        "symbol": "KBH",
        "reportedCurrency": "USD",
        "cik": "0000795266",
        "fillingDate": "1999-02-26",
        "acceptedDate": "1999-02-26 00:00:00",
        "calendarYear": "1998",
        "period": "Q4",
        "revenue": 780300000,
        "costOfRevenue": 644300000,
        "grossProfit": 136000000,
        "grossProfitRatio": 0.174291939,
        "researchAndDevelopmentExpenses": 0,
        "generalAndAdministrativeExpenses": 102700000,
        "sellingAndMarketingExpenses": 0,
        "sellingGeneralAndAdministrativeExpenses": 102700000,
        "otherExpenses": 5300000,
        "operatingExpenses": 108000000,
        "costAndExpenses": 752300000,
        "interestIncome": 0,
        "interestExpense": 0,
        "depreciationAndAmortization": 5300000,
        "ebitda": -15500000,
        "ebitdaratio": -0.0198641548,
        "operatingIncome": -20800000,
        "operatingIncomeRatio": -0.0266564142,
        "totalOtherIncomeExpensesNet": 85200000,
        "incomeBeforeTax": 64400000,
        "incomeBeforeTaxRatio": 0.0825323593,
        "incomeTaxExpense": 22500000,
        "netIncome": 41900000,
        "netIncomeRatio": 0.0536972959,
        "eps": 0.44,
        "epsdiluted": 0.44,
        "weightedAverageShsOut": 95800000,
        "weightedAverageShsOutDil": 95800000,
        "link": "https://www.sec.gov/Archives/edgar/data/795266/000095014899000393/0000950148-99-000393-index.html",
        "finalLink": "https://www.sec.gov/Archives/edgar/data/795266/"
    },
    {
        "date": "1998-08-31",
        "symbol": "KBH",
        "reportedCurrency": "USD",
        "cik": "0000795266",
        "fillingDate": "1998-10-15",
        "acceptedDate": "1998-10-15 00:00:00",
        "calendarYear": "1998",
        "period": "Q3",
        "revenue": 659000000,
        "costOfRevenue": 521600000,
        "grossProfit": 137400000,
        "grossProfitRatio": 0.2084977238,
        "researchAndDevelopmentExpenses": 0,
        "generalAndAdministrativeExpenses": 80100000,
        "sellingAndMarketingExpenses": 0,
        "sellingGeneralAndAdministrativeExpenses": 80100000,
        "otherExpenses": 4600000,
        "operatingExpenses": 84700000,
        "costAndExpenses": 606300000,
        "interestIncome": 0,
        "interestExpense": 8000000,
        "depreciationAndAmortization": 4600000,
        "ebitda": 55900000,
        "ebitdaratio": 0.0848254932,
        "operatingIncome": 51300000,
        "operatingIncomeRatio": 0.07784522,
        "totalOtherIncomeExpensesNet": -9400000,
        "incomeBeforeTax": 43300000,
        "incomeBeforeTaxRatio": 0.0657056146,
        "incomeTaxExpense": 15200000,
        "netIncome": 28100000,
        "netIncomeRatio": 0.0426403642,
        "eps": 0.35,
        "epsdiluted": 0.35,
        "weightedAverageShsOut": 79806000,
        "weightedAverageShsOutDil": 79806000,
        "link": "https://www.sec.gov/Archives/edgar/data/795266/000095014898002312/0000950148-98-002312-index.html",
        "finalLink": "https://www.sec.gov/Archives/edgar/data/795266/"
    },
    {
        "date": "1998-05-31",
        "symbol": "KBH",
        "reportedCurrency": "USD",
        "cik": "0000795266",
        "fillingDate": "1998-07-15",
        "acceptedDate": "1998-07-15 00:00:00",
        "calendarYear": "1998",
        "period": "Q2",
        "revenue": 526700000,
        "costOfRevenue": 427000000,
        "grossProfit": 99700000,
        "grossProfitRatio": 0.189291817,
        "researchAndDevelopmentExpenses": 0,
        "generalAndAdministrativeExpenses": 69800000,
        "sellingAndMarketingExpenses": 0,
        "sellingGeneralAndAdministrativeExpenses": 69800000,
        "otherExpenses": 4500000,
        "operatingExpenses": 74300000,
        "costAndExpenses": 501300000,
        "interestIncome": 0,
        "interestExpense": 0,
        "depreciationAndAmortization": 4500000,
        "ebitda": 17800000,
        "ebitdaratio": 0.0337953294,
        "operatingIncome": 13300000,
        "operatingIncomeRatio": 0.0252515664,
        "totalOtherIncomeExpensesNet": 12900000,
        "incomeBeforeTax": 26200000,
        "incomeBeforeTaxRatio": 0.0497436871,
        "incomeTaxExpense": 9000000,
        "netIncome": 17200000,
        "netIncomeRatio": 0.032656161,
        "eps": 0.22,
        "epsdiluted": 0.22,
        "weightedAverageShsOut": 79708000,
        "weightedAverageShsOutDil": 79708000,
        "link": "https://www.sec.gov/Archives/edgar/data/795266/000095014898001700/0000950148-98-001700-index.html",
        "finalLink": "https://www.sec.gov/Archives/edgar/data/795266/"
    },
    {
        "date": "1998-02-28",
        "symbol": "KBH",
        "reportedCurrency": "USD",
        "cik": "0000795266",
        "fillingDate": "1998-04-15",
        "acceptedDate": "1998-04-15 00:00:00",
        "calendarYear": "1998",
        "period": "Q1",
        "revenue": 417300000,
        "costOfRevenue": 341200000,
        "grossProfit": 76100000,
        "grossProfitRatio": 0.1823628085,
        "researchAndDevelopmentExpenses": 0,
        "generalAndAdministrativeExpenses": 59500000,
        "sellingAndMarketingExpenses": 0,
        "sellingGeneralAndAdministrativeExpenses": 59500000,
        "otherExpenses": 3700000,
        "operatingExpenses": 63200000,
        "costAndExpenses": 404400000,
        "interestIncome": 0,
        "interestExpense": 0,
        "depreciationAndAmortization": 3700000,
        "ebitda": 5900000,
        "ebitdaratio": 0.0141385095,
        "operatingIncome": 2200000,
        "operatingIncomeRatio": 0.0052719866,
        "totalOtherIncomeExpensesNet": -9100000,
        "incomeBeforeTax": 12700000,
        "incomeBeforeTaxRatio": 0.0304337407,
        "incomeTaxExpense": 4600000,
        "netIncome": 8100000,
        "netIncomeRatio": 0.019410496,
        "eps": 0.1,
        "epsdiluted": 0.1,
        "weightedAverageShsOut": 78458000,
        "weightedAverageShsOutDil": 78458000,
        "link": "https://www.sec.gov/Archives/edgar/data/795266/000095014898000929/0000950148-98-000929-index.html",
        "finalLink": "https://www.sec.gov/Archives/edgar/data/795266/"
    },
    {
        "date": "1997-11-30",
        "symbol": "KBH",
        "reportedCurrency": "USD",
        "cik": "0000795266",
        "fillingDate": "1998-02-27",
        "acceptedDate": "1998-02-27 00:00:00",
        "calendarYear": "1997",
        "period": "Q4",
        "revenue": 636300000,
        "costOfRevenue": 514100000,
        "grossProfit": 122200000,
        "grossProfitRatio": 0.1920477762,
        "researchAndDevelopmentExpenses": 0,
        "generalAndAdministrativeExpenses": 76100000,
        "sellingAndMarketingExpenses": 0,
        "sellingGeneralAndAdministrativeExpenses": 76100000,
        "otherExpenses": 4200000,
        "operatingExpenses": 80300000,
        "costAndExpenses": 594400000,
        "interestIncome": 0,
        "interestExpense": 0,
        "depreciationAndAmortization": 4200000,
        "ebitda": 33700000,
        "ebitdaratio": 0.0529624391,
        "operatingIncome": 29500000,
        "operatingIncomeRatio": 0.046361779,
        "totalOtherIncomeExpensesNet": 14100000,
        "incomeBeforeTax": 43600000,
        "incomeBeforeTaxRatio": 0.0685211378,
        "incomeTaxExpense": 15700000,
        "netIncome": 27900000,
        "netIncomeRatio": 0.0438472419,
        "eps": 0.36,
        "epsdiluted": 0.36,
        "weightedAverageShsOut": 77994000,
        "weightedAverageShsOutDil": 78458000,
        "link": "https://www.sec.gov/Archives/edgar/data/795266/000095014898000407/0000950148-98-000407-index.html",
        "finalLink": "https://www.sec.gov/Archives/edgar/data/795266/"
    },
    {
        "date": "1997-08-31",
        "symbol": "KBH",
        "reportedCurrency": "USD",
        "cik": "0000795266",
        "fillingDate": "1997-10-15",
        "acceptedDate": "1997-10-15 00:00:00",
        "calendarYear": "1997",
        "period": "Q3",
        "revenue": 460600000,
        "costOfRevenue": 376800000,
        "grossProfit": 83800000,
        "grossProfitRatio": 0.1819366044,
        "researchAndDevelopmentExpenses": 0,
        "generalAndAdministrativeExpenses": 56400000,
        "sellingAndMarketingExpenses": 0,
        "sellingGeneralAndAdministrativeExpenses": 56400000,
        "otherExpenses": 3200000,
        "operatingExpenses": 59600000,
        "costAndExpenses": 436400000,
        "interestIncome": 0,
        "interestExpense": 0,
        "depreciationAndAmortization": 3200000,
        "ebitda": 18400000,
        "ebitdaratio": 0.0399478941,
        "operatingIncome": 15200000,
        "operatingIncomeRatio": 0.0330004342,
        "totalOtherIncomeExpensesNet": -8600000,
        "incomeBeforeTax": 23800000,
        "incomeBeforeTaxRatio": 0.0516717325,
        "incomeTaxExpense": 8600000,
        "netIncome": 15200000,
        "netIncomeRatio": 0.0330004342,
        "eps": 0.2,
        "epsdiluted": 0.2,
        "weightedAverageShsOut": 77928000,
        "weightedAverageShsOutDil": 77928000,
        "link": "https://www.sec.gov/Archives/edgar/data/795266/000095014897002563/0000950148-97-002563-index.html",
        "finalLink": "https://www.sec.gov/Archives/edgar/data/795266/"
    },
    {
        "date": "1997-05-31",
        "symbol": "KBH",
        "reportedCurrency": "USD",
        "cik": "0000795266",
        "fillingDate": "1997-07-15",
        "acceptedDate": "1997-07-15 00:00:00",
        "calendarYear": "1997",
        "period": "Q2",
        "revenue": 407000000,
        "costOfRevenue": 331400000,
        "grossProfit": 75600000,
        "grossProfitRatio": 0.1857493857,
        "researchAndDevelopmentExpenses": 0,
        "generalAndAdministrativeExpenses": 52600000,
        "sellingAndMarketingExpenses": 0,
        "sellingGeneralAndAdministrativeExpenses": 52600000,
        "otherExpenses": 3500000,
        "operatingExpenses": 56100000,
        "costAndExpenses": 387500000,
        "interestIncome": 0,
        "interestExpense": 0,
        "depreciationAndAmortization": 3500000,
        "ebitda": 14700000,
        "ebitdaratio": 0.0361179361,
        "operatingIncome": 11200000,
        "operatingIncomeRatio": 0.0275184275,
        "totalOtherIncomeExpensesNet": -2800000,
        "incomeBeforeTax": 16700000,
        "incomeBeforeTaxRatio": 0.041031941,
        "incomeTaxExpense": 6000000,
        "netIncome": 10700000,
        "netIncomeRatio": 0.0262899263,
        "eps": 0.14,
        "epsdiluted": 0.14,
        "weightedAverageShsOut": 77700000,
        "weightedAverageShsOutDil": 77700000,
        "link": "https://www.sec.gov/Archives/edgar/data/795266/000095014897001815/0000950148-97-001815-index.html",
        "finalLink": "https://www.sec.gov/Archives/edgar/data/795266/"
    },
    {
        "date": "1997-02-28",
        "symbol": "KBH",
        "reportedCurrency": "USD",
        "cik": "0000795266",
        "fillingDate": "1997-04-11",
        "acceptedDate": "1997-04-11 00:00:00",
        "calendarYear": "1997",
        "period": "Q1",
        "revenue": 339600000,
        "costOfRevenue": 276300000,
        "grossProfit": 63300000,
        "grossProfitRatio": 0.1863957597,
        "researchAndDevelopmentExpenses": 0,
        "generalAndAdministrativeExpenses": 49300000,
        "sellingAndMarketingExpenses": 0,
        "sellingGeneralAndAdministrativeExpenses": 49300000,
        "otherExpenses": 3300000,
        "operatingExpenses": 52600000,
        "costAndExpenses": 328900000,
        "interestIncome": 0,
        "interestExpense": 0,
        "depreciationAndAmortization": 3300000,
        "ebitda": 6200000,
        "ebitdaratio": 0.0182567727,
        "operatingIncome": 2900000,
        "operatingIncomeRatio": 0.0085394582,
        "totalOtherIncomeExpensesNet": -3800000,
        "incomeBeforeTax": 6900000,
        "incomeBeforeTaxRatio": 0.0203180212,
        "incomeTaxExpense": 2500000,
        "netIncome": 4400000,
        "netIncomeRatio": 0.0129564193,
        "eps": 0.0567,
        "epsdiluted": 0.0567,
        "weightedAverageShsOut": 77660000,
        "weightedAverageShsOutDil": 77660000,
        "link": "https://www.sec.gov/Archives/edgar/data/795266/000095014897000910/0000950148-97-000910-index.html",
        "finalLink": "https://www.sec.gov/Archives/edgar/data/795266/"
    },
    {
        "date": "1996-11-30",
        "symbol": "KBH",
        "reportedCurrency": "USD",
        "cik": "0000795266",
        "fillingDate": "1997-02-28",
        "acceptedDate": "1997-02-28 00:00:00",
        "calendarYear": "1996",
        "period": "Q4",
        "revenue": 511700000,
        "costOfRevenue": 411000000,
        "grossProfit": 100700000,
        "grossProfitRatio": 0.1967949971,
        "researchAndDevelopmentExpenses": 0,
        "generalAndAdministrativeExpenses": 63600000,
        "sellingAndMarketingExpenses": 0,
        "sellingGeneralAndAdministrativeExpenses": 63600000,
        "otherExpenses": 3300000,
        "operatingExpenses": 66900000,
        "costAndExpenses": 477900000,
        "interestIncome": 0,
        "interestExpense": 0,
        "depreciationAndAmortization": 3300000,
        "ebitda": 27600000,
        "ebitdaratio": 0.0539378542,
        "operatingIncome": 24300000,
        "operatingIncomeRatio": 0.0474887629,
        "totalOtherIncomeExpensesNet": -2700000,
        "incomeBeforeTax": 31100000,
        "incomeBeforeTaxRatio": 0.0607777995,
        "incomeTaxExpense": 11200000,
        "netIncome": 19900000,
        "netIncomeRatio": 0.0388899746,
        "eps": 0.26,
        "epsdiluted": 0.26,
        "weightedAverageShsOut": 77656000,
        "weightedAverageShsOutDil": 77660000,
        "link": "https://www.sec.gov/Archives/edgar/data/795266/000095014897000496/0000950148-97-000496-index.html",
        "finalLink": "https://www.sec.gov/Archives/edgar/data/795266/"
    },
    {
        "date": "1996-08-31",
        "symbol": "KBH",
        "reportedCurrency": "USD",
        "cik": "0000795266",
        "fillingDate": "1996-10-15",
        "acceptedDate": "1996-10-15 00:00:00",
        "calendarYear": "1996",
        "period": "Q3",
        "revenue": 472800000,
        "costOfRevenue": 385000000,
        "grossProfit": 87800000,
        "grossProfitRatio": 0.1857021997,
        "researchAndDevelopmentExpenses": 0,
        "generalAndAdministrativeExpenses": 60300000,
        "sellingAndMarketingExpenses": 0,
        "sellingGeneralAndAdministrativeExpenses": 60300000,
        "otherExpenses": 3500000,
        "operatingExpenses": 63800000,
        "costAndExpenses": 448800000,
        "interestIncome": 0,
        "interestExpense": 0,
        "depreciationAndAmortization": 3500000,
        "ebitda": 18400000,
        "ebitdaratio": 0.0389170897,
        "operatingIncome": 14900000,
        "operatingIncomeRatio": 0.0315143824,
        "totalOtherIncomeExpensesNet": -3300000,
        "incomeBeforeTax": 20700000,
        "incomeBeforeTaxRatio": 0.0437817259,
        "incomeTaxExpense": 7400000,
        "netIncome": 13300000,
        "netIncomeRatio": 0.0281302876,
        "eps": 0.17,
        "epsdiluted": 0.17,
        "weightedAverageShsOut": 77746000,
        "weightedAverageShsOutDil": 77746000,
        "link": "https://www.sec.gov/Archives/edgar/data/795266/000095014896002249/0000950148-96-002249-index.html",
        "finalLink": "https://www.sec.gov/Archives/edgar/data/795266/"
    },
    {
        "date": "1996-05-31",
        "symbol": "KBH",
        "reportedCurrency": "USD",
        "cik": "0000795266",
        "fillingDate": "1996-07-15",
        "acceptedDate": "1996-07-15 00:00:00",
        "calendarYear": "1996",
        "period": "Q2",
        "revenue": 473800000,
        "costOfRevenue": 385100000,
        "grossProfit": 88700000,
        "grossProfitRatio": 0.1872097932,
        "researchAndDevelopmentExpenses": 0,
        "generalAndAdministrativeExpenses": 62100000,
        "sellingAndMarketingExpenses": 0,
        "sellingGeneralAndAdministrativeExpenses": 62100000,
        "otherExpenses": 3300000,
        "operatingExpenses": 65400000,
        "costAndExpenses": 450500000,
        "interestIncome": 0,
        "interestExpense": 340100000,
        "depreciationAndAmortization": 3300000,
        "ebitda": 189500000,
        "ebitdaratio": 0.3999577881,
        "operatingIncome": 186200000,
        "operatingIncomeRatio": 0.392992824,
        "totalOtherIncomeExpensesNet": -177200000,
        "incomeBeforeTax": -153900000,
        "incomeBeforeTaxRatio": -0.3248205994,
        "incomeTaxExpense": -55400000,
        "netIncome": -98500000,
        "netIncomeRatio": -0.207893626,
        "eps": -1.27,
        "epsdiluted": -1.27,
        "weightedAverageShsOut": 77714000,
        "weightedAverageShsOutDil": 77714000,
        "link": "https://www.sec.gov/Archives/edgar/data/795266/000095014896001418/0000950148-96-001418-index.html",
        "finalLink": "https://www.sec.gov/Archives/edgar/data/795266/"
    },
    {
        "date": "1996-02-29",
        "symbol": "KBH",
        "reportedCurrency": "USD",
        "cik": "0000795266",
        "fillingDate": "1996-04-12",
        "acceptedDate": "1996-04-12 00:00:00",
        "calendarYear": "1996",
        "period": "Q1",
        "revenue": 295800000,
        "costOfRevenue": 241800000,
        "grossProfit": 54000000,
        "grossProfitRatio": 0.1825557809,
        "researchAndDevelopmentExpenses": 0,
        "generalAndAdministrativeExpenses": 41000000,
        "sellingAndMarketingExpenses": 0,
        "sellingGeneralAndAdministrativeExpenses": 41000000,
        "otherExpenses": 2200000,
        "operatingExpenses": 43200000,
        "costAndExpenses": 285000000,
        "interestIncome": 0,
        "interestExpense": 0,
        "depreciationAndAmortization": 2200000,
        "ebitda": 5800000,
        "ebitdaratio": 0.0196078431,
        "operatingIncome": 3600000,
        "operatingIncomeRatio": 0.0121703854,
        "totalOtherIncomeExpensesNet": -4400000,
        "incomeBeforeTax": 6400000,
        "incomeBeforeTaxRatio": 0.0216362407,
        "incomeTaxExpense": 2300000,
        "netIncome": 4100000,
        "netIncomeRatio": 0.0138607167,
        "eps": 0.0634,
        "epsdiluted": 0.0634,
        "weightedAverageShsOut": 64714000,
        "weightedAverageShsOutDil": 64714000,
        "link": "https://www.sec.gov/Archives/edgar/data/795266/000095014896000599/0000950148-96-000599-index.html",
        "finalLink": "https://www.sec.gov/Archives/edgar/data/795266/"
    },
    {
        "date": "1995-11-30",
        "symbol": "KBH",
        "reportedCurrency": "USD",
        "cik": "0000795266",
        "fillingDate": "1996-02-23",
        "acceptedDate": "1996-02-23 00:00:00",
        "calendarYear": "1995",
        "period": "Q4",
        "revenue": 449300000,
        "costOfRevenue": 374900000,
        "grossProfit": 74400000,
        "grossProfitRatio": 0.1655909192,
        "researchAndDevelopmentExpenses": 0,
        "generalAndAdministrativeExpenses": 61500000,
        "sellingAndMarketingExpenses": 0,
        "sellingGeneralAndAdministrativeExpenses": 61500000,
        "otherExpenses": 2200000,
        "operatingExpenses": 63700000,
        "costAndExpenses": 438600000,
        "interestIncome": 0,
        "interestExpense": 0,
        "depreciationAndAmortization": 2200000,
        "ebitda": -15100000,
        "ebitdaratio": -0.0336078344,
        "operatingIncome": -17300000,
        "operatingIncomeRatio": -0.0385043401,
        "totalOtherIncomeExpensesNet": 45200000,
        "incomeBeforeTax": 27900000,
        "incomeBeforeTaxRatio": 0.0620965947,
        "incomeTaxExpense": 9900000,
        "netIncome": 18000000,
        "netIncomeRatio": 0.0400623192,
        "eps": 0.28,
        "epsdiluted": 0.28,
        "weightedAverageShsOut": 64694000,
        "weightedAverageShsOutDil": 64714000,
        "link": "https://www.sec.gov/Archives/edgar/data/795266/000095014896000247/0000950148-96-000247-index.html",
        "finalLink": "https://www.sec.gov/Archives/edgar/data/795266/"
    },
    {
        "date": "1995-08-31",
        "symbol": "KBH",
        "reportedCurrency": "USD",
        "cik": "0000795266",
        "fillingDate": "1995-10-13",
        "acceptedDate": "1995-10-13 00:00:00",
        "calendarYear": "1995",
        "period": "Q3",
        "revenue": 372300000,
        "costOfRevenue": 297600000,
        "grossProfit": 74700000,
        "grossProfitRatio": 0.2006446414,
        "researchAndDevelopmentExpenses": 0,
        "generalAndAdministrativeExpenses": 49800000,
        "sellingAndMarketingExpenses": 0,
        "sellingGeneralAndAdministrativeExpenses": 49800000,
        "otherExpenses": 2100000,
        "operatingExpenses": 51900000,
        "costAndExpenses": 349500000,
        "interestIncome": 0,
        "interestExpense": 12600000,
        "depreciationAndAmortization": 2000000,
        "ebitda": 24900000,
        "ebitdaratio": 0.0668815471,
        "operatingIncome": 23500000,
        "operatingIncomeRatio": 0.0631211389,
        "totalOtherIncomeExpensesNet": -11900000,
        "incomeBeforeTax": 10900000,
        "incomeBeforeTaxRatio": 0.0292774644,
        "incomeTaxExpense": 4000000,
        "netIncome": 6900000,
        "netIncomeRatio": 0.0185334408,
        "eps": 0.11,
        "epsdiluted": 0.11,
        "weightedAverageShsOut": 64782000,
        "weightedAverageShsOutDil": 64782000,
        "link": "https://www.sec.gov/Archives/edgar/data/795266/000095014895000654/0000950148-95-000654-index.html",
        "finalLink": "https://www.sec.gov/Archives/edgar/data/795266/"
    },
    {
        "date": "1995-05-31",
        "symbol": "KBH",
        "reportedCurrency": "USD",
        "cik": "0000795266",
        "fillingDate": "1995-07-14",
        "acceptedDate": "1995-07-14 00:00:00",
        "calendarYear": "1995",
        "period": "Q2",
        "revenue": 315500000,
        "costOfRevenue": 253500000,
        "grossProfit": 62000000,
        "grossProfitRatio": 0.1965134707,
        "researchAndDevelopmentExpenses": 0,
        "generalAndAdministrativeExpenses": 43500000,
        "sellingAndMarketingExpenses": 0,
        "sellingGeneralAndAdministrativeExpenses": 43500000,
        "otherExpenses": 1900000,
        "operatingExpenses": 45400000,
        "costAndExpenses": 298900000,
        "interestIncome": 0,
        "interestExpense": 10000000,
        "depreciationAndAmortization": 2000000,
        "ebitda": 18100000,
        "ebitdaratio": 0.0573692552,
        "operatingIncome": 16100000,
        "operatingIncomeRatio": 0.0510301109,
        "totalOtherIncomeExpensesNet": -10500000,
        "incomeBeforeTax": 6100000,
        "incomeBeforeTaxRatio": 0.0193343899,
        "incomeTaxExpense": 2300000,
        "netIncome": 3800000,
        "netIncomeRatio": 0.012044374,
        "eps": 0.0587,
        "epsdiluted": 0.0587,
        "weightedAverageShsOut": 64776000,
        "weightedAverageShsOutDil": 64776000,
        "link": "https://www.sec.gov/Archives/edgar/data/795266/000095014895000396/0000950148-95-000396-index.html",
        "finalLink": "https://www.sec.gov/Archives/edgar/data/795266/"
    },
    {
        "date": "1995-02-28",
        "symbol": "KBH",
        "reportedCurrency": "USD",
        "cik": "0000795266",
        "fillingDate": "1995-04-14",
        "acceptedDate": "1995-04-14 00:00:00",
        "calendarYear": "1995",
        "period": "Q1",
        "revenue": 229800000,
        "costOfRevenue": 185400000,
        "grossProfit": 44400000,
        "grossProfitRatio": 0.1932114883,
        "researchAndDevelopmentExpenses": 0,
        "generalAndAdministrativeExpenses": 32800000,
        "sellingAndMarketingExpenses": 0,
        "sellingGeneralAndAdministrativeExpenses": 32800000,
        "otherExpenses": 1800000,
        "operatingExpenses": 34600000,
        "costAndExpenses": 220000000,
        "interestIncome": 0,
        "interestExpense": 8600000,
        "depreciationAndAmortization": 1800000,
        "ebitda": 11100000,
        "ebitdaratio": 0.0483028721,
        "operatingIncome": 9300000,
        "operatingIncomeRatio": 0.0404699739,
        "totalOtherIncomeExpensesNet": -9100000,
        "incomeBeforeTax": 700000,
        "incomeBeforeTaxRatio": 0.0030461271,
        "incomeTaxExpense": 300000,
        "netIncome": 400000,
        "netIncomeRatio": 0.001740644,
        "eps": 0.0062,
        "epsdiluted": 0.0062,
        "weightedAverageShsOut": 64764000,
        "weightedAverageShsOutDil": 64764000,
        "link": "https://www.sec.gov/Archives/edgar/data/795266/000095014895000174/0000950148-95-000174-index.html",
        "finalLink": "https://www.sec.gov/Archives/edgar/data/795266/"
    },
    {
        "date": "1994-11-30",
        "symbol": "KBH",
        "reportedCurrency": "USD",
        "cik": "0000795266",
        "fillingDate": "1995-02-28",
        "acceptedDate": "1995-02-28 00:00:00",
        "calendarYear": "1994",
        "period": "Q4",
        "revenue": 375800000,
        "costOfRevenue": 312800000,
        "grossProfit": 63000000,
        "grossProfitRatio": 0.167642363,
        "researchAndDevelopmentExpenses": 0,
        "generalAndAdministrativeExpenses": 55700000,
        "sellingAndMarketingExpenses": 0,
        "sellingGeneralAndAdministrativeExpenses": 55700000,
        "otherExpenses": 1600000,
        "operatingExpenses": 57300000,
        "costAndExpenses": 370100000,
        "interestIncome": 0,
        "interestExpense": 0,
        "depreciationAndAmortization": 1600000,
        "ebitda": -18300000,
        "ebitdaratio": -0.048696115,
        "operatingIncome": -19900000,
        "operatingIncomeRatio": -0.0529536988,
        "totalOtherIncomeExpensesNet": 44800000,
        "incomeBeforeTax": 24900000,
        "incomeBeforeTaxRatio": 0.0662586482,
        "incomeTaxExpense": 9200000,
        "netIncome": 15700000,
        "netIncomeRatio": 0.0417775412,
        "eps": 0.24,
        "epsdiluted": 0.24,
        "weightedAverageShsOut": 64756000,
        "weightedAverageShsOutDil": 64764000,
        "link": "https://www.sec.gov/Archives/edgar/data/795266/000095014895000095/0000950148-95-000095-index.html",
        "finalLink": "https://www.sec.gov/Archives/edgar/data/795266/"
    },
    {
        "date": "1994-08-31",
        "symbol": "KBH",
        "reportedCurrency": "USD",
        "cik": "0000795266",
        "fillingDate": "1994-08-31",
        "acceptedDate": "1994-08-31 00:00:00",
        "calendarYear": "1994",
        "period": "Q3",
        "revenue": 348900000,
        "costOfRevenue": 275300000,
        "grossProfit": 73600000,
        "grossProfitRatio": 0.2109486959,
        "researchAndDevelopmentExpenses": 0,
        "generalAndAdministrativeExpenses": 45200000,
        "sellingAndMarketingExpenses": 0,
        "sellingGeneralAndAdministrativeExpenses": 45200000,
        "otherExpenses": 1300000,
        "operatingExpenses": 46500000,
        "costAndExpenses": 321800000,
        "interestIncome": 0,
        "interestExpense": 9600000,
        "depreciationAndAmortization": 1500000,
        "ebitda": 28200000,
        "ebitdaratio": 0.0808254514,
        "operatingIncome": 26700000,
        "operatingIncomeRatio": 0.0765262253,
        "totalOtherIncomeExpensesNet": -10000000,
        "incomeBeforeTax": 17100000,
        "incomeBeforeTaxRatio": 0.049011178,
        "incomeTaxExpense": 6300000,
        "netIncome": 10800000,
        "netIncomeRatio": 0.0309544282,
        "eps": 0.17,
        "epsdiluted": 0.17,
        "weightedAverageShsOut": 64676000,
        "weightedAverageShsOutDil": 64676000,
        "link": null,
        "finalLink": null
    },
    {
        "date": "1994-05-31",
        "symbol": "KBH",
        "reportedCurrency": "USD",
        "cik": "0000795266",
        "fillingDate": "1994-05-31",
        "acceptedDate": "1994-05-31 00:00:00",
        "calendarYear": "1994",
        "period": "Q2",
        "revenue": 326000000,
        "costOfRevenue": 255700000,
        "grossProfit": 70300000,
        "grossProfitRatio": 0.2156441718,
        "researchAndDevelopmentExpenses": 0,
        "generalAndAdministrativeExpenses": 41800000,
        "sellingAndMarketingExpenses": 0,
        "sellingGeneralAndAdministrativeExpenses": 41800000,
        "otherExpenses": 1300000,
        "operatingExpenses": 43100000,
        "costAndExpenses": 298800000,
        "interestIncome": 0,
        "interestExpense": 9000000,
        "depreciationAndAmortization": 1300000,
        "ebitda": 28100000,
        "ebitdaratio": 0.086196319,
        "operatingIncome": 26800000,
        "operatingIncomeRatio": 0.082208589,
        "totalOtherIncomeExpensesNet": -9400000,
        "incomeBeforeTax": 17800000,
        "incomeBeforeTaxRatio": 0.054601227,
        "incomeTaxExpense": 6600000,
        "netIncome": 11200000,
        "netIncomeRatio": 0.0343558282,
        "eps": 0.17,
        "epsdiluted": 0.17,
        "weightedAverageShsOut": 64674000,
        "weightedAverageShsOutDil": 64674000,
        "link": null,
        "finalLink": null
    },
    {
        "date": "1994-02-28",
        "symbol": "KBH",
        "reportedCurrency": "USD",
        "cik": "0000795266",
        "fillingDate": "1994-02-28",
        "acceptedDate": "1994-02-28 00:00:00",
        "calendarYear": "1994",
        "period": "Q1",
        "revenue": 256900000,
        "costOfRevenue": 199000000,
        "grossProfit": 57900000,
        "grossProfitRatio": 0.2253795251,
        "researchAndDevelopmentExpenses": 0,
        "generalAndAdministrativeExpenses": 33800000,
        "sellingAndMarketingExpenses": 0,
        "sellingGeneralAndAdministrativeExpenses": 33800000,
        "otherExpenses": 1300000,
        "operatingExpenses": 35100000,
        "costAndExpenses": 234100000,
        "interestIncome": 0,
        "interestExpense": 8000000,
        "depreciationAndAmortization": 1300000,
        "ebitda": 23400000,
        "ebitdaratio": 0.0910860257,
        "operatingIncome": 22100000,
        "operatingIncomeRatio": 0.0860256909,
        "totalOtherIncomeExpensesNet": -8700000,
        "incomeBeforeTax": 14100000,
        "incomeBeforeTaxRatio": 0.0548851693,
        "incomeTaxExpense": 5200000,
        "netIncome": 8900000,
        "netIncomeRatio": 0.0346438303,
        "eps": 0.11,
        "epsdiluted": 0.11,
        "weightedAverageShsOut": 80746000,
        "weightedAverageShsOutDil": 80746000,
        "link": null,
        "finalLink": null
    },
    {
        "date": "1993-11-30",
        "symbol": "KBH",
        "reportedCurrency": "USD",
        "cik": "0000795266",
        "fillingDate": "1993-11-30",
        "acceptedDate": "1993-11-30 00:00:00",
        "calendarYear": "1993",
        "period": "Q4",
        "revenue": 373100000,
        "costOfRevenue": 290300000,
        "grossProfit": 82800000,
        "grossProfitRatio": 0.221924417,
        "researchAndDevelopmentExpenses": 0,
        "generalAndAdministrativeExpenses": 49800000,
        "sellingAndMarketingExpenses": 0,
        "sellingGeneralAndAdministrativeExpenses": 49800000,
        "otherExpenses": 1700000,
        "operatingExpenses": 51500000,
        "costAndExpenses": 341800000,
        "interestIncome": 0,
        "interestExpense": 12500000,
        "depreciationAndAmortization": 1700000,
        "ebitda": 38400000,
        "ebitdaratio": 0.1029214688,
        "operatingIncome": 36700000,
        "operatingIncomeRatio": 0.0983650496,
        "totalOtherIncomeExpensesNet": -7100000,
        "incomeBeforeTax": 24200000,
        "incomeBeforeTaxRatio": 0.0648619673,
        "incomeTaxExpense": 9200000,
        "netIncome": 15000000,
        "netIncomeRatio": 0.0402036987,
        "eps": 0.22,
        "epsdiluted": 0.22,
        "weightedAverageShsOut": 69448000,
        "weightedAverageShsOutDil": 69628000,
        "link": null,
        "finalLink": null
    },
    {
        "date": "1993-08-31",
        "symbol": "KBH",
        "reportedCurrency": "USD",
        "cik": "0000795266",
        "fillingDate": "1993-08-31",
        "acceptedDate": "1993-08-31 00:00:00",
        "calendarYear": "1993",
        "period": "Q3",
        "revenue": 319900000,
        "costOfRevenue": 250700000,
        "grossProfit": 69200000,
        "grossProfitRatio": 0.2163175992,
        "researchAndDevelopmentExpenses": 0,
        "generalAndAdministrativeExpenses": 33800000,
        "sellingAndMarketingExpenses": 0,
        "sellingGeneralAndAdministrativeExpenses": 33800000,
        "otherExpenses": 1800000,
        "operatingExpenses": 35600000,
        "costAndExpenses": 286300000,
        "interestIncome": 0,
        "interestExpense": 14200000,
        "depreciationAndAmortization": 1800000,
        "ebitda": 34500000,
        "ebitdaratio": 0.1078462019,
        "operatingIncome": 32700000,
        "operatingIncomeRatio": 0.1022194436,
        "totalOtherIncomeExpensesNet": -15100000,
        "incomeBeforeTax": 18500000,
        "incomeBeforeTaxRatio": 0.0578305721,
        "incomeTaxExpense": 7000000,
        "netIncome": 11500000,
        "netIncomeRatio": 0.035948734,
        "eps": 0.17,
        "epsdiluted": 0.17,
        "weightedAverageShsOut": 69628000,
        "weightedAverageShsOutDil": 69628000,
        "link": null,
        "finalLink": null
    },
    {
        "date": "1993-05-31",
        "symbol": "KBH",
        "reportedCurrency": "USD",
        "cik": "0000795266",
        "fillingDate": "1993-05-31",
        "acceptedDate": "1993-05-31 00:00:00",
        "calendarYear": "1993",
        "period": "Q2",
        "revenue": 320000000,
        "costOfRevenue": 245500000,
        "grossProfit": 74500000,
        "grossProfitRatio": 0.2328125,
        "researchAndDevelopmentExpenses": 0,
        "generalAndAdministrativeExpenses": 38700000,
        "sellingAndMarketingExpenses": 0,
        "sellingGeneralAndAdministrativeExpenses": 38700000,
        "otherExpenses": 4500000,
        "operatingExpenses": 43200000,
        "costAndExpenses": 288700000,
        "interestIncome": 0,
        "interestExpense": 17500000,
        "depreciationAndAmortization": 4500000,
        "ebitda": 36600000,
        "ebitdaratio": 0.114375,
        "operatingIncome": 32100000,
        "operatingIncomeRatio": 0.1003125,
        "totalOtherIncomeExpensesNet": -16700000,
        "incomeBeforeTax": 14600000,
        "incomeBeforeTaxRatio": 0.045625,
        "incomeTaxExpense": 5500000,
        "netIncome": 9100000,
        "netIncomeRatio": 0.0284375,
        "eps": 0.13,
        "epsdiluted": 0.13,
        "weightedAverageShsOut": 69424000,
        "weightedAverageShsOutDil": 69424000,
        "link": null,
        "finalLink": null
    },
    {
        "date": "1993-02-28",
        "symbol": "KBH",
        "reportedCurrency": "USD",
        "cik": "0000795266",
        "fillingDate": "1993-02-28",
        "acceptedDate": "1993-02-28 00:00:00",
        "calendarYear": "1993",
        "period": "Q1",
        "revenue": 224900000,
        "costOfRevenue": 171800000,
        "grossProfit": 53100000,
        "grossProfitRatio": 0.2361049355,
        "researchAndDevelopmentExpenses": 0,
        "generalAndAdministrativeExpenses": 28100000,
        "sellingAndMarketingExpenses": 0,
        "sellingGeneralAndAdministrativeExpenses": 28100000,
        "otherExpenses": 4300000,
        "operatingExpenses": 32400000,
        "costAndExpenses": 204200000,
        "interestIncome": 0,
        "interestExpense": 13700000,
        "depreciationAndAmortization": 4300000,
        "ebitda": 25100000,
        "ebitdaratio": 0.1116051578,
        "operatingIncome": 20800000,
        "operatingIncomeRatio": 0.0924855491,
        "totalOtherIncomeExpensesNet": -13600000,
        "incomeBeforeTax": 7100000,
        "incomeBeforeTaxRatio": 0.0315695865,
        "incomeTaxExpense": 2700000,
        "netIncome": 4400000,
        "netIncomeRatio": 0.0195642508,
        "eps": 0.0635,
        "epsdiluted": 0.0635,
        "weightedAverageShsOut": 69324000,
        "weightedAverageShsOutDil": 69324000,
        "link": null,
        "finalLink": null
    },
    {
        "date": "1992-11-30",
        "symbol": "KBH",
        "reportedCurrency": "USD",
        "cik": "0000795266",
        "fillingDate": "1992-11-30",
        "acceptedDate": "1992-11-30 00:00:00",
        "calendarYear": "1992",
        "period": "Q4",
        "revenue": 384600000,
        "costOfRevenue": 288400000,
        "grossProfit": 96200000,
        "grossProfitRatio": 0.2501300052,
        "researchAndDevelopmentExpenses": 0,
        "generalAndAdministrativeExpenses": 41400000,
        "sellingAndMarketingExpenses": 0,
        "sellingGeneralAndAdministrativeExpenses": 41400000,
        "otherExpenses": 16100000,
        "operatingExpenses": 57500000,
        "costAndExpenses": 345900000,
        "interestIncome": 0,
        "interestExpense": 12400000,
        "depreciationAndAmortization": 16100000,
        "ebitda": 52600000,
        "ebitdaratio": 0.1367654706,
        "operatingIncome": 36500000,
        "operatingIncomeRatio": 0.0949037962,
        "totalOtherIncomeExpensesNet": -14600000,
        "incomeBeforeTax": 24100000,
        "incomeBeforeTaxRatio": 0.0626625065,
        "incomeTaxExpense": 9200000,
        "netIncome": 14900000,
        "netIncomeRatio": 0.0387415497,
        "eps": 0.22,
        "epsdiluted": 0.22,
        "weightedAverageShsOut": 69210000,
        "weightedAverageShsOutDil": 69210000,
        "link": null,
        "finalLink": null
    },
    {
        "date": "1992-08-31",
        "symbol": "KBH",
        "reportedCurrency": "USD",
        "cik": "0000795266",
        "fillingDate": "1992-08-31",
        "acceptedDate": "1992-08-31 00:00:00",
        "calendarYear": "1992",
        "period": "Q3",
        "revenue": 290300000,
        "costOfRevenue": 233900000,
        "grossProfit": 56400000,
        "grossProfitRatio": 0.1942817775,
        "researchAndDevelopmentExpenses": 0,
        "generalAndAdministrativeExpenses": 33500000,
        "sellingAndMarketingExpenses": 0,
        "sellingGeneralAndAdministrativeExpenses": 33500000,
        "otherExpenses": 900000,
        "operatingExpenses": 34400000,
        "costAndExpenses": 268300000,
        "interestIncome": 0,
        "interestExpense": 10300000,
        "depreciationAndAmortization": 900000,
        "ebitda": 20600000,
        "ebitdaratio": 0.0709610748,
        "operatingIncome": 19700000,
        "operatingIncomeRatio": 0.0678608336,
        "totalOtherIncomeExpensesNet": -12600000,
        "incomeBeforeTax": 9400000,
        "incomeBeforeTaxRatio": 0.0323802962,
        "incomeTaxExpense": 3500000,
        "netIncome": 5900000,
        "netIncomeRatio": 0.020323803,
        "eps": 0.0852,
        "epsdiluted": 0.0852,
        "weightedAverageShsOut": 69210000,
        "weightedAverageShsOutDil": 69210000,
        "link": null,
        "finalLink": null
    },
    {
        "date": "1992-05-31",
        "symbol": "KBH",
        "reportedCurrency": "USD",
        "cik": "0000795266",
        "fillingDate": "1992-05-31",
        "acceptedDate": "1992-05-31 00:00:00",
        "calendarYear": "1992",
        "period": "Q2",
        "revenue": 234800000,
        "costOfRevenue": 184700000,
        "grossProfit": 50100000,
        "grossProfitRatio": 0.2133730835,
        "researchAndDevelopmentExpenses": 0,
        "generalAndAdministrativeExpenses": 31800000,
        "sellingAndMarketingExpenses": 0,
        "sellingGeneralAndAdministrativeExpenses": 31800000,
        "otherExpenses": 800000,
        "operatingExpenses": 32600000,
        "costAndExpenses": 217300000,
        "interestIncome": 0,
        "interestExpense": 7300000,
        "depreciationAndAmortization": 800000,
        "ebitda": 14600000,
        "ebitdaratio": 0.0621805792,
        "operatingIncome": 13800000,
        "operatingIncomeRatio": 0.0587734242,
        "totalOtherIncomeExpensesNet": -11000000,
        "incomeBeforeTax": 6500000,
        "incomeBeforeTaxRatio": 0.0276831346,
        "incomeTaxExpense": 2500000,
        "netIncome": 4000000,
        "netIncomeRatio": 0.0170357751,
        "eps": 0.058,
        "epsdiluted": 0.058,
        "weightedAverageShsOut": 68932000,
        "weightedAverageShsOutDil": 68932000,
        "link": null,
        "finalLink": null
    },
    {
        "date": "1992-02-29",
        "symbol": "KBH",
        "reportedCurrency": "USD",
        "cik": "0000795266",
        "fillingDate": "1992-02-29",
        "acceptedDate": "1992-02-29 00:00:00",
        "calendarYear": "1992",
        "period": "Q1",
        "revenue": 184500000,
        "costOfRevenue": 140600000,
        "grossProfit": 43900000,
        "grossProfitRatio": 0.2379403794,
        "researchAndDevelopmentExpenses": 0,
        "generalAndAdministrativeExpenses": 25100000,
        "sellingAndMarketingExpenses": 0,
        "sellingGeneralAndAdministrativeExpenses": 25100000,
        "otherExpenses": 800000,
        "operatingExpenses": 25900000,
        "costAndExpenses": 166500000,
        "interestIncome": 0,
        "interestExpense": 9300000,
        "depreciationAndAmortization": 800000,
        "ebitda": 15600000,
        "ebitdaratio": 0.0845528455,
        "operatingIncome": 14800000,
        "operatingIncomeRatio": 0.0802168022,
        "totalOtherIncomeExpensesNet": -12500000,
        "incomeBeforeTax": 5500000,
        "incomeBeforeTaxRatio": 0.0298102981,
        "incomeTaxExpense": 2100000,
        "netIncome": 3400000,
        "netIncomeRatio": 0.0184281843,
        "eps": 0.058,
        "epsdiluted": 0.058,
        "weightedAverageShsOut": 58652000,
        "weightedAverageShsOutDil": 58652000,
        "link": null,
        "finalLink": null
    },
    {
        "date": "1991-11-30",
        "symbol": "KBH",
        "reportedCurrency": "USD",
        "cik": "0000795266",
        "fillingDate": "1991-11-30",
        "acceptedDate": "1991-11-30 00:00:00",
        "calendarYear": "1991",
        "period": "Q4",
        "revenue": 317800000,
        "costOfRevenue": 235800000,
        "grossProfit": 82000000,
        "grossProfitRatio": 0.2580239144,
        "researchAndDevelopmentExpenses": 0,
        "generalAndAdministrativeExpenses": 38100000,
        "sellingAndMarketingExpenses": 0,
        "sellingGeneralAndAdministrativeExpenses": 38100000,
        "otherExpenses": 4400000,
        "operatingExpenses": 42500000,
        "costAndExpenses": 278300000,
        "interestIncome": 0,
        "interestExpense": 20100000,
        "depreciationAndAmortization": 4400000,
        "ebitda": 44700000,
        "ebitdaratio": 0.1406544997,
        "operatingIncome": 40300000,
        "operatingIncomeRatio": 0.126809314,
        "totalOtherIncomeExpensesNet": -19300000,
        "incomeBeforeTax": 20200000,
        "incomeBeforeTaxRatio": 0.0635619887,
        "incomeTaxExpense": 7000000,
        "netIncome": 13200000,
        "netIncomeRatio": 0.041535557,
        "eps": 0.23,
        "epsdiluted": 0.23,
        "weightedAverageShsOut": 57356000,
        "weightedAverageShsOutDil": 57356000,
        "link": null,
        "finalLink": null
    },
    {
        "date": "1991-08-31",
        "symbol": "KBH",
        "reportedCurrency": "USD",
        "cik": "0000795266",
        "fillingDate": "1991-08-31",
        "acceptedDate": "1991-08-31 00:00:00",
        "calendarYear": "1991",
        "period": "Q3",
        "revenue": 277100000,
        "costOfRevenue": 206900000,
        "grossProfit": 70200000,
        "grossProfitRatio": 0.2533381451,
        "researchAndDevelopmentExpenses": 0,
        "generalAndAdministrativeExpenses": 35000000,
        "sellingAndMarketingExpenses": 0,
        "sellingGeneralAndAdministrativeExpenses": 35000000,
        "otherExpenses": 4100000,
        "operatingExpenses": 39100000,
        "costAndExpenses": 246000000,
        "interestIncome": 0,
        "interestExpense": 20500000,
        "depreciationAndAmortization": 4100000,
        "ebitda": 36700000,
        "ebitdaratio": 0.1324431613,
        "operatingIncome": 32600000,
        "operatingIncomeRatio": 0.1176470588,
        "totalOtherIncomeExpensesNet": -19000000,
        "incomeBeforeTax": 12100000,
        "incomeBeforeTaxRatio": 0.0436665464,
        "incomeTaxExpense": 5200000,
        "netIncome": 6900000,
        "netIncomeRatio": 0.0249007578,
        "eps": 0.12,
        "epsdiluted": 0.12,
        "weightedAverageShsOut": 57356000,
        "weightedAverageShsOutDil": 57356000,
        "link": null,
        "finalLink": null
    },
    {
        "date": "1991-05-31",
        "symbol": "KBH",
        "reportedCurrency": "USD",
        "cik": "0000795266",
        "fillingDate": "1991-05-31",
        "acceptedDate": "1991-05-31 00:00:00",
        "calendarYear": "1991",
        "period": "Q2",
        "revenue": 307200000,
        "costOfRevenue": 250100000,
        "grossProfit": 57100000,
        "grossProfitRatio": 0.1858723958,
        "researchAndDevelopmentExpenses": 0,
        "generalAndAdministrativeExpenses": 30400000,
        "sellingAndMarketingExpenses": 0,
        "sellingGeneralAndAdministrativeExpenses": 30400000,
        "otherExpenses": 4000000,
        "operatingExpenses": 34400000,
        "costAndExpenses": 284500000,
        "interestIncome": 0,
        "interestExpense": 13700000,
        "depreciationAndAmortization": 4000000,
        "ebitda": 24400000,
        "ebitdaratio": 0.0794270833,
        "operatingIncome": 20400000,
        "operatingIncomeRatio": 0.06640625,
        "totalOtherIncomeExpensesNet": -16000000,
        "incomeBeforeTax": 6700000,
        "incomeBeforeTaxRatio": 0.0218098958,
        "incomeTaxExpense": 2900000,
        "netIncome": 3800000,
        "netIncomeRatio": 0.0123697917,
        "eps": 0.0663,
        "epsdiluted": 0.0663,
        "weightedAverageShsOut": 57278000,
        "weightedAverageShsOutDil": 57278000,
        "link": null,
        "finalLink": null
    },
    {
        "date": "1991-02-28",
        "symbol": "KBH",
        "reportedCurrency": "USD",
        "cik": "0000795266",
        "fillingDate": "1991-02-28",
        "acceptedDate": "1991-02-28 00:00:00",
        "calendarYear": "1991",
        "period": "Q1",
        "revenue": 318900000,
        "costOfRevenue": 266600000,
        "grossProfit": 52300000,
        "grossProfitRatio": 0.1640012543,
        "researchAndDevelopmentExpenses": 0,
        "generalAndAdministrativeExpenses": 24300000,
        "sellingAndMarketingExpenses": 0,
        "sellingGeneralAndAdministrativeExpenses": 24300000,
        "otherExpenses": 4100000,
        "operatingExpenses": 28400000,
        "costAndExpenses": 295000000,
        "interestIncome": 0,
        "interestExpense": 19000000,
        "depreciationAndAmortization": 4100000,
        "ebitda": 27600000,
        "ebitdaratio": 0.0865475071,
        "operatingIncome": 23500000,
        "operatingIncomeRatio": 0.0736908122,
        "totalOtherIncomeExpensesNet": -19400000,
        "incomeBeforeTax": 4500000,
        "incomeBeforeTaxRatio": 0.0141110066,
        "incomeTaxExpense": 1900000,
        "netIncome": 2600000,
        "netIncomeRatio": 0.008153026,
        "eps": 0.0466,
        "epsdiluted": 0.0466,
        "weightedAverageShsOut": 55778000,
        "weightedAverageShsOutDil": 55778000,
        "link": null,
        "finalLink": null
    },
    {
        "date": "1990-11-30",
        "symbol": "KBH",
        "reportedCurrency": "USD",
        "cik": "0000795266",
        "fillingDate": "1990-11-30",
        "acceptedDate": "1990-11-30 00:00:00",
        "calendarYear": "1990",
        "period": "Q4",
        "revenue": 375200000,
        "costOfRevenue": 300400000,
        "grossProfit": 74800000,
        "grossProfitRatio": 0.1993603412,
        "researchAndDevelopmentExpenses": 0,
        "generalAndAdministrativeExpenses": 44300000,
        "sellingAndMarketingExpenses": 0,
        "sellingGeneralAndAdministrativeExpenses": 44300000,
        "otherExpenses": 4000000,
        "operatingExpenses": 48300000,
        "costAndExpenses": 348700000,
        "interestIncome": 0,
        "interestExpense": 19300000,
        "depreciationAndAmortization": 4000000,
        "ebitda": 28700000,
        "ebitdaratio": 0.0764925373,
        "operatingIncome": 24700000,
        "operatingIncomeRatio": 0.0658315565,
        "totalOtherIncomeExpensesNet": -21100000,
        "incomeBeforeTax": 5400000,
        "incomeBeforeTaxRatio": 0.0143923241,
        "incomeTaxExpense": 2300000,
        "netIncome": 3100000,
        "netIncomeRatio": 0.0082622601,
        "eps": 0.0559,
        "epsdiluted": 0.0559,
        "weightedAverageShsOut": 55444000,
        "weightedAverageShsOutDil": 55444000,
        "link": null,
        "finalLink": null
    },
    {
        "date": "1990-08-31",
        "symbol": "KBH",
        "reportedCurrency": "USD",
        "cik": "0000795266",
        "fillingDate": "1990-08-31",
        "acceptedDate": "1990-08-31 00:00:00",
        "calendarYear": "1990",
        "period": "Q3",
        "revenue": 325300000,
        "costOfRevenue": 249000000,
        "grossProfit": 76300000,
        "grossProfitRatio": 0.2345527206,
        "researchAndDevelopmentExpenses": 0,
        "generalAndAdministrativeExpenses": 39300000,
        "sellingAndMarketingExpenses": 0,
        "sellingGeneralAndAdministrativeExpenses": 39300000,
        "otherExpenses": 3900000,
        "operatingExpenses": 43200000,
        "costAndExpenses": 292200000,
        "interestIncome": 0,
        "interestExpense": 17600000,
        "depreciationAndAmortization": 3900000,
        "ebitda": 36000000,
        "ebitdaratio": 0.1106670765,
        "operatingIncome": 32100000,
        "operatingIncomeRatio": 0.0986781433,
        "totalOtherIncomeExpensesNet": -18600000,
        "incomeBeforeTax": 14500000,
        "incomeBeforeTaxRatio": 0.0445742392,
        "incomeTaxExpense": 6200000,
        "netIncome": 8300000,
        "netIncomeRatio": 0.0255149093,
        "eps": 0.15,
        "epsdiluted": 0.15,
        "weightedAverageShsOut": 55444000,
        "weightedAverageShsOutDil": 55444000,
        "link": null,
        "finalLink": null
    },
    {
        "date": "1990-05-31",
        "symbol": "KBH",
        "reportedCurrency": "USD",
        "cik": "0000795266",
        "fillingDate": "1990-05-31",
        "acceptedDate": "1990-05-31 00:00:00",
        "calendarYear": "1990",
        "period": "Q2",
        "revenue": 349800000,
        "costOfRevenue": 262400000,
        "grossProfit": 87400000,
        "grossProfitRatio": 0.2498570612,
        "researchAndDevelopmentExpenses": 0,
        "generalAndAdministrativeExpenses": 38400000,
        "sellingAndMarketingExpenses": 0,
        "sellingGeneralAndAdministrativeExpenses": 38400000,
        "otherExpenses": 4300000,
        "operatingExpenses": 42700000,
        "costAndExpenses": 305100000,
        "interestIncome": 0,
        "interestExpense": 16400000,
        "depreciationAndAmortization": 4300000,
        "ebitda": 47300000,
        "ebitdaratio": 0.1352201258,
        "operatingIncome": 43000000,
        "operatingIncomeRatio": 0.1229273871,
        "totalOtherIncomeExpensesNet": -18100000,
        "incomeBeforeTax": 26600000,
        "incomeBeforeTaxRatio": 0.0760434534,
        "incomeTaxExpense": 11500000,
        "netIncome": 15100000,
        "netIncomeRatio": 0.0431675243,
        "eps": 0.27,
        "epsdiluted": 0.27,
        "weightedAverageShsOut": 55410000,
        "weightedAverageShsOutDil": 55410000,
        "link": null,
        "finalLink": null
    },
    {
        "date": "1990-02-28",
        "symbol": "KBH",
        "reportedCurrency": "USD",
        "cik": "0000795266",
        "fillingDate": "1990-02-28",
        "acceptedDate": "1990-02-28 00:00:00",
        "calendarYear": "1990",
        "period": "Q1",
        "revenue": 315700000,
        "costOfRevenue": 224700000,
        "grossProfit": 91000000,
        "grossProfitRatio": 0.288248337,
        "researchAndDevelopmentExpenses": 0,
        "generalAndAdministrativeExpenses": 36000000,
        "sellingAndMarketingExpenses": 0,
        "sellingGeneralAndAdministrativeExpenses": 36000000,
        "otherExpenses": 3900000,
        "operatingExpenses": 39900000,
        "costAndExpenses": 264600000,
        "interestIncome": 0,
        "interestExpense": 25100000,
        "depreciationAndAmortization": 3900000,
        "ebitda": 52400000,
        "ebitdaratio": 0.1659803611,
        "operatingIncome": 48500000,
        "operatingIncomeRatio": 0.1536268609,
        "totalOtherIncomeExpensesNet": -27700000,
        "incomeBeforeTax": 23400000,
        "incomeBeforeTaxRatio": 0.074121001,
        "incomeTaxExpense": 10100000,
        "netIncome": 13300000,
        "netIncomeRatio": 0.0421286031,
        "eps": 0.24,
        "epsdiluted": 0.24,
        "weightedAverageShsOut": 55328000,
        "weightedAverageShsOutDil": 55328000,
        "link": null,
        "finalLink": null
    },
    {
        "date": "1989-11-30",
        "symbol": "KBH",
        "reportedCurrency": "USD",
        "cik": "0000795266",
        "fillingDate": "1989-11-30",
        "acceptedDate": "1989-11-30 00:00:00",
        "calendarYear": "1989",
        "period": "Q4",
        "revenue": 569800000,
        "costOfRevenue": 0,
        "grossProfit": 569800000,
        "grossProfitRatio": 1,
        "researchAndDevelopmentExpenses": 0,
        "generalAndAdministrativeExpenses": 0,
        "sellingAndMarketingExpenses": 0,
        "sellingGeneralAndAdministrativeExpenses": 0,
        "otherExpenses": -1061100000,
        "operatingExpenses": -1061100000,
        "costAndExpenses": -1061100000,
        "interestIncome": 0,
        "interestExpense": 0,
        "depreciationAndAmortization": 0,
        "ebitda": -491300000,
        "ebitdaratio": -0.8622323622,
        "operatingIncome": -491300000,
        "operatingIncomeRatio": -0.8622323622,
        "totalOtherIncomeExpensesNet": 491300000,
        "incomeBeforeTax": 0,
        "incomeBeforeTaxRatio": 0,
        "incomeTaxExpense": 0,
        "netIncome": 29900000,
        "netIncomeRatio": 0.0524745525,
        "eps": 0.45,
        "epsdiluted": 0.43,
        "weightedAverageShsOut": 54668000,
        "weightedAverageShsOutDil": 54668000,
        "link": null,
        "finalLink": null
    },
    {
        "date": "1989-08-31",
        "symbol": "KBH",
        "reportedCurrency": "USD",
        "cik": "0000795266",
        "fillingDate": "1989-08-31",
        "acceptedDate": "1989-08-31 00:00:00",
        "calendarYear": "1989",
        "period": "Q3",
        "revenue": 276700000,
        "costOfRevenue": 0,
        "grossProfit": 276700000,
        "grossProfitRatio": 1,
        "researchAndDevelopmentExpenses": 0,
        "generalAndAdministrativeExpenses": 0,
        "sellingAndMarketingExpenses": 0,
        "sellingGeneralAndAdministrativeExpenses": 0,
        "otherExpenses": 0,
        "operatingExpenses": 0,
        "costAndExpenses": 0,
        "interestIncome": 0,
        "interestExpense": 0,
        "depreciationAndAmortization": 0,
        "ebitda": 276700000,
        "ebitdaratio": 1,
        "operatingIncome": 276700000,
        "operatingIncomeRatio": 1,
        "totalOtherIncomeExpensesNet": -276700000,
        "incomeBeforeTax": 0,
        "incomeBeforeTaxRatio": 0,
        "incomeTaxExpense": 0,
        "netIncome": 19500000,
        "netIncomeRatio": 0.0704734369,
        "eps": 0.14,
        "epsdiluted": 0.14,
        "weightedAverageShsOut": 54668000,
        "weightedAverageShsOutDil": 54668000,
        "link": null,
        "finalLink": null
    },
    {
        "date": "1989-05-31",
        "symbol": "KBH",
        "reportedCurrency": "USD",
        "cik": "0000795266",
        "fillingDate": "1989-05-31",
        "acceptedDate": "1989-05-31 00:00:00",
        "calendarYear": "1989",
        "period": "Q2",
        "revenue": 246100000,
        "costOfRevenue": 0,
        "grossProfit": 246100000,
        "grossProfitRatio": 1,
        "researchAndDevelopmentExpenses": 0,
        "generalAndAdministrativeExpenses": 0,
        "sellingAndMarketingExpenses": 0,
        "sellingGeneralAndAdministrativeExpenses": 0,
        "otherExpenses": 0,
        "operatingExpenses": 0,
        "costAndExpenses": 0,
        "interestIncome": 0,
        "interestExpense": 0,
        "depreciationAndAmortization": 0,
        "ebitda": 246100000,
        "ebitdaratio": 1,
        "operatingIncome": 246100000,
        "operatingIncomeRatio": 1,
        "totalOtherIncomeExpensesNet": -246100000,
        "incomeBeforeTax": 0,
        "incomeBeforeTaxRatio": 0,
        "incomeTaxExpense": 0,
        "netIncome": 20000000,
        "netIncomeRatio": 0.0812677773,
        "eps": 0.14,
        "epsdiluted": 0.14,
        "weightedAverageShsOut": 54596000,
        "weightedAverageShsOutDil": 54596000,
        "link": null,
        "finalLink": null
    },
    {
        "date": "1989-02-28",
        "symbol": "KBH",
        "reportedCurrency": "USD",
        "cik": "0000795266",
        "fillingDate": "1989-02-28",
        "acceptedDate": "1989-02-28 00:00:00",
        "calendarYear": "1989",
        "period": "Q1",
        "revenue": 172600000,
        "costOfRevenue": 0,
        "grossProfit": 172600000,
        "grossProfitRatio": 1,
        "researchAndDevelopmentExpenses": 0,
        "generalAndAdministrativeExpenses": 0,
        "sellingAndMarketingExpenses": 0,
        "sellingGeneralAndAdministrativeExpenses": 0,
        "otherExpenses": 0,
        "operatingExpenses": 0,
        "costAndExpenses": 0,
        "interestIncome": 0,
        "interestExpense": 0,
        "depreciationAndAmortization": 0,
        "ebitda": 172600000,
        "ebitdaratio": 1,
        "operatingIncome": 172600000,
        "operatingIncomeRatio": 1,
        "totalOtherIncomeExpensesNet": -172600000,
        "incomeBeforeTax": 0,
        "incomeBeforeTaxRatio": 0,
        "incomeTaxExpense": 0,
        "netIncome": 11500000,
        "netIncomeRatio": 0.0666280417,
        "eps": 0.11,
        "epsdiluted": 0.11,
        "weightedAverageShsOut": 54584000,
        "weightedAverageShsOutDil": 54584000,
        "link": null,
        "finalLink": null
    },
    {
        "date": "1988-11-30",
        "symbol": "KBH",
        "reportedCurrency": "USD",
        "cik": "0000795266",
        "fillingDate": "1988-11-30",
        "acceptedDate": "1988-11-30 00:00:00",
        "calendarYear": "1988",
        "period": "Q4",
        "revenue": 254300000,
        "costOfRevenue": 0,
        "grossProfit": 254300000,
        "grossProfitRatio": 1,
        "researchAndDevelopmentExpenses": 0,
        "generalAndAdministrativeExpenses": 0,
        "sellingAndMarketingExpenses": 0,
        "sellingGeneralAndAdministrativeExpenses": 0,
        "otherExpenses": -806800000,
        "operatingExpenses": -806800000,
        "costAndExpenses": -806800000,
        "interestIncome": 0,
        "interestExpense": 0,
        "depreciationAndAmortization": 0,
        "ebitda": -552500000,
        "ebitdaratio": -2.1726307511,
        "operatingIncome": -552500000,
        "operatingIncomeRatio": -2.1726307511,
        "totalOtherIncomeExpensesNet": 552500000,
        "incomeBeforeTax": 0,
        "incomeBeforeTaxRatio": 0,
        "incomeTaxExpense": 0,
        "netIncome": 17100000,
        "netIncomeRatio": 0.0672434133,
        "eps": 0.32,
        "epsdiluted": 0.32,
        "weightedAverageShsOut": 54584000,
        "weightedAverageShsOutDil": 54584000,
        "link": null,
        "finalLink": null
    },
    {
        "date": "1988-08-31",
        "symbol": "KBH",
        "reportedCurrency": "USD",
        "cik": "0000795266",
        "fillingDate": "1988-08-31",
        "acceptedDate": "1988-08-31 00:00:00",
        "calendarYear": "1988",
        "period": "Q3",
        "revenue": 226600000,
        "costOfRevenue": 0,
        "grossProfit": 226600000,
        "grossProfitRatio": 1,
        "researchAndDevelopmentExpenses": 0,
        "generalAndAdministrativeExpenses": 0,
        "sellingAndMarketingExpenses": 0,
        "sellingGeneralAndAdministrativeExpenses": 0,
        "otherExpenses": 0,
        "operatingExpenses": 0,
        "costAndExpenses": 0,
        "interestIncome": 0,
        "interestExpense": 0,
        "depreciationAndAmortization": 0,
        "ebitda": 226600000,
        "ebitdaratio": 1,
        "operatingIncome": 226600000,
        "operatingIncomeRatio": 1,
        "totalOtherIncomeExpensesNet": -226600000,
        "incomeBeforeTax": 0,
        "incomeBeforeTaxRatio": 0,
        "incomeTaxExpense": 0,
        "netIncome": 12400000,
        "netIncomeRatio": 0.0547219771,
        "eps": 0.11,
        "epsdiluted": 0.11,
        "weightedAverageShsOut": 54584000,
        "weightedAverageShsOutDil": 54584000,
        "link": null,
        "finalLink": null
    },
    {
        "date": "1988-05-31",
        "symbol": "KBH",
        "reportedCurrency": "USD",
        "cik": "0000795266",
        "fillingDate": "1988-05-31",
        "acceptedDate": "1988-05-31 00:00:00",
        "calendarYear": "1988",
        "period": "Q2",
        "revenue": 287600000,
        "costOfRevenue": 0,
        "grossProfit": 287600000,
        "grossProfitRatio": 1,
        "researchAndDevelopmentExpenses": 0,
        "generalAndAdministrativeExpenses": 0,
        "sellingAndMarketingExpenses": 0,
        "sellingGeneralAndAdministrativeExpenses": 0,
        "otherExpenses": 0,
        "operatingExpenses": 0,
        "costAndExpenses": 0,
        "interestIncome": 0,
        "interestExpense": 0,
        "depreciationAndAmortization": 0,
        "ebitda": 287600000,
        "ebitdaratio": 1,
        "operatingIncome": 287600000,
        "operatingIncomeRatio": 1,
        "totalOtherIncomeExpensesNet": -287600000,
        "incomeBeforeTax": 0,
        "incomeBeforeTaxRatio": 0,
        "incomeTaxExpense": 0,
        "netIncome": 11500000,
        "netIncomeRatio": 0.0399860918,
        "eps": 0.11,
        "epsdiluted": 0.11,
        "weightedAverageShsOut": 54008000,
        "weightedAverageShsOutDil": 54008000,
        "link": null,
        "finalLink": null
    },
    {
        "date": "1988-02-29",
        "symbol": "KBH",
        "reportedCurrency": "USD",
        "cik": "0000795266",
        "fillingDate": "1988-02-29",
        "acceptedDate": "1988-02-29 00:00:00",
        "calendarYear": "1988",
        "period": "Q1",
        "revenue": 134900000,
        "costOfRevenue": 0,
        "grossProfit": 134900000,
        "grossProfitRatio": 1,
        "researchAndDevelopmentExpenses": 0,
        "generalAndAdministrativeExpenses": 0,
        "sellingAndMarketingExpenses": 0,
        "sellingGeneralAndAdministrativeExpenses": 0,
        "otherExpenses": 0,
        "operatingExpenses": 0,
        "costAndExpenses": 0,
        "interestIncome": 0,
        "interestExpense": 0,
        "depreciationAndAmortization": 0,
        "ebitda": 134900000,
        "ebitdaratio": 1,
        "operatingIncome": 134900000,
        "operatingIncomeRatio": 1,
        "totalOtherIncomeExpensesNet": -134900000,
        "incomeBeforeTax": 0,
        "incomeBeforeTaxRatio": 0,
        "incomeTaxExpense": 0,
        "netIncome": 7000000,
        "netIncomeRatio": 0.0518902891,
        "eps": 0.065,
        "epsdiluted": 0.065,
        "weightedAverageShsOut": 54006000,
        "weightedAverageShsOutDil": 54006000,
        "link": null,
        "finalLink": null
    },
    {
        "date": "1987-11-30",
        "symbol": "KBH",
        "reportedCurrency": "USD",
        "cik": "0000795266",
        "fillingDate": "1987-11-30",
        "acceptedDate": "1987-11-30 00:00:00",
        "calendarYear": "1987",
        "period": "Q4",
        "revenue": 262100000,
        "costOfRevenue": 0,
        "grossProfit": 262100000,
        "grossProfitRatio": 1,
        "researchAndDevelopmentExpenses": 0,
        "generalAndAdministrativeExpenses": 0,
        "sellingAndMarketingExpenses": 0,
        "sellingGeneralAndAdministrativeExpenses": 0,
        "otherExpenses": -601300000,
        "operatingExpenses": -601300000,
        "costAndExpenses": -601300000,
        "interestIncome": 0,
        "interestExpense": 0,
        "depreciationAndAmortization": 0,
        "ebitda": -339200000,
        "ebitdaratio": -1.2941625334,
        "operatingIncome": -339200000,
        "operatingIncomeRatio": -1.2941625334,
        "totalOtherIncomeExpensesNet": 339200000,
        "incomeBeforeTax": 0,
        "incomeBeforeTaxRatio": 0,
        "incomeTaxExpense": 0,
        "netIncome": 15700000,
        "netIncomeRatio": 0.0599008012,
        "eps": 0.3,
        "epsdiluted": 0.3,
        "weightedAverageShsOut": 54000000,
        "weightedAverageShsOutDil": 54000000,
        "link": null,
        "finalLink": null
    },
    {
        "date": "1987-08-31",
        "symbol": "KBH",
        "reportedCurrency": "USD",
        "cik": "0000795266",
        "fillingDate": "1987-08-31",
        "acceptedDate": "1987-08-31 00:00:00",
        "calendarYear": "1987",
        "period": "Q3",
        "revenue": 158600000,
        "costOfRevenue": 0,
        "grossProfit": 158600000,
        "grossProfitRatio": 1,
        "researchAndDevelopmentExpenses": 0,
        "generalAndAdministrativeExpenses": 0,
        "sellingAndMarketingExpenses": 0,
        "sellingGeneralAndAdministrativeExpenses": 0,
        "otherExpenses": 0,
        "operatingExpenses": 0,
        "costAndExpenses": 0,
        "interestIncome": 0,
        "interestExpense": 0,
        "depreciationAndAmortization": 0,
        "ebitda": 158600000,
        "ebitdaratio": 1,
        "operatingIncome": 158600000,
        "operatingIncomeRatio": 1,
        "totalOtherIncomeExpensesNet": -158600000,
        "incomeBeforeTax": 0,
        "incomeBeforeTaxRatio": 0,
        "incomeTaxExpense": 0,
        "netIncome": 8800000,
        "netIncomeRatio": 0.0554854981,
        "eps": 0.08,
        "epsdiluted": 0.08,
        "weightedAverageShsOut": 54000000,
        "weightedAverageShsOutDil": 54000000,
        "link": null,
        "finalLink": null
    },
    {
        "date": "1987-05-31",
        "symbol": "KBH",
        "reportedCurrency": "USD",
        "cik": "0000795266",
        "fillingDate": "1987-05-31",
        "acceptedDate": "1987-05-31 00:00:00",
        "calendarYear": "1987",
        "period": "Q2",
        "revenue": 140800000,
        "costOfRevenue": 0,
        "grossProfit": 140800000,
        "grossProfitRatio": 1,
        "researchAndDevelopmentExpenses": 0,
        "generalAndAdministrativeExpenses": 0,
        "sellingAndMarketingExpenses": 0,
        "sellingGeneralAndAdministrativeExpenses": 0,
        "otherExpenses": 0,
        "operatingExpenses": 0,
        "costAndExpenses": 0,
        "interestIncome": 0,
        "interestExpense": 0,
        "depreciationAndAmortization": 0,
        "ebitda": 140800000,
        "ebitdaratio": 1,
        "operatingIncome": 140800000,
        "operatingIncomeRatio": 1,
        "totalOtherIncomeExpensesNet": -140800000,
        "incomeBeforeTax": 0,
        "incomeBeforeTaxRatio": 0,
        "incomeTaxExpense": 0,
        "netIncome": 6400000,
        "netIncomeRatio": 0.0454545455,
        "eps": 0.06,
        "epsdiluted": 0.06,
        "weightedAverageShsOut": 54000000,
        "weightedAverageShsOutDil": 54000000,
        "link": null,
        "finalLink": null
    },
    {
        "date": "1987-02-28",
        "symbol": "KBH",
        "reportedCurrency": "USD",
        "cik": "0000795266",
        "fillingDate": "1987-02-28",
        "acceptedDate": "1987-02-28 00:00:00",
        "calendarYear": "1987",
        "period": "Q1",
        "revenue": 110500000,
        "costOfRevenue": 0,
        "grossProfit": 110500000,
        "grossProfitRatio": 1,
        "researchAndDevelopmentExpenses": 0,
        "generalAndAdministrativeExpenses": 0,
        "sellingAndMarketingExpenses": 0,
        "sellingGeneralAndAdministrativeExpenses": 0,
        "otherExpenses": 0,
        "operatingExpenses": 0,
        "costAndExpenses": 0,
        "interestIncome": 0,
        "interestExpense": 0,
        "depreciationAndAmortization": 0,
        "ebitda": 110500000,
        "ebitdaratio": 1,
        "operatingIncome": 110500000,
        "operatingIncomeRatio": 1,
        "totalOtherIncomeExpensesNet": -110500000,
        "incomeBeforeTax": 0,
        "incomeBeforeTaxRatio": 0,
        "incomeTaxExpense": 0,
        "netIncome": 4700000,
        "netIncomeRatio": 0.0425339367,
        "eps": 0.0425,
        "epsdiluted": 0.0425,
        "weightedAverageShsOut": 55800000,
        "weightedAverageShsOutDil": 55800000,
        "link": null,
        "finalLink": null
    },
    {
        "date": "1986-11-30",
        "symbol": "KBH",
        "reportedCurrency": "USD",
        "cik": "0000795266",
        "fillingDate": "1986-11-30",
        "acceptedDate": "1986-11-30 00:00:00",
        "calendarYear": "1986",
        "period": "Q4",
        "revenue": 217700000,
        "costOfRevenue": 0,
        "grossProfit": 217700000,
        "grossProfitRatio": 1,
        "researchAndDevelopmentExpenses": 0,
        "generalAndAdministrativeExpenses": 0,
        "sellingAndMarketingExpenses": 0,
        "sellingGeneralAndAdministrativeExpenses": 0,
        "otherExpenses": -442600000,
        "operatingExpenses": -442600000,
        "costAndExpenses": -442600000,
        "interestIncome": 0,
        "interestExpense": 0,
        "depreciationAndAmortization": 0,
        "ebitda": -224900000,
        "ebitdaratio": -1.0330730363,
        "operatingIncome": -224900000,
        "operatingIncomeRatio": -1.0330730363,
        "totalOtherIncomeExpensesNet": 224900000,
        "incomeBeforeTax": 0,
        "incomeBeforeTaxRatio": 0,
        "incomeTaxExpense": 0,
        "netIncome": 15200000,
        "netIncomeRatio": 0.0698208544,
        "eps": 0.3,
        "epsdiluted": 0.3,
        "weightedAverageShsOut": 54000000,
        "weightedAverageShsOutDil": 55800000,
        "link": null,
        "finalLink": null
    },
    {
        "date": "1986-08-31",
        "symbol": "KBH",
        "reportedCurrency": "USD",
        "cik": "0000795266",
        "fillingDate": "1986-08-31",
        "acceptedDate": "1986-08-31 00:00:00",
        "calendarYear": "1986",
        "period": "Q3",
        "revenue": 123500000,
        "costOfRevenue": 0,
        "grossProfit": 123500000,
        "grossProfitRatio": 1,
        "researchAndDevelopmentExpenses": 0,
        "generalAndAdministrativeExpenses": 0,
        "sellingAndMarketingExpenses": 0,
        "sellingGeneralAndAdministrativeExpenses": 0,
        "otherExpenses": 0,
        "operatingExpenses": 0,
        "costAndExpenses": 0,
        "interestIncome": 0,
        "interestExpense": 0,
        "depreciationAndAmortization": 0,
        "ebitda": 123500000,
        "ebitdaratio": 1,
        "operatingIncome": 123500000,
        "operatingIncomeRatio": 1,
        "totalOtherIncomeExpensesNet": -123500000,
        "incomeBeforeTax": 0,
        "incomeBeforeTaxRatio": 0,
        "incomeTaxExpense": 0,
        "netIncome": 5500000,
        "netIncomeRatio": 0.044534413,
        "eps": 0.055,
        "epsdiluted": 0.055,
        "weightedAverageShsOut": 55800000,
        "weightedAverageShsOutDil": 55800000,
        "link": null,
        "finalLink": null
    },
    {
        "date": "1986-05-31",
        "symbol": "KBH",
        "reportedCurrency": "USD",
        "cik": "0000795266",
        "fillingDate": "1986-05-31",
        "acceptedDate": "1986-05-31 00:00:00",
        "calendarYear": "1986",
        "period": "Q2",
        "revenue": 81900000,
        "costOfRevenue": 0,
        "grossProfit": 81900000,
        "grossProfitRatio": 1,
        "researchAndDevelopmentExpenses": 0,
        "generalAndAdministrativeExpenses": 0,
        "sellingAndMarketingExpenses": 0,
        "sellingGeneralAndAdministrativeExpenses": 0,
        "otherExpenses": 0,
        "operatingExpenses": 0,
        "costAndExpenses": 0,
        "interestIncome": 0,
        "interestExpense": 0,
        "depreciationAndAmortization": 0,
        "ebitda": 81900000,
        "ebitdaratio": 1,
        "operatingIncome": 81900000,
        "operatingIncomeRatio": 1,
        "totalOtherIncomeExpensesNet": -81900000,
        "incomeBeforeTax": 0,
        "incomeBeforeTaxRatio": 0,
        "incomeTaxExpense": 0,
        "netIncome": 3500000,
        "netIncomeRatio": 0.0427350427,
        "eps": 0.035,
        "epsdiluted": 0.035,
        "weightedAverageShsOut": 50000000,
        "weightedAverageShsOutDil": 50000000,
        "link": null,
        "finalLink": null
    },
    {
        "date": "1986-02-28",
        "symbol": "KBH",
        "reportedCurrency": "USD",
        "cik": "0000795266",
        "fillingDate": "1986-02-28",
        "acceptedDate": "1986-02-28 00:00:00",
        "calendarYear": "1986",
        "period": "Q1",
        "revenue": 81900000,
        "costOfRevenue": 0,
        "grossProfit": 81900000,
        "grossProfitRatio": 1,
        "researchAndDevelopmentExpenses": 0,
        "generalAndAdministrativeExpenses": 0,
        "sellingAndMarketingExpenses": 0,
        "sellingGeneralAndAdministrativeExpenses": 0,
        "otherExpenses": 0,
        "operatingExpenses": 0,
        "costAndExpenses": 0,
        "interestIncome": 0,
        "interestExpense": 0,
        "depreciationAndAmortization": 0,
        "ebitda": 81900000,
        "ebitdaratio": 1,
        "operatingIncome": 81900000,
        "operatingIncomeRatio": 1,
        "totalOtherIncomeExpensesNet": -81900000,
        "incomeBeforeTax": 0,
        "incomeBeforeTaxRatio": 0,
        "incomeTaxExpense": 0,
        "netIncome": 3500000,
        "netIncomeRatio": 0.0427350427,
        "eps": 0.035,
        "epsdiluted": 0.035,
        "weightedAverageShsOut": 50000000,
        "weightedAverageShsOutDil": 50000000,
        "link": null,
        "finalLink": null
    },
    {
        "date": "1985-11-30",
        "symbol": "KBH",
        "reportedCurrency": "USD",
        "cik": "0000795266",
        "fillingDate": "1985-11-30",
        "acceptedDate": "1985-11-30 00:00:00",
        "calendarYear": "1985",
        "period": "Q4",
        "revenue": 171900000,
        "costOfRevenue": 0,
        "grossProfit": 171900000,
        "grossProfitRatio": 1,
        "researchAndDevelopmentExpenses": 0,
        "generalAndAdministrativeExpenses": 0,
        "sellingAndMarketingExpenses": 0,
        "sellingGeneralAndAdministrativeExpenses": 0,
        "otherExpenses": -300400000,
        "operatingExpenses": -300400000,
        "costAndExpenses": -300400000,
        "interestIncome": 0,
        "interestExpense": 0,
        "depreciationAndAmortization": 0,
        "ebitda": -128500000,
        "ebitdaratio": -0.7475276323,
        "operatingIncome": -128500000,
        "operatingIncomeRatio": -0.7475276323,
        "totalOtherIncomeExpensesNet": 128500000,
        "incomeBeforeTax": 0,
        "incomeBeforeTaxRatio": 0,
        "incomeTaxExpense": 0,
        "netIncome": 13500000,
        "netIncomeRatio": 0.0785340314,
        "eps": 0.27,
        "epsdiluted": 0.27,
        "weightedAverageShsOut": 50000000,
        "weightedAverageShsOutDil": 50000000,
        "link": null,
        "finalLink": null
    },
    {
        "date": "1985-08-31",
        "symbol": "KBH",
        "reportedCurrency": "USD",
        "cik": "0000795266",
        "fillingDate": "1985-08-31",
        "acceptedDate": "1985-08-31 00:00:00",
        "calendarYear": "1985",
        "period": "Q3",
        "revenue": 78100000,
        "costOfRevenue": 0,
        "grossProfit": 78100000,
        "grossProfitRatio": 1,
        "researchAndDevelopmentExpenses": 0,
        "generalAndAdministrativeExpenses": 0,
        "sellingAndMarketingExpenses": 0,
        "sellingGeneralAndAdministrativeExpenses": 0,
        "otherExpenses": 0,
        "operatingExpenses": 0,
        "costAndExpenses": 0,
        "interestIncome": 0,
        "interestExpense": 0,
        "depreciationAndAmortization": 0,
        "ebitda": 78100000,
        "ebitdaratio": 1,
        "operatingIncome": 78100000,
        "operatingIncomeRatio": 1,
        "totalOtherIncomeExpensesNet": -78100000,
        "incomeBeforeTax": 0,
        "incomeBeforeTaxRatio": 0,
        "incomeTaxExpense": 0,
        "netIncome": 2400000,
        "netIncomeRatio": 0.0307298335,
        "eps": 0.025,
        "epsdiluted": 0.025,
        "weightedAverageShsOut": 50000000,
        "weightedAverageShsOutDil": 50000000,
        "link": null,
        "finalLink": null
    }
]