[
    {
        "date": "2018-07-31",
        "symbol": "KMG",
        "reportedCurrency": "USD",
        "cik": "0000000000",
        "fillingDate": "2018-07-31",
        "acceptedDate": "2018-07-31 00:00:00",
        "calendarYear": "2018",
        "period": "Q4",
        "revenue": 122394000,
        "costOfRevenue": 70959000,
        "grossProfit": 51435000,
        "grossProfitRatio": 0.4202411883,
        "researchAndDevelopmentExpenses": 0,
        "generalAndAdministrativeExpenses": 15961000,
        "sellingAndMarketingExpenses": 9247000,
        "sellingGeneralAndAdministrativeExpenses": 25208000,
        "otherExpenses": 3860000,
        "operatingExpenses": 29068000,
        "costAndExpenses": 100027000,
        "interestIncome": 0,
        "interestExpense": 0,
        "depreciationAndAmortization": 7603000,
        "ebitda": 29276000,
        "ebitdaratio": 0.2391947318,
        "operatingIncome": 22362000,
        "operatingIncomeRatio": 0.1827050346,
        "totalOtherIncomeExpensesNet": -4574000,
        "incomeBeforeTax": 18076000,
        "incomeBeforeTaxRatio": 0.1476869781,
        "incomeTaxExpense": 67000,
        "netIncome": 18009000,
        "netIncomeRatio": 0.1471395657,
        "eps": 1.19,
        "epsdiluted": 1.19,
        "weightedAverageShsOut": 15111000,
        "weightedAverageShsOutDil": 15111000,
        "link": null,
        "finalLink": null
    },
    {
        "date": "2018-04-30",
        "symbol": "KMG",
        "reportedCurrency": "USD",
        "cik": "0000000000",
        "fillingDate": "2018-04-30",
        "acceptedDate": "2018-04-30 00:00:00",
        "calendarYear": "2018",
        "period": "Q3",
        "revenue": 118647000,
        "costOfRevenue": 68156000,
        "grossProfit": 50491000,
        "grossProfitRatio": 0.4255564827,
        "researchAndDevelopmentExpenses": 0,
        "generalAndAdministrativeExpenses": 13601000,
        "sellingAndMarketingExpenses": 9070000,
        "sellingGeneralAndAdministrativeExpenses": 22671000,
        "otherExpenses": 3867000,
        "operatingExpenses": 26538000,
        "costAndExpenses": 94694000,
        "interestIncome": 0,
        "interestExpense": 0,
        "depreciationAndAmortization": 6576000,
        "ebitda": 27298000,
        "ebitdaratio": 0.2300774567,
        "operatingIncome": 23953000,
        "operatingIncomeRatio": 0.201884582,
        "totalOtherIncomeExpensesNet": -11601000,
        "incomeBeforeTax": 20688000,
        "incomeBeforeTaxRatio": 0.1743659764,
        "incomeTaxExpense": 5043000,
        "netIncome": 15645000,
        "netIncomeRatio": 0.1318617411,
        "eps": 1.01,
        "epsdiluted": 0.98,
        "weightedAverageShsOut": 15505000,
        "weightedAverageShsOutDil": 15905000,
        "link": null,
        "finalLink": null
    },
    {
        "date": "2018-01-31",
        "symbol": "KMG",
        "reportedCurrency": "USD",
        "cik": "0000000000",
        "fillingDate": "2018-01-31",
        "acceptedDate": "2018-01-31 00:00:00",
        "calendarYear": "2018",
        "period": "Q2",
        "revenue": 113851000,
        "costOfRevenue": 64597000,
        "grossProfit": 49254000,
        "grossProfitRatio": 0.432618071,
        "researchAndDevelopmentExpenses": 0,
        "generalAndAdministrativeExpenses": 14999000,
        "sellingAndMarketingExpenses": 8680000,
        "sellingGeneralAndAdministrativeExpenses": 23679000,
        "otherExpenses": 3885000,
        "operatingExpenses": 27564000,
        "costAndExpenses": 92161000,
        "interestIncome": 0,
        "interestExpense": 0,
        "depreciationAndAmortization": 6398000,
        "ebitda": 10195000,
        "ebitdaratio": 0.0895468639,
        "operatingIncome": 21730000,
        "operatingIncomeRatio": 0.190863497,
        "totalOtherIncomeExpensesNet": -4330000,
        "incomeBeforeTax": 17156000,
        "incomeBeforeTaxRatio": 0.1506881802,
        "incomeTaxExpense": -8181000,
        "netIncome": 25337000,
        "netIncomeRatio": 0.2225452565,
        "eps": 1.64,
        "epsdiluted": 1.59,
        "weightedAverageShsOut": 15495000,
        "weightedAverageShsOutDil": 15903000,
        "link": null,
        "finalLink": null
    },
    {
        "date": "2017-10-31",
        "symbol": "KMG",
        "reportedCurrency": "USD",
        "cik": "0000000000",
        "fillingDate": "2017-10-31",
        "acceptedDate": "2017-10-31 00:00:00",
        "calendarYear": "2018",
        "period": "Q1",
        "revenue": 110664000,
        "costOfRevenue": 64183000,
        "grossProfit": 46481000,
        "grossProfitRatio": 0.4200191571,
        "researchAndDevelopmentExpenses": 0,
        "generalAndAdministrativeExpenses": 13339000,
        "sellingAndMarketingExpenses": 9442000,
        "sellingGeneralAndAdministrativeExpenses": 22781000,
        "otherExpenses": 3511000,
        "operatingExpenses": 26292000,
        "costAndExpenses": 90475000,
        "interestIncome": 0,
        "interestExpense": 0,
        "depreciationAndAmortization": 10653000,
        "ebitda": 13253000,
        "ebitdaratio": 0.1197589099,
        "operatingIncome": 20080000,
        "operatingIncomeRatio": 0.1814501554,
        "totalOtherIncomeExpensesNet": -157000,
        "incomeBeforeTax": 8479000,
        "incomeBeforeTaxRatio": 0.0766193161,
        "incomeTaxExpense": 2629000,
        "netIncome": 5850000,
        "netIncomeRatio": 0.0528627196,
        "eps": 0.47,
        "epsdiluted": 0.46,
        "weightedAverageShsOut": 12410000,
        "weightedAverageShsOutDil": 12727000,
        "link": null,
        "finalLink": null
    },
    {
        "date": "2017-07-31",
        "symbol": "KMG",
        "reportedCurrency": "USD",
        "cik": "0000000000",
        "fillingDate": "2017-07-31",
        "acceptedDate": "2017-07-31 00:00:00",
        "calendarYear": "2017",
        "period": "Q4",
        "revenue": 96260000,
        "costOfRevenue": 59518000,
        "grossProfit": 36742000,
        "grossProfitRatio": 0.3816954083,
        "researchAndDevelopmentExpenses": 0,
        "generalAndAdministrativeExpenses": 16558000,
        "sellingAndMarketingExpenses": 9989000,
        "sellingGeneralAndAdministrativeExpenses": 26547000,
        "otherExpenses": 190000,
        "operatingExpenses": 26547000,
        "costAndExpenses": 86065000,
        "interestIncome": 0,
        "interestExpense": 0,
        "depreciationAndAmortization": 6100000,
        "ebitda": 10498000,
        "ebitdaratio": 0.1090587991,
        "operatingIncome": 4398000,
        "operatingIncomeRatio": 0.0456887596,
        "totalOtherIncomeExpensesNet": 1517000,
        "incomeBeforeTax": 5915000,
        "incomeBeforeTaxRatio": 0.0614481612,
        "incomeTaxExpense": 577000,
        "netIncome": 5338000,
        "netIncomeRatio": 0.0554539788,
        "eps": 0.45,
        "epsdiluted": 0.43,
        "weightedAverageShsOut": 11890000,
        "weightedAverageShsOutDil": 12436000,
        "link": null,
        "finalLink": null
    },
    {
        "date": "2017-04-30",
        "symbol": "KMG",
        "reportedCurrency": "USD",
        "cik": "0000000000",
        "fillingDate": "2017-04-30",
        "acceptedDate": "2017-04-30 00:00:00",
        "calendarYear": "2017",
        "period": "Q3",
        "revenue": 81616000,
        "costOfRevenue": 49106000,
        "grossProfit": 32510000,
        "grossProfitRatio": 0.3983287591,
        "researchAndDevelopmentExpenses": 0,
        "generalAndAdministrativeExpenses": 13616000,
        "sellingAndMarketingExpenses": 9457000,
        "sellingGeneralAndAdministrativeExpenses": 23073000,
        "otherExpenses": 144000,
        "operatingExpenses": 23073000,
        "costAndExpenses": 72179000,
        "interestIncome": 0,
        "interestExpense": 0,
        "depreciationAndAmortization": 3816000,
        "ebitda": 12233000,
        "ebitdaratio": 0.1498848265,
        "operatingIncome": 9367000,
        "operatingIncomeRatio": 0.1147691629,
        "totalOtherIncomeExpensesNet": 53000,
        "incomeBeforeTax": 9210000,
        "incomeBeforeTaxRatio": 0.1128455205,
        "incomeTaxExpense": 3143000,
        "netIncome": 6067000,
        "netIncomeRatio": 0.0743359145,
        "eps": 0.51,
        "epsdiluted": 0.49,
        "weightedAverageShsOut": 11888000,
        "weightedAverageShsOutDil": 12303000,
        "link": null,
        "finalLink": null
    },
    {
        "date": "2017-01-31",
        "symbol": "KMG",
        "reportedCurrency": "USD",
        "cik": "0000000000",
        "fillingDate": "2017-01-31",
        "acceptedDate": "2017-01-31 00:00:00",
        "calendarYear": "2017",
        "period": "Q2",
        "revenue": 79071000,
        "costOfRevenue": 47869000,
        "grossProfit": 31202000,
        "grossProfitRatio": 0.3946073782,
        "researchAndDevelopmentExpenses": 0,
        "generalAndAdministrativeExpenses": 12392000,
        "sellingAndMarketingExpenses": 9770000,
        "sellingGeneralAndAdministrativeExpenses": 22162000,
        "otherExpenses": 0,
        "operatingExpenses": 22162000,
        "costAndExpenses": 70031000,
        "interestIncome": 0,
        "interestExpense": 194000,
        "depreciationAndAmortization": 3496000,
        "ebitda": 12536000,
        "ebitdaratio": 0.158541058,
        "operatingIncome": 9040000,
        "operatingIncomeRatio": 0.1143276296,
        "totalOtherIncomeExpensesNet": -562000,
        "incomeBeforeTax": 8583000,
        "incomeBeforeTaxRatio": 0.1085480138,
        "incomeTaxExpense": 2097000,
        "netIncome": 6486000,
        "netIncomeRatio": 0.0820275449,
        "eps": 0.55,
        "epsdiluted": 0.53,
        "weightedAverageShsOut": 11882000,
        "weightedAverageShsOutDil": 12293000,
        "link": null,
        "finalLink": null
    },
    {
        "date": "2016-10-31",
        "symbol": "KMG",
        "reportedCurrency": "USD",
        "cik": "0000000000",
        "fillingDate": "2016-10-31",
        "acceptedDate": "2016-10-31 00:00:00",
        "calendarYear": "2017",
        "period": "Q1",
        "revenue": 76495000,
        "costOfRevenue": 46811000,
        "grossProfit": 29684000,
        "grossProfitRatio": 0.3880515066,
        "researchAndDevelopmentExpenses": 0,
        "generalAndAdministrativeExpenses": 11901000,
        "sellingAndMarketingExpenses": 9102000,
        "sellingGeneralAndAdministrativeExpenses": 21003000,
        "otherExpenses": 0,
        "operatingExpenses": 21003000,
        "costAndExpenses": 67814000,
        "interestIncome": 0,
        "interestExpense": 0,
        "depreciationAndAmortization": 3552000,
        "ebitda": 10988000,
        "ebitdaratio": 0.1436433754,
        "operatingIncome": 8681000,
        "operatingIncomeRatio": 0.1134845415,
        "totalOtherIncomeExpensesNet": 1493000,
        "incomeBeforeTax": 8734000,
        "incomeBeforeTaxRatio": 0.1141773972,
        "incomeTaxExpense": 2992000,
        "netIncome": 5742000,
        "netIncomeRatio": 0.0750637297,
        "eps": 0.48,
        "epsdiluted": 0.47,
        "weightedAverageShsOut": 11880000,
        "weightedAverageShsOutDil": 12152000,
        "link": null,
        "finalLink": null
    },
    {
        "date": "2016-07-31",
        "symbol": "KMG",
        "reportedCurrency": "USD",
        "cik": "0000000000",
        "fillingDate": "2016-07-31",
        "acceptedDate": "2016-07-31 00:00:00",
        "calendarYear": "2016",
        "period": "Q4",
        "revenue": 75301000,
        "costOfRevenue": 46444000,
        "grossProfit": 28857000,
        "grossProfitRatio": 0.3832220024,
        "researchAndDevelopmentExpenses": 0,
        "generalAndAdministrativeExpenses": 12680000,
        "sellingAndMarketingExpenses": 8861000,
        "sellingGeneralAndAdministrativeExpenses": 21541000,
        "otherExpenses": 0,
        "operatingExpenses": 21541000,
        "costAndExpenses": 67985000,
        "interestIncome": -58000,
        "interestExpense": 194000,
        "depreciationAndAmortization": 4223000,
        "ebitda": 10171000,
        "ebitdaratio": 0.1350712474,
        "operatingIncome": 7085000,
        "operatingIncomeRatio": 0.0940890559,
        "totalOtherIncomeExpensesNet": -103000,
        "incomeBeforeTax": 6523000,
        "incomeBeforeTaxRatio": 0.0866256756,
        "incomeTaxExpense": 2780000,
        "netIncome": 3743000,
        "netIncomeRatio": 0.0497071752,
        "eps": 0.32,
        "epsdiluted": 0.31,
        "weightedAverageShsOut": 11735000,
        "weightedAverageShsOutDil": 11937000,
        "link": null,
        "finalLink": null
    },
    {
        "date": "2016-04-30",
        "symbol": "KMG",
        "reportedCurrency": "USD",
        "cik": "0000000000",
        "fillingDate": "2016-04-30",
        "acceptedDate": "2016-04-30 00:00:00",
        "calendarYear": "2016",
        "period": "Q3",
        "revenue": 75168000,
        "costOfRevenue": 46010000,
        "grossProfit": 29158000,
        "grossProfitRatio": 0.3879044274,
        "researchAndDevelopmentExpenses": 0,
        "generalAndAdministrativeExpenses": 12575000,
        "sellingAndMarketingExpenses": 9177000,
        "sellingGeneralAndAdministrativeExpenses": 21752000,
        "otherExpenses": 0,
        "operatingExpenses": 21752000,
        "costAndExpenses": 67762000,
        "interestIncome": 0,
        "interestExpense": 152000,
        "depreciationAndAmortization": 3582000,
        "ebitda": 9671000,
        "ebitdaratio": 0.1286584717,
        "operatingIncome": 7029000,
        "operatingIncomeRatio": 0.0935105364,
        "totalOtherIncomeExpensesNet": -169000,
        "incomeBeforeTax": 8522000,
        "incomeBeforeTaxRatio": 0.1133727118,
        "incomeTaxExpense": 2160000,
        "netIncome": 6362000,
        "netIncomeRatio": 0.0846370796,
        "eps": 0.54,
        "epsdiluted": 0.53,
        "weightedAverageShsOut": 11729000,
        "weightedAverageShsOutDil": 11990000,
        "link": null,
        "finalLink": null
    },
    {
        "date": "2016-01-31",
        "symbol": "KMG",
        "reportedCurrency": "USD",
        "cik": "0000000000",
        "fillingDate": "2016-01-31",
        "acceptedDate": "2016-01-31 00:00:00",
        "calendarYear": "2016",
        "period": "Q2",
        "revenue": 70859000,
        "costOfRevenue": 42626000,
        "grossProfit": 28233000,
        "grossProfitRatio": 0.3984391538,
        "researchAndDevelopmentExpenses": 0,
        "generalAndAdministrativeExpenses": 12722000,
        "sellingAndMarketingExpenses": 8819000,
        "sellingGeneralAndAdministrativeExpenses": 21541000,
        "otherExpenses": 0,
        "operatingExpenses": 21541000,
        "costAndExpenses": 64167000,
        "interestIncome": 0,
        "interestExpense": 0,
        "depreciationAndAmortization": 3479000,
        "ebitda": 10577000,
        "ebitdaratio": 0.1492682651,
        "operatingIncome": 6137000,
        "operatingIncomeRatio": 0.0866086171,
        "totalOtherIncomeExpensesNet": -602000,
        "incomeBeforeTax": 6034000,
        "incomeBeforeTaxRatio": 0.0851550262,
        "incomeTaxExpense": 2055000,
        "netIncome": 3979000,
        "netIncomeRatio": 0.0561537702,
        "eps": 0.34,
        "epsdiluted": 0.33,
        "weightedAverageShsOut": 11717000,
        "weightedAverageShsOutDil": 11915000,
        "link": null,
        "finalLink": null
    },
    {
        "date": "2015-10-31",
        "symbol": "KMG",
        "reportedCurrency": "USD",
        "cik": "0000000000",
        "fillingDate": "2015-10-31",
        "acceptedDate": "2015-10-31 00:00:00",
        "calendarYear": "2016",
        "period": "Q1",
        "revenue": 76650000,
        "costOfRevenue": 47390000,
        "grossProfit": 29260000,
        "grossProfitRatio": 0.3817351598,
        "researchAndDevelopmentExpenses": 0,
        "generalAndAdministrativeExpenses": 11215000,
        "sellingAndMarketingExpenses": 10129000,
        "sellingGeneralAndAdministrativeExpenses": 21344000,
        "otherExpenses": 0,
        "operatingExpenses": 21344000,
        "costAndExpenses": 68734000,
        "interestIncome": 41000,
        "interestExpense": 152000,
        "depreciationAndAmortization": 3545000,
        "ebitda": 9042000,
        "ebitdaratio": 0.117964775,
        "operatingIncome": 7320000,
        "operatingIncomeRatio": 0.0954990215,
        "totalOtherIncomeExpensesNet": -4493000,
        "incomeBeforeTax": 7151000,
        "incomeBeforeTaxRatio": 0.0932941944,
        "incomeTaxExpense": 2560000,
        "netIncome": 4591000,
        "netIncomeRatio": 0.0598956295,
        "eps": 0.39,
        "epsdiluted": 0.39,
        "weightedAverageShsOut": 11697000,
        "weightedAverageShsOutDil": 11865000,
        "link": null,
        "finalLink": null
    },
    {
        "date": "2015-07-31",
        "symbol": "KMG",
        "reportedCurrency": "USD",
        "cik": "0000000000",
        "fillingDate": "2015-07-31",
        "acceptedDate": "2015-07-31 00:00:00",
        "calendarYear": "2015",
        "period": "Q4",
        "revenue": 75993000,
        "costOfRevenue": 49477000,
        "grossProfit": 26516000,
        "grossProfitRatio": 0.3489268748,
        "researchAndDevelopmentExpenses": 0,
        "generalAndAdministrativeExpenses": 9297000,
        "sellingAndMarketingExpenses": 10802000,
        "sellingGeneralAndAdministrativeExpenses": 20099000,
        "otherExpenses": 0,
        "operatingExpenses": 20099000,
        "costAndExpenses": 69576000,
        "interestIncome": 0,
        "interestExpense": 0,
        "depreciationAndAmortization": 9220000,
        "ebitda": 6574000,
        "ebitdaratio": 0.0865079678,
        "operatingIncome": 5842000,
        "operatingIncomeRatio": 0.0768755017,
        "totalOtherIncomeExpensesNet": 2692000,
        "incomeBeforeTax": 5535000,
        "incomeBeforeTaxRatio": 0.0728356559,
        "incomeTaxExpense": 2207000,
        "netIncome": 3328000,
        "netIncomeRatio": 0.0437935073,
        "eps": 0.28,
        "epsdiluted": 0.28,
        "weightedAverageShsOut": 11685000,
        "weightedAverageShsOutDil": 11845000,
        "link": null,
        "finalLink": null
    },
    {
        "date": "2015-04-30",
        "symbol": "KMG",
        "reportedCurrency": "USD",
        "cik": "0000000000",
        "fillingDate": "2015-04-30",
        "acceptedDate": "2015-04-30 00:00:00",
        "calendarYear": "2015",
        "period": "Q3",
        "revenue": 73964000,
        "costOfRevenue": 47149000,
        "grossProfit": 26815000,
        "grossProfitRatio": 0.3625412363,
        "researchAndDevelopmentExpenses": 0,
        "generalAndAdministrativeExpenses": 9257000,
        "sellingAndMarketingExpenses": 11700000,
        "sellingGeneralAndAdministrativeExpenses": 20957000,
        "otherExpenses": 0,
        "operatingExpenses": 20957000,
        "costAndExpenses": 68106000,
        "interestIncome": 0,
        "interestExpense": 803000,
        "depreciationAndAmortization": 3184000,
        "ebitda": 8810000,
        "ebitdaratio": 0.1191120004,
        "operatingIncome": 4761000,
        "operatingIncomeRatio": 0.0643691526,
        "totalOtherIncomeExpensesNet": -831000,
        "incomeBeforeTax": 2827000,
        "incomeBeforeTaxRatio": 0.0382212968,
        "incomeTaxExpense": 692000,
        "netIncome": 2135000,
        "netIncomeRatio": 0.028865394,
        "eps": 0.18,
        "epsdiluted": 0.18,
        "weightedAverageShsOut": 11680000,
        "weightedAverageShsOutDil": 11819000,
        "link": null,
        "finalLink": null
    },
    {
        "date": "2015-01-31",
        "symbol": "KMG",
        "reportedCurrency": "USD",
        "cik": "0000000000",
        "fillingDate": "2015-01-31",
        "acceptedDate": "2015-01-31 00:00:00",
        "calendarYear": "2015",
        "period": "Q2",
        "revenue": 79762000,
        "costOfRevenue": 51207000,
        "grossProfit": 28555000,
        "grossProfitRatio": 0.3580025576,
        "researchAndDevelopmentExpenses": 0,
        "generalAndAdministrativeExpenses": 9707000,
        "sellingAndMarketingExpenses": 13022000,
        "sellingGeneralAndAdministrativeExpenses": 22729000,
        "otherExpenses": 0,
        "operatingExpenses": 22729000,
        "costAndExpenses": 73936000,
        "interestIncome": 0,
        "interestExpense": 0,
        "depreciationAndAmortization": 748000,
        "ebitda": 3682000,
        "ebitdaratio": 0.0461623329,
        "operatingIncome": 3167000,
        "operatingIncomeRatio": 0.0397056242,
        "totalOtherIncomeExpensesNet": -4477000,
        "incomeBeforeTax": 8534000,
        "incomeBeforeTaxRatio": 0.1069933051,
        "incomeTaxExpense": 3044000,
        "netIncome": 5490000,
        "netIncomeRatio": 0.0688297686,
        "eps": 0.47,
        "epsdiluted": 0.47,
        "weightedAverageShsOut": 11669000,
        "weightedAverageShsOutDil": 11759000,
        "link": null,
        "finalLink": null
    },
    {
        "date": "2014-10-31",
        "symbol": "KMG",
        "reportedCurrency": "USD",
        "cik": "0000000000",
        "fillingDate": "2014-10-31",
        "acceptedDate": "2014-10-31 00:00:00",
        "calendarYear": "2015",
        "period": "Q1",
        "revenue": 90779000,
        "costOfRevenue": 63188000,
        "grossProfit": 27591000,
        "grossProfitRatio": 0.3039359323,
        "researchAndDevelopmentExpenses": 0,
        "generalAndAdministrativeExpenses": 9200000,
        "sellingAndMarketingExpenses": 12999000,
        "sellingGeneralAndAdministrativeExpenses": 22199000,
        "otherExpenses": 0,
        "operatingExpenses": 22199000,
        "costAndExpenses": 85387000,
        "interestIncome": -123000,
        "interestExpense": 803000,
        "depreciationAndAmortization": 6019000,
        "ebitda": 7386000,
        "ebitdaratio": 0.0813624296,
        "operatingIncome": 2819000,
        "operatingIncomeRatio": 0.0310534375,
        "totalOtherIncomeExpensesNet": -1031000,
        "incomeBeforeTax": 1988000,
        "incomeBeforeTaxRatio": 0.021899338,
        "incomeTaxExpense": 803000,
        "netIncome": 1185000,
        "netIncomeRatio": 0.0130536798,
        "eps": 0.1,
        "epsdiluted": 0.1,
        "weightedAverageShsOut": 11658000,
        "weightedAverageShsOutDil": 11696000,
        "link": null,
        "finalLink": null
    },
    {
        "date": "2014-07-31",
        "symbol": "KMG",
        "reportedCurrency": "USD",
        "cik": "0000000000",
        "fillingDate": "2014-07-31",
        "acceptedDate": "2014-07-31 00:00:00",
        "calendarYear": "2014",
        "period": "Q4",
        "revenue": 91156000,
        "costOfRevenue": 63179000,
        "grossProfit": 27977000,
        "grossProfitRatio": 0.3069134231,
        "researchAndDevelopmentExpenses": 0,
        "generalAndAdministrativeExpenses": 9336000,
        "sellingAndMarketingExpenses": 13272000,
        "sellingGeneralAndAdministrativeExpenses": 22608000,
        "otherExpenses": 0,
        "operatingExpenses": 22608000,
        "costAndExpenses": 85787000,
        "interestIncome": 0,
        "interestExpense": 0,
        "depreciationAndAmortization": 7905000,
        "ebitda": 5975000,
        "ebitdaratio": 0.0655469744,
        "operatingIncome": -415000,
        "operatingIncomeRatio": -0.004552635,
        "totalOtherIncomeExpensesNet": -1969000,
        "incomeBeforeTax": -1310000,
        "incomeBeforeTaxRatio": -0.0143709684,
        "incomeTaxExpense": -488000,
        "netIncome": -822000,
        "netIncomeRatio": -0.0090175084,
        "eps": -0.0706,
        "epsdiluted": -0.0706,
        "weightedAverageShsOut": 11641000,
        "weightedAverageShsOutDil": 11641000,
        "link": null,
        "finalLink": null
    },
    {
        "date": "2014-04-30",
        "symbol": "KMG",
        "reportedCurrency": "USD",
        "cik": "0000000000",
        "fillingDate": "2014-04-30",
        "acceptedDate": "2014-04-30 00:00:00",
        "calendarYear": "2014",
        "period": "Q3",
        "revenue": 84437000,
        "costOfRevenue": 59672000,
        "grossProfit": 24765000,
        "grossProfitRatio": 0.2932955932,
        "researchAndDevelopmentExpenses": 0,
        "generalAndAdministrativeExpenses": 8815000,
        "sellingAndMarketingExpenses": 11975000,
        "sellingGeneralAndAdministrativeExpenses": 20790000,
        "otherExpenses": 0,
        "operatingExpenses": 20790000,
        "costAndExpenses": 80462000,
        "interestIncome": 0,
        "interestExpense": 0,
        "depreciationAndAmortization": 3411000,
        "ebitda": 6519000,
        "ebitdaratio": 0.0772054905,
        "operatingIncome": 2914000,
        "operatingIncomeRatio": 0.0345109371,
        "totalOtherIncomeExpensesNet": -1172000,
        "incomeBeforeTax": 1883000,
        "incomeBeforeTaxRatio": 0.0223006502,
        "incomeTaxExpense": 657000,
        "netIncome": 1226000,
        "netIncomeRatio": 0.0145197011,
        "eps": 0.11,
        "epsdiluted": 0.11,
        "weightedAverageShsOut": 11634000,
        "weightedAverageShsOutDil": 11673000,
        "link": null,
        "finalLink": null
    },
    {
        "date": "2014-01-31",
        "symbol": "KMG",
        "reportedCurrency": "USD",
        "cik": "0000000000",
        "fillingDate": "2014-01-31",
        "acceptedDate": "2014-01-31 00:00:00",
        "calendarYear": "2014",
        "period": "Q2",
        "revenue": 84253000,
        "costOfRevenue": 59063000,
        "grossProfit": 25190000,
        "grossProfitRatio": 0.2989804517,
        "researchAndDevelopmentExpenses": 0,
        "generalAndAdministrativeExpenses": 9870000,
        "sellingAndMarketingExpenses": 12892000,
        "sellingGeneralAndAdministrativeExpenses": 22762000,
        "otherExpenses": 0,
        "operatingExpenses": 22762000,
        "costAndExpenses": 81825000,
        "interestIncome": 0,
        "interestExpense": 0,
        "depreciationAndAmortization": 3547000,
        "ebitda": 2525000,
        "ebitdaratio": 0.0299692593,
        "operatingIncome": -1603000,
        "operatingIncomeRatio": -0.0190260287,
        "totalOtherIncomeExpensesNet": -781000,
        "incomeBeforeTax": -2384000,
        "incomeBeforeTaxRatio": -0.0282957283,
        "incomeTaxExpense": 360000,
        "netIncome": -2744000,
        "netIncomeRatio": -0.0325685732,
        "eps": -0.24,
        "epsdiluted": -0.24,
        "weightedAverageShsOut": 11613000,
        "weightedAverageShsOutDil": 11613000,
        "link": null,
        "finalLink": null
    },
    {
        "date": "2013-10-31",
        "symbol": "KMG",
        "reportedCurrency": "USD",
        "cik": "0000000000",
        "fillingDate": "2013-10-31",
        "acceptedDate": "2013-10-31 00:00:00",
        "calendarYear": "2014",
        "period": "Q1",
        "revenue": 93560000,
        "costOfRevenue": 67993000,
        "grossProfit": 25567000,
        "grossProfitRatio": 0.2732684908,
        "researchAndDevelopmentExpenses": 0,
        "generalAndAdministrativeExpenses": 10400000,
        "sellingAndMarketingExpenses": 12112000,
        "sellingGeneralAndAdministrativeExpenses": 22512000,
        "otherExpenses": 0,
        "operatingExpenses": 22512000,
        "costAndExpenses": 90505000,
        "interestIncome": 0,
        "interestExpense": 0,
        "depreciationAndAmortization": 3464000,
        "ebitda": 6258000,
        "ebitdaratio": 0.0668875588,
        "operatingIncome": 3055000,
        "operatingIncomeRatio": 0.0326528431,
        "totalOtherIncomeExpensesNet": 863000,
        "incomeBeforeTax": 2077000,
        "incomeBeforeTaxRatio": 0.022199658,
        "incomeTaxExpense": 725000,
        "netIncome": 1352000,
        "netIncomeRatio": 0.0144506199,
        "eps": 0.12,
        "epsdiluted": 0.12,
        "weightedAverageShsOut": 11575000,
        "weightedAverageShsOutDil": 11610000,
        "link": null,
        "finalLink": null
    },
    {
        "date": "2013-07-31",
        "symbol": "KMG",
        "reportedCurrency": "USD",
        "cik": "0000000000",
        "fillingDate": "2013-07-31",
        "acceptedDate": "2013-07-31 00:00:00",
        "calendarYear": "2013",
        "period": "Q4",
        "revenue": 81087000,
        "costOfRevenue": 56759000,
        "grossProfit": 24328000,
        "grossProfitRatio": 0.3000234316,
        "researchAndDevelopmentExpenses": 0,
        "generalAndAdministrativeExpenses": 10865000,
        "sellingAndMarketingExpenses": 10938000,
        "sellingGeneralAndAdministrativeExpenses": 21803000,
        "otherExpenses": 0,
        "operatingExpenses": 21803000,
        "costAndExpenses": 78562000,
        "interestIncome": 0,
        "interestExpense": 395000,
        "depreciationAndAmortization": 2888000,
        "ebitda": 4867000,
        "ebitdaratio": 0.0600219517,
        "operatingIncome": 2525000,
        "operatingIncomeRatio": 0.0311393935,
        "totalOtherIncomeExpensesNet": 200000,
        "incomeBeforeTax": 1915000,
        "incomeBeforeTaxRatio": 0.0236166093,
        "incomeTaxExpense": 1184000,
        "netIncome": 723000,
        "netIncomeRatio": 0.0089163491,
        "eps": 0.0628,
        "epsdiluted": 0.0624,
        "weightedAverageShsOut": 11521000,
        "weightedAverageShsOutDil": 11590000,
        "link": null,
        "finalLink": null
    },
    {
        "date": "2013-04-30",
        "symbol": "KMG",
        "reportedCurrency": "USD",
        "cik": "0000000000",
        "fillingDate": "2013-04-30",
        "acceptedDate": "2013-04-30 00:00:00",
        "calendarYear": "2013",
        "period": "Q3",
        "revenue": 59929000,
        "costOfRevenue": 43596000,
        "grossProfit": 16333000,
        "grossProfitRatio": 0.2725391714,
        "researchAndDevelopmentExpenses": 0,
        "generalAndAdministrativeExpenses": 5579000,
        "sellingAndMarketingExpenses": 6399000,
        "sellingGeneralAndAdministrativeExpenses": 11978000,
        "otherExpenses": 0,
        "operatingExpenses": 11978000,
        "costAndExpenses": 55574000,
        "interestIncome": 0,
        "interestExpense": 0,
        "depreciationAndAmortization": 1903000,
        "ebitda": 6307000,
        "ebitdaratio": 0.1052412021,
        "operatingIncome": 4355000,
        "operatingIncomeRatio": 0.0726693254,
        "totalOtherIncomeExpensesNet": -437000,
        "incomeBeforeTax": 3918000,
        "incomeBeforeTaxRatio": 0.0653773632,
        "incomeTaxExpense": 1026000,
        "netIncome": 2865000,
        "netIncomeRatio": 0.0478065711,
        "eps": 0.25,
        "epsdiluted": 0.25,
        "weightedAverageShsOut": 11513000,
        "weightedAverageShsOutDil": 11580000,
        "link": null,
        "finalLink": null
    },
    {
        "date": "2013-01-31",
        "symbol": "KMG",
        "reportedCurrency": "USD",
        "cik": "0000000000",
        "fillingDate": "2013-01-31",
        "acceptedDate": "2013-01-31 00:00:00",
        "calendarYear": "2013",
        "period": "Q2",
        "revenue": 56959000,
        "costOfRevenue": 41238000,
        "grossProfit": 15721000,
        "grossProfitRatio": 0.2760055479,
        "researchAndDevelopmentExpenses": 0,
        "generalAndAdministrativeExpenses": 6603000,
        "sellingAndMarketingExpenses": 5922000,
        "sellingGeneralAndAdministrativeExpenses": 12525000,
        "otherExpenses": 0,
        "operatingExpenses": 12525000,
        "costAndExpenses": 53763000,
        "interestIncome": 0,
        "interestExpense": 395000,
        "depreciationAndAmortization": 1747000,
        "ebitda": 4943000,
        "ebitdaratio": 0.0867817202,
        "operatingIncome": 3196000,
        "operatingIncomeRatio": 0.0561105356,
        "totalOtherIncomeExpensesNet": -471000,
        "incomeBeforeTax": 2725000,
        "incomeBeforeTaxRatio": 0.0478414298,
        "incomeTaxExpense": 1070000,
        "netIncome": 1618000,
        "netIncomeRatio": 0.0284063976,
        "eps": 0.14,
        "epsdiluted": 0.14,
        "weightedAverageShsOut": 11480000,
        "weightedAverageShsOutDil": 11578000,
        "link": null,
        "finalLink": null
    },
    {
        "date": "2012-10-31",
        "symbol": "KMG",
        "reportedCurrency": "USD",
        "cik": "0000000000",
        "fillingDate": "2012-10-31",
        "acceptedDate": "2012-10-30 20:00:00",
        "calendarYear": "2013",
        "period": "Q1",
        "revenue": 65336000,
        "costOfRevenue": 45248000,
        "grossProfit": 20088000,
        "grossProfitRatio": 0.3074568385,
        "researchAndDevelopmentExpenses": 0,
        "generalAndAdministrativeExpenses": 5931000,
        "sellingAndMarketingExpenses": 7053000,
        "sellingGeneralAndAdministrativeExpenses": 12984000,
        "otherExpenses": 0,
        "operatingExpenses": 12984000,
        "costAndExpenses": 58232000,
        "interestIncome": 0,
        "interestExpense": 411000,
        "depreciationAndAmortization": 1757000,
        "ebitda": 8745000,
        "ebitdaratio": 0.1338465777,
        "operatingIncome": 7104000,
        "operatingIncomeRatio": 0.1087302559,
        "totalOtherIncomeExpensesNet": -461000,
        "incomeBeforeTax": 6643000,
        "incomeBeforeTaxRatio": 0.1016744215,
        "incomeTaxExpense": 2435000,
        "netIncome": 4142000,
        "netIncomeRatio": 0.0633953716,
        "eps": 0.36,
        "epsdiluted": 0.36,
        "weightedAverageShsOut": 11436000,
        "weightedAverageShsOutDil": 11564000,
        "link": "",
        "finalLink": ""
    },
    {
        "date": "2012-07-31",
        "symbol": "KMG",
        "reportedCurrency": "USD",
        "cik": "0000000000",
        "fillingDate": "2012-07-31",
        "acceptedDate": "2012-07-30 20:00:00",
        "calendarYear": "2012",
        "period": "Q4",
        "revenue": 67607000,
        "costOfRevenue": 46964000,
        "grossProfit": 20643000,
        "grossProfitRatio": 0.3053382046,
        "researchAndDevelopmentExpenses": 0,
        "generalAndAdministrativeExpenses": 6468000,
        "sellingAndMarketingExpenses": 7480000,
        "sellingGeneralAndAdministrativeExpenses": 13948000,
        "otherExpenses": 0,
        "operatingExpenses": 13948000,
        "costAndExpenses": 60912000,
        "interestIncome": 0,
        "interestExpense": 490000,
        "depreciationAndAmortization": 1733000,
        "ebitda": 8197000,
        "ebitdaratio": 0.1212448415,
        "operatingIncome": 6695000,
        "operatingIncomeRatio": 0.0990282071,
        "totalOtherIncomeExpensesNet": -564000,
        "incomeBeforeTax": 6131000,
        "incomeBeforeTaxRatio": 0.0906858757,
        "incomeTaxExpense": 2111000,
        "netIncome": 3863000,
        "netIncomeRatio": 0.0571390536,
        "eps": 0.34,
        "epsdiluted": 0.33,
        "weightedAverageShsOut": 11388000,
        "weightedAverageShsOutDil": 11545000,
        "link": "",
        "finalLink": ""
    },
    {
        "date": "2012-04-30",
        "symbol": "KMG",
        "reportedCurrency": "USD",
        "cik": "0000000000",
        "fillingDate": "2012-04-30",
        "acceptedDate": "2012-04-29 20:00:00",
        "calendarYear": "2012",
        "period": "Q3",
        "revenue": 66579000,
        "costOfRevenue": 45973000,
        "grossProfit": 20606000,
        "grossProfitRatio": 0.3094969885,
        "researchAndDevelopmentExpenses": 0,
        "generalAndAdministrativeExpenses": 6320000,
        "sellingAndMarketingExpenses": 7418000,
        "sellingGeneralAndAdministrativeExpenses": 13738000,
        "otherExpenses": 0,
        "operatingExpenses": 13738000,
        "costAndExpenses": 59711000,
        "interestIncome": 0,
        "interestExpense": 504000,
        "depreciationAndAmortization": 1740000,
        "ebitda": 8626000,
        "ebitdaratio": 0.1295603719,
        "operatingIncome": 6868000,
        "operatingIncomeRatio": 0.1031556497,
        "totalOtherIncomeExpensesNet": -552000,
        "incomeBeforeTax": 6316000,
        "incomeBeforeTaxRatio": 0.0948647471,
        "incomeTaxExpense": 2417000,
        "netIncome": 3965000,
        "netIncomeRatio": 0.0595533126,
        "eps": 0.35,
        "epsdiluted": 0.34,
        "weightedAverageShsOut": 11363000,
        "weightedAverageShsOutDil": 11539000,
        "link": "",
        "finalLink": ""
    },
    {
        "date": "2012-01-31",
        "symbol": "KMG",
        "reportedCurrency": "USD",
        "cik": "0000000000",
        "fillingDate": "2012-01-31",
        "acceptedDate": "2012-01-30 19:00:00",
        "calendarYear": "2012",
        "period": "Q2",
        "revenue": 69650000,
        "costOfRevenue": 51596000,
        "grossProfit": 18054000,
        "grossProfitRatio": 0.2592103374,
        "researchAndDevelopmentExpenses": 0,
        "generalAndAdministrativeExpenses": 7076000,
        "sellingAndMarketingExpenses": 5846000,
        "sellingGeneralAndAdministrativeExpenses": 12922000,
        "otherExpenses": 0,
        "operatingExpenses": 12922000,
        "costAndExpenses": 64518000,
        "interestIncome": 1000,
        "interestExpense": 556000,
        "depreciationAndAmortization": 1780000,
        "ebitda": 6579000,
        "ebitdaratio": 0.0944580043,
        "operatingIncome": 5132000,
        "operatingIncomeRatio": 0.0736826992,
        "totalOtherIncomeExpensesNet": -627000,
        "incomeBeforeTax": 4505000,
        "incomeBeforeTaxRatio": 0.0646805456,
        "incomeTaxExpense": 1781000,
        "netIncome": 2462000,
        "netIncomeRatio": 0.0353481694,
        "eps": 0.22,
        "epsdiluted": 0.21,
        "weightedAverageShsOut": 11353000,
        "weightedAverageShsOutDil": 11516000,
        "link": "",
        "finalLink": ""
    },
    {
        "date": "2011-10-31",
        "symbol": "KMG",
        "reportedCurrency": "USD",
        "cik": "0000000000",
        "fillingDate": "2011-10-31",
        "acceptedDate": "2011-10-30 20:00:00",
        "calendarYear": "2012",
        "period": "Q1",
        "revenue": 73307000,
        "costOfRevenue": 54126000,
        "grossProfit": 19181000,
        "grossProfitRatio": 0.2616530481,
        "researchAndDevelopmentExpenses": 0,
        "generalAndAdministrativeExpenses": 6536000,
        "sellingAndMarketingExpenses": 6137000,
        "sellingGeneralAndAdministrativeExpenses": 12673000,
        "otherExpenses": 0,
        "operatingExpenses": 12673000,
        "costAndExpenses": 66799000,
        "interestIncome": 0,
        "interestExpense": 550000,
        "depreciationAndAmortization": 1765000,
        "ebitda": 8165000,
        "ebitdaratio": 0.111380905,
        "operatingIncome": 6508000,
        "operatingIncomeRatio": 0.0887773337,
        "totalOtherIncomeExpensesNet": -625000,
        "incomeBeforeTax": 5883000,
        "incomeBeforeTaxRatio": 0.0802515449,
        "incomeTaxExpense": 2315000,
        "netIncome": 3535000,
        "netIncomeRatio": 0.0482218615,
        "eps": 0.31,
        "epsdiluted": 0.31,
        "weightedAverageShsOut": 11348000,
        "weightedAverageShsOutDil": 11511000,
        "link": "",
        "finalLink": ""
    },
    {
        "date": "2011-07-31",
        "symbol": "KMG",
        "reportedCurrency": "USD",
        "cik": "0000000000",
        "fillingDate": "2011-07-31",
        "acceptedDate": "2011-07-30 20:00:00",
        "calendarYear": "2011",
        "period": "Q4",
        "revenue": 74242000,
        "costOfRevenue": 56242000,
        "grossProfit": 18000000,
        "grossProfitRatio": 0.242450365,
        "researchAndDevelopmentExpenses": 0,
        "generalAndAdministrativeExpenses": 0,
        "sellingAndMarketingExpenses": 0,
        "sellingGeneralAndAdministrativeExpenses": -13664000,
        "otherExpenses": 28957000,
        "operatingExpenses": 15293000,
        "costAndExpenses": 71535000,
        "interestIncome": 0,
        "interestExpense": 571000,
        "depreciationAndAmortization": 1666000,
        "ebitda": 4303000,
        "ebitdaratio": 0.0579591067,
        "operatingIncome": 2707000,
        "operatingIncomeRatio": 0.036461841,
        "totalOtherIncomeExpensesNet": -639000,
        "incomeBeforeTax": 2068000,
        "incomeBeforeTaxRatio": 0.027854853,
        "incomeTaxExpense": 884000,
        "netIncome": 1182000,
        "netIncomeRatio": 0.0159209073,
        "eps": 0.1,
        "epsdiluted": 0.1,
        "weightedAverageShsOut": 11348000,
        "weightedAverageShsOutDil": 11511000,
        "link": "",
        "finalLink": ""
    },
    {
        "date": "2011-04-30",
        "symbol": "KMG",
        "reportedCurrency": "USD",
        "cik": "0000000000",
        "fillingDate": "2011-04-30",
        "acceptedDate": "2011-04-29 20:00:00",
        "calendarYear": "2011",
        "period": "Q3",
        "revenue": 65074000,
        "costOfRevenue": 47320000,
        "grossProfit": 17754000,
        "grossProfitRatio": 0.2728278575,
        "researchAndDevelopmentExpenses": 0,
        "generalAndAdministrativeExpenses": 0,
        "sellingAndMarketingExpenses": 0,
        "sellingGeneralAndAdministrativeExpenses": 13171000,
        "otherExpenses": 0,
        "operatingExpenses": 13171000,
        "costAndExpenses": 60491000,
        "interestIncome": 0,
        "interestExpense": 571000,
        "depreciationAndAmortization": 1842000,
        "ebitda": 6431000,
        "ebitdaratio": 0.098825952,
        "operatingIncome": 4583000,
        "operatingIncomeRatio": 0.0704275133,
        "totalOtherIncomeExpensesNet": -521000,
        "incomeBeforeTax": 4062000,
        "incomeBeforeTaxRatio": 0.0624212435,
        "incomeTaxExpense": 1411000,
        "netIncome": 2607000,
        "netIncomeRatio": 0.0400620832,
        "eps": 0.23,
        "epsdiluted": 0.23,
        "weightedAverageShsOut": 11313000,
        "weightedAverageShsOutDil": 11499000,
        "link": "",
        "finalLink": ""
    },
    {
        "date": "2011-01-31",
        "symbol": "KMG",
        "reportedCurrency": "USD",
        "cik": "0000000000",
        "fillingDate": "2011-01-31",
        "acceptedDate": "2011-01-30 19:00:00",
        "calendarYear": "2011",
        "period": "Q2",
        "revenue": 64936000,
        "costOfRevenue": 46670000,
        "grossProfit": 18266000,
        "grossProfitRatio": 0.2812923494,
        "researchAndDevelopmentExpenses": 0,
        "generalAndAdministrativeExpenses": 0,
        "sellingAndMarketingExpenses": 0,
        "sellingGeneralAndAdministrativeExpenses": 13460000,
        "otherExpenses": 0,
        "operatingExpenses": 13460000,
        "costAndExpenses": 60130000,
        "interestIncome": 0,
        "interestExpense": 599000,
        "depreciationAndAmortization": 1606000,
        "ebitda": 6135000,
        "ebitdaratio": 0.0944776395,
        "operatingIncome": 4806000,
        "operatingIncomeRatio": 0.0740113342,
        "totalOtherIncomeExpensesNet": -840000,
        "incomeBeforeTax": 3966000,
        "incomeBeforeTaxRatio": 0.0610755205,
        "incomeTaxExpense": 1506000,
        "netIncome": 2424000,
        "netIncomeRatio": 0.0373290625,
        "eps": 0.21,
        "epsdiluted": 0.21,
        "weightedAverageShsOut": 11308000,
        "weightedAverageShsOutDil": 11495000,
        "link": "",
        "finalLink": ""
    },
    {
        "date": "2010-10-31",
        "symbol": "KMG",
        "reportedCurrency": "USD",
        "cik": "0000000000",
        "fillingDate": "2010-10-31",
        "acceptedDate": "2010-10-30 20:00:00",
        "calendarYear": "2011",
        "period": "Q1",
        "revenue": 62104000,
        "costOfRevenue": 44736000,
        "grossProfit": 17368000,
        "grossProfitRatio": 0.2796599253,
        "researchAndDevelopmentExpenses": 0,
        "generalAndAdministrativeExpenses": 0,
        "sellingAndMarketingExpenses": 0,
        "sellingGeneralAndAdministrativeExpenses": 11808000,
        "otherExpenses": 0,
        "operatingExpenses": 11808000,
        "costAndExpenses": 56544000,
        "interestIncome": 1000,
        "interestExpense": 595000,
        "depreciationAndAmortization": 2240000,
        "ebitda": 7852000,
        "ebitdaratio": 0.12643308,
        "operatingIncome": 5560000,
        "operatingIncomeRatio": 0.0895272446,
        "totalOtherIncomeExpensesNet": -543000,
        "incomeBeforeTax": 5017000,
        "incomeBeforeTaxRatio": 0.0807838465,
        "incomeTaxExpense": 1501000,
        "netIncome": 3516000,
        "netIncomeRatio": 0.0566147108,
        "eps": 0.31,
        "epsdiluted": 0.31,
        "weightedAverageShsOut": 11299000,
        "weightedAverageShsOutDil": 11460000,
        "link": "",
        "finalLink": ""
    },
    {
        "date": "2010-07-31",
        "symbol": "KMG",
        "reportedCurrency": "USD",
        "cik": "0000000000",
        "fillingDate": "2010-07-31",
        "acceptedDate": "2010-07-30 20:00:00",
        "calendarYear": "2010",
        "period": "Q4",
        "revenue": 62466000,
        "costOfRevenue": 43834000,
        "grossProfit": 18632000,
        "grossProfitRatio": 0.2982742612,
        "researchAndDevelopmentExpenses": 0,
        "generalAndAdministrativeExpenses": 0,
        "sellingAndMarketingExpenses": 0,
        "sellingGeneralAndAdministrativeExpenses": 12359000,
        "otherExpenses": 0,
        "operatingExpenses": 12359000,
        "costAndExpenses": 56193000,
        "interestIncome": 0,
        "interestExpense": 618000,
        "depreciationAndAmortization": 2269000,
        "ebitda": 8499000,
        "ebitdaratio": 0.1360580156,
        "operatingIncome": 6273000,
        "operatingIncomeRatio": 0.1004226299,
        "totalOtherIncomeExpensesNet": -661000,
        "incomeBeforeTax": 5612000,
        "incomeBeforeTaxRatio": 0.0898408734,
        "incomeTaxExpense": 2207000,
        "netIncome": 3405000,
        "netIncomeRatio": 0.0545096533,
        "eps": 0.3,
        "epsdiluted": 0.3,
        "weightedAverageShsOut": 11299000,
        "weightedAverageShsOutDil": 11460000,
        "link": "",
        "finalLink": ""
    },
    {
        "date": "2010-04-30",
        "symbol": "KMG",
        "reportedCurrency": "USD",
        "cik": "0000000000",
        "fillingDate": "2010-04-30",
        "acceptedDate": "2010-04-29 20:00:00",
        "calendarYear": "2010",
        "period": "Q3",
        "revenue": 51614000,
        "costOfRevenue": 35658000,
        "grossProfit": 15956000,
        "grossProfitRatio": 0.3091409308,
        "researchAndDevelopmentExpenses": 0,
        "generalAndAdministrativeExpenses": 0,
        "sellingAndMarketingExpenses": 0,
        "sellingGeneralAndAdministrativeExpenses": 10124000,
        "otherExpenses": 0,
        "operatingExpenses": 10124000,
        "costAndExpenses": 45782000,
        "interestIncome": 3000,
        "interestExpense": 542000,
        "depreciationAndAmortization": 1625000,
        "ebitda": 7391000,
        "ebitdaratio": 0.1431975821,
        "operatingIncome": 5832000,
        "operatingIncomeRatio": 0.1129925989,
        "totalOtherIncomeExpensesNet": -608000,
        "incomeBeforeTax": 5224000,
        "incomeBeforeTaxRatio": 0.1012128492,
        "incomeTaxExpense": 1882000,
        "netIncome": 3342000,
        "netIncomeRatio": 0.0647498741,
        "eps": 0.3,
        "epsdiluted": 0.29,
        "weightedAverageShsOut": 11198000,
        "weightedAverageShsOutDil": 11436000,
        "link": "",
        "finalLink": ""
    },
    {
        "date": "2010-01-31",
        "symbol": "KMG",
        "reportedCurrency": "USD",
        "cik": "0000000000",
        "fillingDate": "2010-01-31",
        "acceptedDate": "2010-01-30 19:00:00",
        "calendarYear": "2010",
        "period": "Q2",
        "revenue": 45134000,
        "costOfRevenue": 28422000,
        "grossProfit": 16712000,
        "grossProfitRatio": 0.3702751806,
        "researchAndDevelopmentExpenses": 0,
        "generalAndAdministrativeExpenses": 0,
        "sellingAndMarketingExpenses": 0,
        "sellingGeneralAndAdministrativeExpenses": 9788000,
        "otherExpenses": 0,
        "operatingExpenses": 9788000,
        "costAndExpenses": 38210000,
        "interestIncome": 1000,
        "interestExpense": 535000,
        "depreciationAndAmortization": 1438000,
        "ebitda": 8292000,
        "ebitdaratio": 0.1837195906,
        "operatingIncome": 6924000,
        "operatingIncomeRatio": 0.1534098462,
        "totalOtherIncomeExpensesNet": -605000,
        "incomeBeforeTax": 6319000,
        "incomeBeforeTaxRatio": 0.1400053175,
        "incomeTaxExpense": 2356000,
        "netIncome": 3963000,
        "netIncomeRatio": 0.0878052023,
        "eps": 0.36,
        "epsdiluted": 0.35,
        "weightedAverageShsOut": 11162000,
        "weightedAverageShsOutDil": 11420000,
        "link": "",
        "finalLink": ""
    },
    {
        "date": "2009-10-31",
        "symbol": "KMG",
        "reportedCurrency": "USD",
        "cik": "0000000000",
        "fillingDate": "2009-10-31",
        "acceptedDate": "2009-10-30 20:00:00",
        "calendarYear": "2010",
        "period": "Q1",
        "revenue": 49414000,
        "costOfRevenue": 31023000,
        "grossProfit": 18391000,
        "grossProfitRatio": 0.3721819727,
        "researchAndDevelopmentExpenses": 0,
        "generalAndAdministrativeExpenses": 0,
        "sellingAndMarketingExpenses": 0,
        "sellingGeneralAndAdministrativeExpenses": 10441000,
        "otherExpenses": 0,
        "operatingExpenses": 10441000,
        "costAndExpenses": 41464000,
        "interestIncome": 1000,
        "interestExpense": 557000,
        "depreciationAndAmortization": 1379000,
        "ebitda": 9302000,
        "ebitdaratio": 0.188246246,
        "operatingIncome": 7950000,
        "operatingIncomeRatio": 0.160885579,
        "totalOtherIncomeExpensesNet": -584000,
        "incomeBeforeTax": 7366000,
        "incomeBeforeTaxRatio": 0.149067066,
        "incomeTaxExpense": 2746000,
        "netIncome": 4620000,
        "netIncomeRatio": 0.0934957704,
        "eps": 0.41,
        "epsdiluted": 0.41,
        "weightedAverageShsOut": 11144000,
        "weightedAverageShsOutDil": 11375000,
        "link": "",
        "finalLink": ""
    },
    {
        "date": "2009-07-31",
        "symbol": "KMG",
        "reportedCurrency": "USD",
        "cik": "0000000000",
        "fillingDate": "2009-07-31",
        "acceptedDate": "2009-07-30 20:00:00",
        "calendarYear": "2009",
        "period": "Q4",
        "revenue": 48411000,
        "costOfRevenue": 28860000,
        "grossProfit": 19551000,
        "grossProfitRatio": 0.4038544959,
        "researchAndDevelopmentExpenses": 0,
        "generalAndAdministrativeExpenses": 0,
        "sellingAndMarketingExpenses": 0,
        "sellingGeneralAndAdministrativeExpenses": 10174000,
        "otherExpenses": 0,
        "operatingExpenses": 10174000,
        "costAndExpenses": 39034000,
        "interestIncome": 0,
        "interestExpense": 636000,
        "depreciationAndAmortization": 1464000,
        "ebitda": 10789000,
        "ebitdaratio": 0.2228625726,
        "operatingIncome": 9377000,
        "operatingIncomeRatio": 0.1936956477,
        "totalOtherIncomeExpensesNet": -681000,
        "incomeBeforeTax": 8696000,
        "incomeBeforeTaxRatio": 0.1796285968,
        "incomeTaxExpense": 3775000,
        "netIncome": 4914000,
        "netIncomeRatio": 0.1015058561,
        "eps": 0.44,
        "epsdiluted": 0.43,
        "weightedAverageShsOut": 11144000,
        "weightedAverageShsOutDil": 11375000,
        "link": "",
        "finalLink": ""
    },
    {
        "date": "2009-04-30",
        "symbol": "KMG",
        "reportedCurrency": "USD",
        "cik": "0000000000",
        "fillingDate": "2009-04-30",
        "acceptedDate": "2009-04-29 20:00:00",
        "calendarYear": "2009",
        "period": "Q3",
        "revenue": 45869000,
        "costOfRevenue": 30519000,
        "grossProfit": 15350000,
        "grossProfitRatio": 0.3346486734,
        "researchAndDevelopmentExpenses": 0,
        "generalAndAdministrativeExpenses": 0,
        "sellingAndMarketingExpenses": 0,
        "sellingGeneralAndAdministrativeExpenses": 9910000,
        "otherExpenses": 0,
        "operatingExpenses": 9910000,
        "costAndExpenses": 40429000,
        "interestIncome": 1000,
        "interestExpense": 732000,
        "depreciationAndAmortization": 1316000,
        "ebitda": 6732000,
        "ebitdaratio": 0.1467657895,
        "operatingIncome": 5440000,
        "operatingIncomeRatio": 0.1185986178,
        "totalOtherIncomeExpensesNet": -746000,
        "incomeBeforeTax": 4694000,
        "incomeBeforeTaxRatio": 0.1023349103,
        "incomeTaxExpense": 1902000,
        "netIncome": 2782000,
        "netIncomeRatio": 0.0606509843,
        "eps": 0.25,
        "epsdiluted": 0.25,
        "weightedAverageShsOut": 11090000,
        "weightedAverageShsOutDil": 11208000,
        "link": "",
        "finalLink": ""
    },
    {
        "date": "2009-01-31",
        "symbol": "KMG",
        "reportedCurrency": "USD",
        "cik": "0000000000",
        "fillingDate": "2009-01-31",
        "acceptedDate": "2009-01-30 19:00:00",
        "calendarYear": "2009",
        "period": "Q2",
        "revenue": 44207000,
        "costOfRevenue": 30471000,
        "grossProfit": 13736000,
        "grossProfitRatio": 0.3107200217,
        "researchAndDevelopmentExpenses": 0,
        "generalAndAdministrativeExpenses": 0,
        "sellingAndMarketingExpenses": 0,
        "sellingGeneralAndAdministrativeExpenses": 11229000,
        "otherExpenses": 0,
        "operatingExpenses": 11229000,
        "costAndExpenses": 41700000,
        "interestIncome": 4000,
        "interestExpense": 785000,
        "depreciationAndAmortization": 1610000,
        "ebitda": 3870000,
        "ebitdaratio": 0.0875426969,
        "operatingIncome": 2507000,
        "operatingIncomeRatio": 0.0567104757,
        "totalOtherIncomeExpensesNet": -1028000,
        "incomeBeforeTax": 1479000,
        "incomeBeforeTaxRatio": 0.03345624,
        "incomeTaxExpense": 572000,
        "netIncome": 903000,
        "netIncomeRatio": 0.0204266293,
        "eps": 0.0815,
        "epsdiluted": 0.0805,
        "weightedAverageShsOut": 11083000,
        "weightedAverageShsOutDil": 11221000,
        "link": "",
        "finalLink": ""
    },
    {
        "date": "2008-10-31",
        "symbol": "KMG",
        "reportedCurrency": "USD",
        "cik": "0000000000",
        "fillingDate": "2008-10-31",
        "acceptedDate": "2008-10-30 20:00:00",
        "calendarYear": "2009",
        "period": "Q1",
        "revenue": 52233000,
        "costOfRevenue": 36703000,
        "grossProfit": 15530000,
        "grossProfitRatio": 0.2973216166,
        "researchAndDevelopmentExpenses": 0,
        "generalAndAdministrativeExpenses": 0,
        "sellingAndMarketingExpenses": 0,
        "sellingGeneralAndAdministrativeExpenses": 12005000,
        "otherExpenses": 0,
        "operatingExpenses": 12005000,
        "costAndExpenses": 48708000,
        "interestIncome": 2000,
        "interestExpense": 879000,
        "depreciationAndAmortization": 1778000,
        "ebitda": 5272000,
        "ebitdaratio": 0.1009323608,
        "operatingIncome": 3525000,
        "operatingIncomeRatio": 0.067486072,
        "totalOtherIncomeExpensesNet": -910000,
        "incomeBeforeTax": 2615000,
        "incomeBeforeTaxRatio": 0.0500641357,
        "incomeTaxExpense": 999000,
        "netIncome": 1616000,
        "netIncomeRatio": 0.0309382957,
        "eps": 0.15,
        "epsdiluted": 0.14,
        "weightedAverageShsOut": 11068000,
        "weightedAverageShsOutDil": 11223000,
        "link": "",
        "finalLink": ""
    },
    {
        "date": "2008-07-31",
        "symbol": "KMG",
        "reportedCurrency": "USD",
        "cik": "0000000000",
        "fillingDate": "2008-07-31",
        "acceptedDate": "2008-07-30 20:00:00",
        "calendarYear": "2008",
        "period": "Q4",
        "revenue": 51360000,
        "costOfRevenue": 36553000,
        "grossProfit": 14807000,
        "grossProfitRatio": 0.2882982866,
        "researchAndDevelopmentExpenses": 0,
        "generalAndAdministrativeExpenses": 0,
        "sellingAndMarketingExpenses": 0,
        "sellingGeneralAndAdministrativeExpenses": 12766000,
        "otherExpenses": 0,
        "operatingExpenses": 12766000,
        "costAndExpenses": 49319000,
        "interestIncome": 3000,
        "interestExpense": 879000,
        "depreciationAndAmortization": 1562000,
        "ebitda": 3846000,
        "ebitdaratio": 0.0748831776,
        "operatingIncome": 2041000,
        "operatingIncomeRatio": 0.0397390966,
        "totalOtherIncomeExpensesNet": -887000,
        "incomeBeforeTax": 1154000,
        "incomeBeforeTaxRatio": 0.0224688474,
        "incomeTaxExpense": 553000,
        "netIncome": 852000,
        "netIncomeRatio": 0.016588785,
        "eps": 0.077,
        "epsdiluted": 0.0759,
        "weightedAverageShsOut": 11068000,
        "weightedAverageShsOutDil": 11223000,
        "link": "",
        "finalLink": ""
    },
    {
        "date": "2008-04-30",
        "symbol": "KMG",
        "reportedCurrency": "USD",
        "cik": "0000000000",
        "fillingDate": "2008-04-30",
        "acceptedDate": "2008-04-29 20:00:00",
        "calendarYear": "2008",
        "period": "Q3",
        "revenue": 50259000,
        "costOfRevenue": 35180000,
        "grossProfit": 15079000,
        "grossProfitRatio": 0.300025866,
        "researchAndDevelopmentExpenses": 0,
        "generalAndAdministrativeExpenses": 0,
        "sellingAndMarketingExpenses": 0,
        "sellingGeneralAndAdministrativeExpenses": 11205000,
        "otherExpenses": 0,
        "operatingExpenses": 11205000,
        "costAndExpenses": 46385000,
        "interestIncome": 16000,
        "interestExpense": 1010000,
        "depreciationAndAmortization": 1898000,
        "ebitda": 5638000,
        "ebitdaratio": 0.1121789132,
        "operatingIncome": 3874000,
        "operatingIncomeRatio": 0.0770807219,
        "totalOtherIncomeExpensesNet": -1009000,
        "incomeBeforeTax": 2865000,
        "incomeBeforeTaxRatio": 0.0570047156,
        "incomeTaxExpense": 1051000,
        "netIncome": 1679000,
        "netIncomeRatio": 0.033406952,
        "eps": 0.15,
        "epsdiluted": 0.15,
        "weightedAverageShsOut": 10990000,
        "weightedAverageShsOutDil": 11227000,
        "link": "",
        "finalLink": ""
    },
    {
        "date": "2008-01-31",
        "symbol": "KMG",
        "reportedCurrency": "USD",
        "cik": "0000000000",
        "fillingDate": "2008-01-31",
        "acceptedDate": "2008-01-30 19:00:00",
        "calendarYear": "2008",
        "period": "Q2",
        "revenue": 31452000,
        "costOfRevenue": 21313000,
        "grossProfit": 10139000,
        "grossProfitRatio": 0.3223642376,
        "researchAndDevelopmentExpenses": 0,
        "generalAndAdministrativeExpenses": 0,
        "sellingAndMarketingExpenses": 0,
        "sellingGeneralAndAdministrativeExpenses": 7140000,
        "otherExpenses": 0,
        "operatingExpenses": 7140000,
        "costAndExpenses": 28453000,
        "interestIncome": 171000,
        "interestExpense": 582000,
        "depreciationAndAmortization": 1246000,
        "ebitda": 4392000,
        "ebitdaratio": 0.1396413583,
        "operatingIncome": 2999000,
        "operatingIncomeRatio": 0.095351647,
        "totalOtherIncomeExpensesNet": -436000,
        "incomeBeforeTax": 2563000,
        "incomeBeforeTaxRatio": 0.0814892535,
        "incomeTaxExpense": 992000,
        "netIncome": 1572000,
        "netIncomeRatio": 0.0499809233,
        "eps": 0.14,
        "epsdiluted": 0.14,
        "weightedAverageShsOut": 11010000,
        "weightedAverageShsOutDil": 11263000,
        "link": "",
        "finalLink": ""
    },
    {
        "date": "2007-10-31",
        "symbol": "KMG",
        "reportedCurrency": "USD",
        "cik": "0000000000",
        "fillingDate": "2007-10-31",
        "acceptedDate": "2007-10-30 20:00:00",
        "calendarYear": "2008",
        "period": "Q1",
        "revenue": 21323000,
        "costOfRevenue": 14517000,
        "grossProfit": 6806000,
        "grossProfitRatio": 0.3191858556,
        "researchAndDevelopmentExpenses": 0,
        "generalAndAdministrativeExpenses": 0,
        "sellingAndMarketingExpenses": 0,
        "sellingGeneralAndAdministrativeExpenses": 4227000,
        "otherExpenses": 0,
        "operatingExpenses": 4227000,
        "costAndExpenses": 18744000,
        "interestIncome": 249000,
        "interestExpense": 198000,
        "depreciationAndAmortization": 959000,
        "ebitda": 3664000,
        "ebitdaratio": 0.1718332317,
        "operatingIncome": 2579000,
        "operatingIncomeRatio": 0.1209492098,
        "totalOtherIncomeExpensesNet": 46000,
        "incomeBeforeTax": 2625000,
        "incomeBeforeTaxRatio": 0.1231065047,
        "incomeTaxExpense": 954000,
        "netIncome": 1553000,
        "netIncomeRatio": 0.0728321531,
        "eps": 0.14,
        "epsdiluted": 0.14,
        "weightedAverageShsOut": 10941000,
        "weightedAverageShsOutDil": 11228000,
        "link": "",
        "finalLink": ""
    },
    {
        "date": "2007-07-31",
        "symbol": "KMG",
        "reportedCurrency": "USD",
        "cik": "0000000000",
        "fillingDate": "2007-07-31",
        "acceptedDate": "2007-07-30 20:00:00",
        "calendarYear": "2007",
        "period": "Q4",
        "revenue": 25041000,
        "costOfRevenue": 17350000,
        "grossProfit": 7691000,
        "grossProfitRatio": 0.3071362965,
        "researchAndDevelopmentExpenses": 0,
        "generalAndAdministrativeExpenses": 0,
        "sellingAndMarketingExpenses": 0,
        "sellingGeneralAndAdministrativeExpenses": 4196000,
        "otherExpenses": 0,
        "operatingExpenses": 4196000,
        "costAndExpenses": 21546000,
        "interestIncome": 161000,
        "interestExpense": 230000,
        "depreciationAndAmortization": 1002000,
        "ebitda": 4686000,
        "ebitdaratio": 0.1871331017,
        "operatingIncome": 3495000,
        "operatingIncomeRatio": 0.1395711034,
        "totalOtherIncomeExpensesNet": -41000,
        "incomeBeforeTax": 3454000,
        "incomeBeforeTaxRatio": 0.1379337886,
        "incomeTaxExpense": 1412000,
        "netIncome": 2042000,
        "netIncomeRatio": 0.0815462641,
        "eps": 0.19,
        "epsdiluted": 0.18,
        "weightedAverageShsOut": 10941000,
        "weightedAverageShsOutDil": 11228000,
        "link": "",
        "finalLink": ""
    },
    {
        "date": "2007-04-30",
        "symbol": "KMG",
        "reportedCurrency": "USD",
        "cik": "0000000000",
        "fillingDate": "2007-04-30",
        "acceptedDate": "2007-04-29 20:00:00",
        "calendarYear": "2007",
        "period": "Q3",
        "revenue": 28036000,
        "costOfRevenue": 17723000,
        "grossProfit": 10313000,
        "grossProfitRatio": 0.3678484805,
        "researchAndDevelopmentExpenses": 0,
        "generalAndAdministrativeExpenses": 0,
        "sellingAndMarketingExpenses": 0,
        "sellingGeneralAndAdministrativeExpenses": 4176000,
        "otherExpenses": 0,
        "operatingExpenses": 4176000,
        "costAndExpenses": 21899000,
        "interestIncome": 106000,
        "interestExpense": 235000,
        "depreciationAndAmortization": 967000,
        "ebitda": 7203000,
        "ebitdaratio": 0.2569196747,
        "operatingIncome": 6137000,
        "operatingIncomeRatio": 0.2188971323,
        "totalOtherIncomeExpensesNet": -136000,
        "incomeBeforeTax": 6001000,
        "incomeBeforeTaxRatio": 0.2140462263,
        "incomeTaxExpense": 2227000,
        "netIncome": 3774000,
        "netIncomeRatio": 0.1346126409,
        "eps": 0.36,
        "epsdiluted": 0.34,
        "weightedAverageShsOut": 10555000,
        "weightedAverageShsOutDil": 11079000,
        "link": "",
        "finalLink": ""
    },
    {
        "date": "2007-01-31",
        "symbol": "KMG",
        "reportedCurrency": "USD",
        "cik": "0000000000",
        "fillingDate": "2007-01-31",
        "acceptedDate": "2007-01-30 19:00:00",
        "calendarYear": "2007",
        "period": "Q2",
        "revenue": 19457000,
        "costOfRevenue": 12707000,
        "grossProfit": 6750000,
        "grossProfitRatio": 0.3469188467,
        "researchAndDevelopmentExpenses": 0,
        "generalAndAdministrativeExpenses": 0,
        "sellingAndMarketingExpenses": 0,
        "sellingGeneralAndAdministrativeExpenses": 4355000,
        "otherExpenses": 0,
        "operatingExpenses": 4355000,
        "costAndExpenses": 17062000,
        "interestIncome": 140000,
        "interestExpense": 237000,
        "depreciationAndAmortization": 962000,
        "ebitda": 3489000,
        "ebitdaratio": 0.1793184972,
        "operatingIncome": 2395000,
        "operatingIncomeRatio": 0.1230919463,
        "totalOtherIncomeExpensesNet": -105000,
        "incomeBeforeTax": 2290000,
        "incomeBeforeTaxRatio": 0.117695431,
        "incomeTaxExpense": 828000,
        "netIncome": 1462000,
        "netIncomeRatio": 0.0751400524,
        "eps": 0.14,
        "epsdiluted": 0.13,
        "weightedAverageShsOut": 10536000,
        "weightedAverageShsOutDil": 11123000,
        "link": "",
        "finalLink": ""
    },
    {
        "date": "2006-10-31",
        "symbol": "KMG",
        "reportedCurrency": "USD",
        "cik": "0000000000",
        "fillingDate": "2006-10-31",
        "acceptedDate": "2006-10-30 19:00:00",
        "calendarYear": "2007",
        "period": "Q1",
        "revenue": 17251000,
        "costOfRevenue": 11162000,
        "grossProfit": 6089000,
        "grossProfitRatio": 0.3529650455,
        "researchAndDevelopmentExpenses": 0,
        "generalAndAdministrativeExpenses": 0,
        "sellingAndMarketingExpenses": 0,
        "sellingGeneralAndAdministrativeExpenses": 3531000,
        "otherExpenses": 0,
        "operatingExpenses": 3531000,
        "costAndExpenses": 14693000,
        "interestIncome": 153000,
        "interestExpense": 243000,
        "depreciationAndAmortization": 951000,
        "ebitda": 3655000,
        "ebitdaratio": 0.2118717755,
        "operatingIncome": 2558000,
        "operatingIncomeRatio": 0.1482812591,
        "totalOtherIncomeExpensesNet": -97000,
        "incomeBeforeTax": 2461000,
        "incomeBeforeTaxRatio": 0.1426583966,
        "incomeTaxExpense": 890000,
        "netIncome": 1571000,
        "netIncomeRatio": 0.0910671845,
        "eps": 0.15,
        "epsdiluted": 0.14,
        "weightedAverageShsOut": 10533000,
        "weightedAverageShsOutDil": 11066000,
        "link": "",
        "finalLink": ""
    },
    {
        "date": "2006-07-31",
        "symbol": "KMG",
        "reportedCurrency": "USD",
        "cik": "0000000000",
        "fillingDate": "2006-07-31",
        "acceptedDate": "2006-07-30 20:00:00",
        "calendarYear": "2006",
        "period": "Q4",
        "revenue": 20082000,
        "costOfRevenue": 13682000,
        "grossProfit": 6400000,
        "grossProfitRatio": 0.3186933572,
        "researchAndDevelopmentExpenses": 0,
        "generalAndAdministrativeExpenses": 0,
        "sellingAndMarketingExpenses": 0,
        "sellingGeneralAndAdministrativeExpenses": 3183000,
        "otherExpenses": 2368000,
        "operatingExpenses": 5551000,
        "costAndExpenses": 19233000,
        "interestIncome": 58000,
        "interestExpense": 263000,
        "depreciationAndAmortization": 1147000,
        "ebitda": 2041000,
        "ebitdaratio": 0.1016333035,
        "operatingIncome": 849000,
        "operatingIncomeRatio": 0.0422766657,
        "totalOtherIncomeExpensesNet": -218000,
        "incomeBeforeTax": 631000,
        "incomeBeforeTaxRatio": 0.0314211732,
        "incomeTaxExpense": 116000,
        "netIncome": 515000,
        "netIncomeRatio": 0.0256448561,
        "eps": 0.0489,
        "epsdiluted": 0.0465,
        "weightedAverageShsOut": 10533000,
        "weightedAverageShsOutDil": 11066000,
        "link": "",
        "finalLink": ""
    },
    {
        "date": "2006-04-30",
        "symbol": "KMG",
        "reportedCurrency": "USD",
        "cik": "0000000000",
        "fillingDate": "2006-04-30",
        "acceptedDate": "2006-04-29 20:00:00",
        "calendarYear": "2006",
        "period": "Q3",
        "revenue": 21016000,
        "costOfRevenue": 14142000,
        "grossProfit": 6874000,
        "grossProfitRatio": 0.3270841264,
        "researchAndDevelopmentExpenses": 0,
        "generalAndAdministrativeExpenses": 0,
        "sellingAndMarketingExpenses": 0,
        "sellingGeneralAndAdministrativeExpenses": 3640000,
        "otherExpenses": 0,
        "operatingExpenses": 3640000,
        "costAndExpenses": 17782000,
        "interestIncome": 36000,
        "interestExpense": 257000,
        "depreciationAndAmortization": 1001000,
        "ebitda": 4261000,
        "ebitdaratio": 0.2027502855,
        "operatingIncome": 3234000,
        "operatingIncomeRatio": 0.153882756,
        "totalOtherIncomeExpensesNet": -231000,
        "incomeBeforeTax": 3003000,
        "incomeBeforeTaxRatio": 0.1428911306,
        "incomeTaxExpense": 1149000,
        "netIncome": 1854000,
        "netIncomeRatio": 0.0882185002,
        "eps": 0.21,
        "epsdiluted": 0.2,
        "weightedAverageShsOut": 8816000,
        "weightedAverageShsOutDil": 9367000,
        "link": "",
        "finalLink": ""
    },
    {
        "date": "2006-01-31",
        "symbol": "KMG",
        "reportedCurrency": "USD",
        "cik": "0000000000",
        "fillingDate": "2006-01-31",
        "acceptedDate": "2006-01-30 19:00:00",
        "calendarYear": "2006",
        "period": "Q2",
        "revenue": 15544000,
        "costOfRevenue": 10016000,
        "grossProfit": 5528000,
        "grossProfitRatio": 0.355635615,
        "researchAndDevelopmentExpenses": 0,
        "generalAndAdministrativeExpenses": 0,
        "sellingAndMarketingExpenses": 0,
        "sellingGeneralAndAdministrativeExpenses": 4196000,
        "otherExpenses": 0,
        "operatingExpenses": 4196000,
        "costAndExpenses": 14212000,
        "interestIncome": 102000,
        "interestExpense": 264000,
        "depreciationAndAmortization": 889000,
        "ebitda": 2317000,
        "ebitdaratio": 0.1490607308,
        "operatingIncome": 1332000,
        "operatingIncomeRatio": 0.0856922285,
        "totalOtherIncomeExpensesNet": -168000,
        "incomeBeforeTax": 1164000,
        "incomeBeforeTaxRatio": 0.0748841997,
        "incomeTaxExpense": 445000,
        "netIncome": 719000,
        "netIncomeRatio": 0.04625579,
        "eps": 0.0817,
        "epsdiluted": 0.0773,
        "weightedAverageShsOut": 8796000,
        "weightedAverageShsOutDil": 9304000,
        "link": "",
        "finalLink": ""
    },
    {
        "date": "2005-10-31",
        "symbol": "KMG",
        "reportedCurrency": "USD",
        "cik": "0000000000",
        "fillingDate": "2005-10-31",
        "acceptedDate": "2005-10-30 19:00:00",
        "calendarYear": "2006",
        "period": "Q1",
        "revenue": 14373000,
        "costOfRevenue": 9318000,
        "grossProfit": 5055000,
        "grossProfitRatio": 0.3517011062,
        "researchAndDevelopmentExpenses": 0,
        "generalAndAdministrativeExpenses": 0,
        "sellingAndMarketingExpenses": 0,
        "sellingGeneralAndAdministrativeExpenses": 3785000,
        "otherExpenses": 0,
        "operatingExpenses": 3785000,
        "costAndExpenses": 13103000,
        "interestIncome": 85000,
        "interestExpense": 261000,
        "depreciationAndAmortization": 874000,
        "ebitda": 2223000,
        "ebitdaratio": 0.1546649969,
        "operatingIncome": 1270000,
        "operatingIncomeRatio": 0.0883601197,
        "totalOtherIncomeExpensesNet": -182000,
        "incomeBeforeTax": 1088000,
        "incomeBeforeTaxRatio": 0.0756974883,
        "incomeTaxExpense": 402000,
        "netIncome": 686000,
        "netIncomeRatio": 0.0477283796,
        "eps": 0.0781,
        "epsdiluted": 0.074,
        "weightedAverageShsOut": 8786000,
        "weightedAverageShsOutDil": 9276000,
        "link": "",
        "finalLink": ""
    },
    {
        "date": "2005-07-31",
        "symbol": "KMG",
        "reportedCurrency": "USD",
        "cik": "0000000000",
        "fillingDate": "2005-07-31",
        "acceptedDate": "2005-07-30 20:00:00",
        "calendarYear": "2005",
        "period": "Q4",
        "revenue": 17742556,
        "costOfRevenue": 12770613,
        "grossProfit": 4971943,
        "grossProfitRatio": 0.2802269865,
        "researchAndDevelopmentExpenses": 0,
        "generalAndAdministrativeExpenses": 0,
        "sellingAndMarketingExpenses": 0,
        "sellingGeneralAndAdministrativeExpenses": 3450509,
        "otherExpenses": 0,
        "operatingExpenses": 3450509,
        "costAndExpenses": 16221122,
        "interestIncome": 39105,
        "interestExpense": 218225,
        "depreciationAndAmortization": 766129,
        "ebitda": 2317328,
        "ebitdaratio": 0.1306084648,
        "operatingIncome": 1521434,
        "operatingIncomeRatio": 0.0857505536,
        "totalOtherIncomeExpensesNet": -188460,
        "incomeBeforeTax": 1332974,
        "incomeBeforeTaxRatio": 0.0751286342,
        "incomeTaxExpense": 442913,
        "netIncome": 890061,
        "netIncomeRatio": 0.05016532,
        "eps": 0.1,
        "epsdiluted": 0.096,
        "weightedAverageShsOut": 8786000,
        "weightedAverageShsOutDil": 9276000,
        "link": "",
        "finalLink": ""
    },
    {
        "date": "2005-04-30",
        "symbol": "KMG",
        "reportedCurrency": "USD",
        "cik": "0000000000",
        "fillingDate": "2005-04-30",
        "acceptedDate": "2005-04-29 20:00:00",
        "calendarYear": "2005",
        "period": "Q3",
        "revenue": 15353947,
        "costOfRevenue": 10670657,
        "grossProfit": 4683290,
        "grossProfitRatio": 0.3050218944,
        "researchAndDevelopmentExpenses": 0,
        "generalAndAdministrativeExpenses": 0,
        "sellingAndMarketingExpenses": 0,
        "sellingGeneralAndAdministrativeExpenses": 2863236,
        "otherExpenses": 0,
        "operatingExpenses": 2863236,
        "costAndExpenses": 13533893,
        "interestIncome": 13953,
        "interestExpense": 138545,
        "depreciationAndAmortization": 511250,
        "ebitda": 2337366,
        "ebitdaratio": 0.1522322566,
        "operatingIncome": 1820054,
        "operatingIncomeRatio": 0.1185398126,
        "totalOtherIncomeExpensesNet": -132483,
        "incomeBeforeTax": 1687571,
        "incomeBeforeTaxRatio": 0.109911217,
        "incomeTaxExpense": 641281,
        "netIncome": 1046290,
        "netIncomeRatio": 0.0681446927,
        "eps": 0.14,
        "epsdiluted": 0.13,
        "weightedAverageShsOut": 7710974,
        "weightedAverageShsOutDil": 8131226,
        "link": "",
        "finalLink": ""
    },
    {
        "date": "2005-01-31",
        "symbol": "KMG",
        "reportedCurrency": "USD",
        "cik": "0000000000",
        "fillingDate": "2005-01-31",
        "acceptedDate": "2005-01-30 19:00:00",
        "calendarYear": "2005",
        "period": "Q2",
        "revenue": 12476804,
        "costOfRevenue": 8301326,
        "grossProfit": 4175478,
        "grossProfitRatio": 0.3346592605,
        "researchAndDevelopmentExpenses": 0,
        "generalAndAdministrativeExpenses": 0,
        "sellingAndMarketingExpenses": 0,
        "sellingGeneralAndAdministrativeExpenses": 3326022,
        "otherExpenses": 0,
        "operatingExpenses": 3326022,
        "costAndExpenses": 11627348,
        "interestIncome": 11253,
        "interestExpense": 137232,
        "depreciationAndAmortization": 458195,
        "ebitda": 1311198,
        "ebitdaratio": 0.105090855,
        "operatingIncome": 849456,
        "operatingIncomeRatio": 0.0680828199,
        "totalOtherIncomeExpensesNet": -133685,
        "incomeBeforeTax": 715771,
        "incomeBeforeTaxRatio": 0.0573681369,
        "incomeTaxExpense": 271993,
        "netIncome": 443778,
        "netIncomeRatio": 0.0355682433,
        "eps": 0.0588,
        "epsdiluted": 0.056,
        "weightedAverageShsOut": 7552193,
        "weightedAverageShsOutDil": 7928597,
        "link": "",
        "finalLink": ""
    },
    {
        "date": "2004-10-31",
        "symbol": "KMG",
        "reportedCurrency": "USD",
        "cik": "0000000000",
        "fillingDate": "2004-10-31",
        "acceptedDate": "2004-10-30 20:00:00",
        "calendarYear": "2005",
        "period": "Q1",
        "revenue": 13594578,
        "costOfRevenue": 9359236,
        "grossProfit": 4235342,
        "grossProfitRatio": 0.3115464121,
        "researchAndDevelopmentExpenses": 0,
        "generalAndAdministrativeExpenses": 0,
        "sellingAndMarketingExpenses": 0,
        "sellingGeneralAndAdministrativeExpenses": 3024237,
        "otherExpenses": 0,
        "operatingExpenses": 3024237,
        "costAndExpenses": 12383473,
        "interestIncome": 8512,
        "interestExpense": 125978,
        "depreciationAndAmortization": 468612,
        "ebitda": 1678521,
        "ebitdaratio": 0.1234698863,
        "operatingIncome": 1211105,
        "operatingIncomeRatio": 0.0890873553,
        "totalOtherIncomeExpensesNet": -127174,
        "incomeBeforeTax": 1083931,
        "incomeBeforeTaxRatio": 0.0797325963,
        "incomeTaxExpense": 411894,
        "netIncome": 672037,
        "netIncomeRatio": 0.0494341935,
        "eps": 0.089,
        "epsdiluted": 0.0883,
        "weightedAverageShsOut": 7550019,
        "weightedAverageShsOutDil": 7613750,
        "link": "",
        "finalLink": ""
    },
    {
        "date": "2004-07-31",
        "symbol": "KMG",
        "reportedCurrency": "USD",
        "cik": "0000000000",
        "fillingDate": "2004-07-31",
        "acceptedDate": "2004-07-30 20:00:00",
        "calendarYear": "2004",
        "period": "Q4",
        "revenue": 14277879,
        "costOfRevenue": 10197618,
        "grossProfit": 4080261,
        "grossProfitRatio": 0.285775009,
        "researchAndDevelopmentExpenses": 0,
        "generalAndAdministrativeExpenses": 0,
        "sellingAndMarketingExpenses": 0,
        "sellingGeneralAndAdministrativeExpenses": 2458098,
        "otherExpenses": 0,
        "operatingExpenses": 2458098,
        "costAndExpenses": 12655716,
        "interestIncome": 4503,
        "interestExpense": 119695,
        "depreciationAndAmortization": 441017,
        "ebitda": 2067061,
        "ebitdaratio": 0.144773674,
        "operatingIncome": 1622163,
        "operatingIncomeRatio": 0.1136137237,
        "totalOtherIncomeExpensesNet": -115814,
        "incomeBeforeTax": 1506349,
        "incomeBeforeTaxRatio": 0.1055022948,
        "incomeTaxExpense": 572413,
        "netIncome": 933936,
        "netIncomeRatio": 0.0654113962,
        "eps": 0.12,
        "epsdiluted": 0.12,
        "weightedAverageShsOut": 7550019,
        "weightedAverageShsOutDil": 7613750,
        "link": "",
        "finalLink": ""
    },
    {
        "date": "2004-04-30",
        "symbol": "KMG",
        "reportedCurrency": "USD",
        "cik": "0000000000",
        "fillingDate": "2004-04-30",
        "acceptedDate": "2004-04-29 20:00:00",
        "calendarYear": "2004",
        "period": "Q3",
        "revenue": 12423676,
        "costOfRevenue": 8727443,
        "grossProfit": 3696233,
        "grossProfitRatio": 0.2975152443,
        "researchAndDevelopmentExpenses": 0,
        "generalAndAdministrativeExpenses": 0,
        "sellingAndMarketingExpenses": 0,
        "sellingGeneralAndAdministrativeExpenses": 2534691,
        "otherExpenses": 0,
        "operatingExpenses": 2534691,
        "costAndExpenses": 11262134,
        "interestIncome": 4740,
        "interestExpense": 97223,
        "depreciationAndAmortization": 432382,
        "ebitda": 1580069,
        "ebitdaratio": 0.1271820836,
        "operatingIncome": 1161542,
        "operatingIncomeRatio": 0.0934942283,
        "totalOtherIncomeExpensesNet": -111078,
        "incomeBeforeTax": 1050464,
        "incomeBeforeTaxRatio": 0.0845533963,
        "incomeTaxExpense": 399175,
        "netIncome": 651289,
        "netIncomeRatio": 0.0524232119,
        "eps": 0.0863,
        "epsdiluted": 0.0845,
        "weightedAverageShsOut": 7550019,
        "weightedAverageShsOutDil": 7704343,
        "link": "",
        "finalLink": ""
    },
    {
        "date": "2004-01-31",
        "symbol": "KMG",
        "reportedCurrency": "USD",
        "cik": "0000000000",
        "fillingDate": "2004-01-31",
        "acceptedDate": "2004-01-30 19:00:00",
        "calendarYear": "2004",
        "period": "Q2",
        "revenue": 8536767,
        "costOfRevenue": 6108027,
        "grossProfit": 2428740,
        "grossProfitRatio": 0.2845034894,
        "researchAndDevelopmentExpenses": 0,
        "generalAndAdministrativeExpenses": 0,
        "sellingAndMarketingExpenses": 0,
        "sellingGeneralAndAdministrativeExpenses": 2566039,
        "otherExpenses": 0,
        "operatingExpenses": 2566039,
        "costAndExpenses": 8674066,
        "interestIncome": 6750,
        "interestExpense": 86160,
        "depreciationAndAmortization": 406255,
        "ebitda": 264813,
        "ebitdaratio": 0.0310202914,
        "operatingIncome": -137299,
        "operatingIncomeRatio": -0.0160832549,
        "totalOtherIncomeExpensesNet": -90303,
        "incomeBeforeTax": -227602,
        "incomeBeforeTaxRatio": -0.0266613813,
        "incomeTaxExpense": -86489,
        "netIncome": -141113,
        "netIncomeRatio": -0.0165300283,
        "eps": -0.0187,
        "epsdiluted": -0.0187,
        "weightedAverageShsOut": 7550019,
        "weightedAverageShsOutDil": 7550019,
        "link": "",
        "finalLink": ""
    },
    {
        "date": "2003-10-31",
        "symbol": "KMG",
        "reportedCurrency": "USD",
        "cik": "0000000000",
        "fillingDate": "2003-10-31",
        "acceptedDate": "2003-10-30 19:00:00",
        "calendarYear": "2004",
        "period": "Q1",
        "revenue": 8372110,
        "costOfRevenue": 5825906,
        "grossProfit": 2546204,
        "grossProfitRatio": 0.3041293055,
        "researchAndDevelopmentExpenses": 0,
        "generalAndAdministrativeExpenses": 0,
        "sellingAndMarketingExpenses": 0,
        "sellingGeneralAndAdministrativeExpenses": 2077764,
        "otherExpenses": 0,
        "operatingExpenses": 2077764,
        "costAndExpenses": 7903670,
        "interestIncome": 9454,
        "interestExpense": 60595,
        "depreciationAndAmortization": 363547,
        "ebitda": 939071,
        "ebitdaratio": 0.1121665864,
        "operatingIncome": 468440,
        "operatingIncomeRatio": 0.0559524421,
        "totalOtherIncomeExpensesNet": 46489,
        "incomeBeforeTax": 514929,
        "incomeBeforeTaxRatio": 0.0615052836,
        "incomeTaxExpense": 195673,
        "netIncome": 319256,
        "netIncomeRatio": 0.0381332782,
        "eps": 0.0424,
        "epsdiluted": 0.0424,
        "weightedAverageShsOut": 7523448,
        "weightedAverageShsOutDil": 7533938,
        "link": "",
        "finalLink": ""
    },
    {
        "date": "2003-07-31",
        "symbol": "KMG",
        "reportedCurrency": "USD",
        "cik": "0000000000",
        "fillingDate": "2003-07-31",
        "acceptedDate": "2003-07-30 20:00:00",
        "calendarYear": "2003",
        "period": "Q4",
        "revenue": 12214871,
        "costOfRevenue": 8512253,
        "grossProfit": 3702618,
        "grossProfitRatio": 0.3031237907,
        "researchAndDevelopmentExpenses": 0,
        "generalAndAdministrativeExpenses": 0,
        "sellingAndMarketingExpenses": 0,
        "sellingGeneralAndAdministrativeExpenses": 2393220,
        "otherExpenses": 0,
        "operatingExpenses": 2393220,
        "costAndExpenses": 10905473,
        "interestIncome": 11745,
        "interestExpense": 66537,
        "depreciationAndAmortization": 367014,
        "ebitda": 1650188,
        "ebitdaratio": 0.1350966375,
        "operatingIncome": 1309398,
        "operatingIncomeRatio": 0.1071970388,
        "totalOtherIncomeExpensesNet": -92761,
        "incomeBeforeTax": 1216637,
        "incomeBeforeTaxRatio": 0.0996029348,
        "incomeTaxExpense": 464514,
        "netIncome": 752123,
        "netIncomeRatio": 0.0615743711,
        "eps": 0.1,
        "epsdiluted": 0.0998,
        "weightedAverageShsOut": 7523448,
        "weightedAverageShsOutDil": 7533938,
        "link": "",
        "finalLink": ""
    },
    {
        "date": "2003-04-30",
        "symbol": "KMG",
        "reportedCurrency": "USD",
        "cik": "0000000000",
        "fillingDate": "2003-04-30",
        "acceptedDate": "2003-04-29 20:00:00",
        "calendarYear": "2003",
        "period": "Q3",
        "revenue": 8979786,
        "costOfRevenue": 6164918,
        "grossProfit": 2814868,
        "grossProfitRatio": 0.3134671583,
        "researchAndDevelopmentExpenses": 0,
        "generalAndAdministrativeExpenses": 0,
        "sellingAndMarketingExpenses": 0,
        "sellingGeneralAndAdministrativeExpenses": 1969328,
        "otherExpenses": 0,
        "operatingExpenses": 1969328,
        "costAndExpenses": 8134246,
        "interestIncome": 20612,
        "interestExpense": 57294,
        "depreciationAndAmortization": 363139,
        "ebitda": 1223283,
        "ebitdaratio": 0.1362262976,
        "operatingIncome": 845540,
        "operatingIncomeRatio": 0.0941603731,
        "totalOtherIncomeExpensesNet": -42690,
        "incomeBeforeTax": 802850,
        "incomeBeforeTaxRatio": 0.0894063622,
        "incomeTaxExpense": 272971,
        "netIncome": 529879,
        "netIncomeRatio": 0.0590079764,
        "eps": 0.0705,
        "epsdiluted": 0.0702,
        "weightedAverageShsOut": 7512981,
        "weightedAverageShsOutDil": 7547362,
        "link": "",
        "finalLink": ""
    },
    {
        "date": "2003-01-31",
        "symbol": "KMG",
        "reportedCurrency": "USD",
        "cik": "0000000000",
        "fillingDate": "2003-01-31",
        "acceptedDate": "2003-01-30 19:00:00",
        "calendarYear": "2003",
        "period": "Q2",
        "revenue": 6287300,
        "costOfRevenue": 4229917,
        "grossProfit": 2057383,
        "grossProfitRatio": 0.327228381,
        "researchAndDevelopmentExpenses": 0,
        "generalAndAdministrativeExpenses": 0,
        "sellingAndMarketingExpenses": 0,
        "sellingGeneralAndAdministrativeExpenses": 1800176,
        "otherExpenses": 0,
        "operatingExpenses": 1800176,
        "costAndExpenses": 6030093,
        "interestIncome": 10109,
        "interestExpense": 21181,
        "depreciationAndAmortization": 348216,
        "ebitda": 600609,
        "ebitdaratio": 0.0955273329,
        "operatingIncome": 257207,
        "operatingIncomeRatio": 0.0409089752,
        "totalOtherIncomeExpensesNet": -25995,
        "incomeBeforeTax": 231212,
        "incomeBeforeTaxRatio": 0.0367744501,
        "incomeTaxExpense": 78612,
        "netIncome": 152600,
        "netIncomeRatio": 0.0242711498,
        "eps": 0.0203,
        "epsdiluted": 0.0202,
        "weightedAverageShsOut": 7512981,
        "weightedAverageShsOutDil": 7550254,
        "link": "",
        "finalLink": ""
    },
    {
        "date": "2002-10-31",
        "symbol": "KMG",
        "reportedCurrency": "USD",
        "cik": "0000000000",
        "fillingDate": "2002-10-31",
        "acceptedDate": "2002-10-30 19:00:00",
        "calendarYear": "2003",
        "period": "Q1",
        "revenue": 8053629,
        "costOfRevenue": 5337278,
        "grossProfit": 2716351,
        "grossProfitRatio": 0.3372828572,
        "researchAndDevelopmentExpenses": 0,
        "generalAndAdministrativeExpenses": 0,
        "sellingAndMarketingExpenses": 0,
        "sellingGeneralAndAdministrativeExpenses": 1986607,
        "otherExpenses": 0,
        "operatingExpenses": 1986607,
        "costAndExpenses": 7323885,
        "interestIncome": 11411,
        "interestExpense": 16566,
        "depreciationAndAmortization": 344199,
        "ebitda": 1091923,
        "ebitdaratio": 0.1355814876,
        "operatingIncome": 729744,
        "operatingIncomeRatio": 0.0906105806,
        "totalOtherIncomeExpensesNet": 1414,
        "incomeBeforeTax": 731158,
        "incomeBeforeTaxRatio": 0.0907861537,
        "incomeTaxExpense": 248594,
        "netIncome": 482564,
        "netIncomeRatio": 0.0599188267,
        "eps": 0.0642,
        "epsdiluted": 0.0639,
        "weightedAverageShsOut": 7512981,
        "weightedAverageShsOutDil": 7551367,
        "link": "",
        "finalLink": ""
    },
    {
        "date": "2002-07-31",
        "symbol": "KMG",
        "reportedCurrency": "USD",
        "cik": "0000000000",
        "fillingDate": "2002-10-18",
        "acceptedDate": "2002-10-18 15:41:35",
        "calendarYear": "2002",
        "period": "Q4",
        "revenue": 9986138,
        "costOfRevenue": 6459848,
        "grossProfit": 3526290,
        "grossProfitRatio": 0.3531184929,
        "researchAndDevelopmentExpenses": 0,
        "generalAndAdministrativeExpenses": 0,
        "sellingAndMarketingExpenses": 0,
        "sellingGeneralAndAdministrativeExpenses": 2050598,
        "otherExpenses": 0,
        "operatingExpenses": 2050598,
        "costAndExpenses": 8510446,
        "interestIncome": -5494,
        "interestExpense": 19026,
        "depreciationAndAmortization": 368295,
        "ebitda": 2123646,
        "ebitdaratio": 0.2126593884,
        "operatingIncome": 1475692,
        "operatingIncomeRatio": 0.1477740444,
        "totalOtherIncomeExpensesNet": 260633,
        "incomeBeforeTax": 1736325,
        "incomeBeforeTaxRatio": 0.1738735235,
        "incomeTaxExpense": 659857,
        "netIncome": 1076468,
        "netIncomeRatio": 0.1077962271,
        "eps": 0.14,
        "epsdiluted": 0.14,
        "weightedAverageShsOut": 7512981,
        "weightedAverageShsOutDil": 7551367,
        "link": "https://www.sec.gov/Archives/edgar/data/1028215/000091205702039044/0000912057-02-039044-index.html",
        "finalLink": "https://www.sec.gov/Archives/edgar/data/1028215/000091205702039044/a2091485z10-k.htm"
    },
    {
        "date": "2002-04-30",
        "symbol": "KMG",
        "reportedCurrency": "USD",
        "cik": "0000000000",
        "fillingDate": "2002-04-30",
        "acceptedDate": "2002-04-29 20:00:00",
        "calendarYear": "2002",
        "period": "Q3",
        "revenue": 8783236,
        "costOfRevenue": 5457180,
        "grossProfit": 3326056,
        "grossProfitRatio": 0.3786822989,
        "researchAndDevelopmentExpenses": 0,
        "generalAndAdministrativeExpenses": 0,
        "sellingAndMarketingExpenses": 0,
        "sellingGeneralAndAdministrativeExpenses": 2030681,
        "otherExpenses": 0,
        "operatingExpenses": 2030681,
        "costAndExpenses": 7487861,
        "interestIncome": 20856,
        "interestExpense": 17164,
        "depreciationAndAmortization": 455976,
        "ebitda": 1761733,
        "ebitdaratio": 0.2005790349,
        "operatingIncome": 1295375,
        "operatingIncomeRatio": 0.147482659,
        "totalOtherIncomeExpensesNet": -6782,
        "incomeBeforeTax": 1288593,
        "incomeBeforeTaxRatio": 0.1467105062,
        "incomeTaxExpense": 489612,
        "netIncome": 798981,
        "netIncomeRatio": 0.0909665868,
        "eps": 0.11,
        "epsdiluted": 0.11,
        "weightedAverageShsOut": 7512981,
        "weightedAverageShsOutDil": 7550254,
        "link": "",
        "finalLink": ""
    },
    {
        "date": "2002-01-31",
        "symbol": "KMG",
        "reportedCurrency": "USD",
        "cik": "0000000000",
        "fillingDate": "2002-01-31",
        "acceptedDate": "2002-01-30 19:00:00",
        "calendarYear": "2002",
        "period": "Q2",
        "revenue": 7571329,
        "costOfRevenue": 5018597,
        "grossProfit": 2552732,
        "grossProfitRatio": 0.337157717,
        "researchAndDevelopmentExpenses": 0,
        "generalAndAdministrativeExpenses": 0,
        "sellingAndMarketingExpenses": 0,
        "sellingGeneralAndAdministrativeExpenses": 1900179,
        "otherExpenses": 0,
        "operatingExpenses": 1900179,
        "costAndExpenses": 6918776,
        "interestIncome": 14292,
        "interestExpense": 39538,
        "depreciationAndAmortization": 282352,
        "ebitda": 943962,
        "ebitdaratio": 0.124675866,
        "operatingIncome": 652553,
        "operatingIncomeRatio": 0.0861873787,
        "totalOtherIncomeExpensesNet": -30481,
        "incomeBeforeTax": 622072,
        "incomeBeforeTaxRatio": 0.0821615333,
        "incomeTaxExpense": 236387,
        "netIncome": 385685,
        "netIncomeRatio": 0.0509401982,
        "eps": 0.0513,
        "epsdiluted": 0.0511,
        "weightedAverageShsOut": 7512981,
        "weightedAverageShsOutDil": 7546127,
        "link": "",
        "finalLink": ""
    },
    {
        "date": "2001-10-31",
        "symbol": "KMG",
        "reportedCurrency": "USD",
        "cik": "0000000000",
        "fillingDate": "2001-10-31",
        "acceptedDate": "2001-10-30 19:00:00",
        "calendarYear": "2002",
        "period": "Q1",
        "revenue": 8097329,
        "costOfRevenue": 5461329,
        "grossProfit": 2636000,
        "grossProfitRatio": 0.3255394464,
        "researchAndDevelopmentExpenses": 0,
        "generalAndAdministrativeExpenses": 0,
        "sellingAndMarketingExpenses": 0,
        "sellingGeneralAndAdministrativeExpenses": 1928718,
        "otherExpenses": 0,
        "operatingExpenses": 1928718,
        "costAndExpenses": 7390047,
        "interestIncome": 28948,
        "interestExpense": 46368,
        "depreciationAndAmortization": 284614,
        "ebitda": 1013889,
        "ebitdaratio": 0.1252127708,
        "operatingIncome": 707282,
        "operatingIncomeRatio": 0.0873475686,
        "totalOtherIncomeExpensesNet": -24375,
        "incomeBeforeTax": 682907,
        "incomeBeforeTaxRatio": 0.0843373167,
        "incomeTaxExpense": 259505,
        "netIncome": 423402,
        "netIncomeRatio": 0.0522890943,
        "eps": 0.0564,
        "epsdiluted": 0.0561,
        "weightedAverageShsOut": 7510177,
        "weightedAverageShsOutDil": 7544720,
        "link": "",
        "finalLink": ""
    },
    {
        "date": "2001-07-31",
        "symbol": "KMG",
        "reportedCurrency": "USD",
        "cik": "0000000000",
        "fillingDate": "2001-07-31",
        "acceptedDate": "2001-07-30 20:00:00",
        "calendarYear": "2001",
        "period": "Q4",
        "revenue": 11197683,
        "costOfRevenue": 8619884,
        "grossProfit": 2577799,
        "grossProfitRatio": 0.2302082493,
        "researchAndDevelopmentExpenses": 0,
        "generalAndAdministrativeExpenses": 0,
        "sellingAndMarketingExpenses": 0,
        "sellingGeneralAndAdministrativeExpenses": 1977026,
        "otherExpenses": 0,
        "operatingExpenses": 1977026,
        "costAndExpenses": 10596910,
        "interestIncome": 20587,
        "interestExpense": 56168,
        "depreciationAndAmortization": 287902,
        "ebitda": 1748658,
        "ebitdaratio": 0.1561624847,
        "operatingIncome": 1440978,
        "operatingIncomeRatio": 0.1286853718,
        "totalOtherIncomeExpensesNet": -36390,
        "incomeBeforeTax": 1404588,
        "incomeBeforeTaxRatio": 0.1254355923,
        "incomeTaxExpense": 533743,
        "netIncome": 870845,
        "netIncomeRatio": 0.0777701065,
        "eps": 0.12,
        "epsdiluted": 0.12,
        "weightedAverageShsOut": 7510177,
        "weightedAverageShsOutDil": 7544720,
        "link": "",
        "finalLink": ""
    },
    {
        "date": "2001-04-30",
        "symbol": "KMG",
        "reportedCurrency": "USD",
        "cik": "0000000000",
        "fillingDate": "2001-04-30",
        "acceptedDate": "2001-04-29 20:00:00",
        "calendarYear": "2001",
        "period": "Q3",
        "revenue": 8098371,
        "costOfRevenue": 5305467,
        "grossProfit": 2792904,
        "grossProfitRatio": 0.3448723206,
        "researchAndDevelopmentExpenses": 0,
        "generalAndAdministrativeExpenses": 0,
        "sellingAndMarketingExpenses": 0,
        "sellingGeneralAndAdministrativeExpenses": 2125980,
        "otherExpenses": 0,
        "operatingExpenses": 2125980,
        "costAndExpenses": 7431447,
        "interestIncome": 32966,
        "interestExpense": 61232,
        "depreciationAndAmortization": 291057,
        "ebitda": 693362,
        "ebitdaratio": 0.0856174655,
        "operatingIncome": 375867,
        "operatingIncomeRatio": 0.0464126674,
        "totalOtherIncomeExpensesNet": -34794,
        "incomeBeforeTax": 341073,
        "incomeBeforeTaxRatio": 0.0421162478,
        "incomeTaxExpense": 129608,
        "netIncome": 211465,
        "netIncomeRatio": 0.0261120415,
        "eps": 0.0282,
        "epsdiluted": 0.028,
        "weightedAverageShsOut": 7501981,
        "weightedAverageShsOutDil": 7543089,
        "link": "",
        "finalLink": ""
    },
    {
        "date": "2001-01-31",
        "symbol": "KMG",
        "reportedCurrency": "USD",
        "cik": "0000000000",
        "fillingDate": "2001-01-31",
        "acceptedDate": "2001-01-30 19:00:00",
        "calendarYear": "2001",
        "period": "Q2",
        "revenue": 8192896,
        "costOfRevenue": 4971202,
        "grossProfit": 3221694,
        "grossProfitRatio": 0.3932301838,
        "researchAndDevelopmentExpenses": 0,
        "generalAndAdministrativeExpenses": 0,
        "sellingAndMarketingExpenses": 0,
        "sellingGeneralAndAdministrativeExpenses": 1969126,
        "otherExpenses": 283838,
        "operatingExpenses": 2252964,
        "costAndExpenses": 7224166,
        "interestIncome": 82439,
        "interestExpense": 58795,
        "depreciationAndAmortization": 283838,
        "ebitda": 1324687,
        "ebitdaratio": 0.1616872715,
        "operatingIncome": 968730,
        "operatingIncomeRatio": 0.1182402413,
        "totalOtherIncomeExpensesNet": 13324,
        "incomeBeforeTax": 982054,
        "incomeBeforeTaxRatio": 0.1198665283,
        "incomeTaxExpense": 373181,
        "netIncome": 608873,
        "netIncomeRatio": 0.0743171889,
        "eps": 0.0812,
        "epsdiluted": 0.0807,
        "weightedAverageShsOut": 7502185,
        "weightedAverageShsOutDil": 7548772,
        "link": "",
        "finalLink": ""
    },
    {
        "date": "2000-10-31",
        "symbol": "KMG",
        "reportedCurrency": "USD",
        "cik": "0000000000",
        "fillingDate": "2000-10-31",
        "acceptedDate": "2000-10-30 19:00:00",
        "calendarYear": "2001",
        "period": "Q1",
        "revenue": 8302040,
        "costOfRevenue": 4889700,
        "grossProfit": 3412340,
        "grossProfitRatio": 0.4110242784,
        "researchAndDevelopmentExpenses": 0,
        "generalAndAdministrativeExpenses": 0,
        "sellingAndMarketingExpenses": 0,
        "sellingGeneralAndAdministrativeExpenses": 1679356,
        "otherExpenses": 265310,
        "operatingExpenses": 1944666,
        "costAndExpenses": 6834366,
        "interestIncome": 123673,
        "interestExpense": 62799,
        "depreciationAndAmortization": 265310,
        "ebitda": 1859004,
        "ebitdaratio": 0.2239213495,
        "operatingIncome": 1467674,
        "operatingIncomeRatio": 0.1767847421,
        "totalOtherIncomeExpensesNet": 63221,
        "incomeBeforeTax": 1530895,
        "incomeBeforeTaxRatio": 0.1843998583,
        "incomeTaxExpense": 581740,
        "netIncome": 949155,
        "netIncomeRatio": 0.1143279242,
        "eps": 0.12,
        "epsdiluted": 0.12,
        "weightedAverageShsOut": 7670055,
        "weightedAverageShsOutDil": 7719745,
        "link": "",
        "finalLink": ""
    },
    {
        "date": "2000-07-31",
        "symbol": "KMG",
        "reportedCurrency": "USD",
        "cik": "0000000000",
        "fillingDate": "2000-07-31",
        "acceptedDate": "2000-07-30 20:00:00",
        "calendarYear": "2000",
        "period": "Q4",
        "revenue": 8983567,
        "costOfRevenue": 5239460,
        "grossProfit": 3744107,
        "grossProfitRatio": 0.4167728698,
        "researchAndDevelopmentExpenses": 0,
        "generalAndAdministrativeExpenses": 0,
        "sellingAndMarketingExpenses": 0,
        "sellingGeneralAndAdministrativeExpenses": 1747110,
        "otherExpenses": 266491,
        "operatingExpenses": 2013601,
        "costAndExpenses": 7253061,
        "interestIncome": 113724,
        "interestExpense": 66710,
        "depreciationAndAmortization": 266491,
        "ebitda": 2106256,
        "ebitdaratio": 0.234456536,
        "operatingIncome": 1730506,
        "operatingIncomeRatio": 0.1926301657,
        "totalOtherIncomeExpensesNet": 42549,
        "incomeBeforeTax": 1773055,
        "incomeBeforeTaxRatio": 0.1973664804,
        "incomeTaxExpense": 673761,
        "netIncome": 1099294,
        "netIncomeRatio": 0.1223672067,
        "eps": 0.14,
        "epsdiluted": 0.14,
        "weightedAverageShsOut": 7670055,
        "weightedAverageShsOutDil": 7719745,
        "link": "",
        "finalLink": ""
    },
    {
        "date": "2000-04-30",
        "symbol": "KMG",
        "reportedCurrency": "USD",
        "cik": "0000000000",
        "fillingDate": "2000-04-30",
        "acceptedDate": "2000-04-29 20:00:00",
        "calendarYear": "2000",
        "period": "Q3",
        "revenue": 8176294,
        "costOfRevenue": 4590138,
        "grossProfit": 3586156,
        "grossProfitRatio": 0.4386040913,
        "researchAndDevelopmentExpenses": 0,
        "generalAndAdministrativeExpenses": 0,
        "sellingAndMarketingExpenses": 0,
        "sellingGeneralAndAdministrativeExpenses": 1731880,
        "otherExpenses": 299269,
        "operatingExpenses": 2031149,
        "costAndExpenses": 6621287,
        "interestIncome": 67878,
        "interestExpense": 69015,
        "depreciationAndAmortization": 299269,
        "ebitda": 1917113,
        "ebitdaratio": 0.2344721215,
        "operatingIncome": 1555007,
        "operatingIncomeRatio": 0.1901848197,
        "totalOtherIncomeExpensesNet": -6178,
        "incomeBeforeTax": 1548829,
        "incomeBeforeTaxRatio": 0.1894292206,
        "incomeTaxExpense": 600555,
        "netIncome": 948274,
        "netIncomeRatio": 0.1159784616,
        "eps": 0.12,
        "epsdiluted": 0.12,
        "weightedAverageShsOut": 7700185,
        "weightedAverageShsOutDil": 7751734,
        "link": "",
        "finalLink": ""
    },
    {
        "date": "2000-01-31",
        "symbol": "KMG",
        "reportedCurrency": "USD",
        "cik": "0000000000",
        "fillingDate": "2000-01-31",
        "acceptedDate": "2000-01-30 19:00:00",
        "calendarYear": "2000",
        "period": "Q2",
        "revenue": 7800000,
        "costOfRevenue": 4500000,
        "grossProfit": 3300000,
        "grossProfitRatio": 0.4230769231,
        "researchAndDevelopmentExpenses": 0,
        "generalAndAdministrativeExpenses": 0,
        "sellingAndMarketingExpenses": 0,
        "sellingGeneralAndAdministrativeExpenses": 1800000,
        "otherExpenses": 200000,
        "operatingExpenses": 2000000,
        "costAndExpenses": 6500000,
        "interestIncome": 100000,
        "interestExpense": 100000,
        "depreciationAndAmortization": 200000,
        "ebitda": 1600000,
        "ebitdaratio": 0.2051282051,
        "operatingIncome": 1300000,
        "operatingIncomeRatio": 0.1666666667,
        "totalOtherIncomeExpensesNet": 0,
        "incomeBeforeTax": 1300000,
        "incomeBeforeTaxRatio": 0.1666666667,
        "incomeTaxExpense": 500000,
        "netIncome": 800000,
        "netIncomeRatio": 0.1025641026,
        "eps": 0.1,
        "epsdiluted": 0.1,
        "weightedAverageShsOut": 7700185,
        "weightedAverageShsOutDil": 7756746,
        "link": "",
        "finalLink": ""
    },
    {
        "date": "1999-10-31",
        "symbol": "KMG",
        "reportedCurrency": "USD",
        "cik": "0000000000",
        "fillingDate": "1999-10-31",
        "acceptedDate": "1999-10-30 20:00:00",
        "calendarYear": "2000",
        "period": "Q1",
        "revenue": 8800000,
        "costOfRevenue": 5200000,
        "grossProfit": 3600000,
        "grossProfitRatio": 0.4090909091,
        "researchAndDevelopmentExpenses": 0,
        "generalAndAdministrativeExpenses": 0,
        "sellingAndMarketingExpenses": 0,
        "sellingGeneralAndAdministrativeExpenses": 1800000,
        "otherExpenses": 300000,
        "operatingExpenses": 2100000,
        "costAndExpenses": 7300000,
        "interestIncome": 100000,
        "interestExpense": 100000,
        "depreciationAndAmortization": 300000,
        "ebitda": 2000000,
        "ebitdaratio": 0.2272727273,
        "operatingIncome": 1500000,
        "operatingIncomeRatio": 0.1704545455,
        "totalOtherIncomeExpensesNet": 100000,
        "incomeBeforeTax": 1600000,
        "incomeBeforeTaxRatio": 0.1818181818,
        "incomeTaxExpense": 600000,
        "netIncome": 1000000,
        "netIncomeRatio": 0.1136363636,
        "eps": 0.12,
        "epsdiluted": 0.12,
        "weightedAverageShsOut": 8643722,
        "weightedAverageShsOutDil": 8643722,
        "link": "",
        "finalLink": ""
    },
    {
        "date": "1999-07-31",
        "symbol": "KMG",
        "reportedCurrency": "USD",
        "cik": "0000000000",
        "fillingDate": "1999-07-31",
        "acceptedDate": "1999-07-30 20:00:00",
        "calendarYear": "1999",
        "period": "Q4",
        "revenue": 9300000,
        "costOfRevenue": 5500000,
        "grossProfit": 3800000,
        "grossProfitRatio": 0.4086021505,
        "researchAndDevelopmentExpenses": 0,
        "generalAndAdministrativeExpenses": 0,
        "sellingAndMarketingExpenses": 0,
        "sellingGeneralAndAdministrativeExpenses": 2000000,
        "otherExpenses": 200000,
        "operatingExpenses": 2200000,
        "costAndExpenses": 7700000,
        "interestIncome": 0,
        "interestExpense": 100000,
        "depreciationAndAmortization": 200000,
        "ebitda": 2000000,
        "ebitdaratio": 0.2150537634,
        "operatingIncome": 1600000,
        "operatingIncomeRatio": 0.1720430108,
        "totalOtherIncomeExpensesNet": 100000,
        "incomeBeforeTax": 1700000,
        "incomeBeforeTaxRatio": 0.1827956989,
        "incomeTaxExpense": 600000,
        "netIncome": 1100000,
        "netIncomeRatio": 0.1182795699,
        "eps": 0.13,
        "epsdiluted": 0.13,
        "weightedAverageShsOut": 8643722,
        "weightedAverageShsOutDil": 8643722,
        "link": "",
        "finalLink": ""
    },
    {
        "date": "1999-04-30",
        "symbol": "KMG",
        "reportedCurrency": "USD",
        "cik": "0000000000",
        "fillingDate": "1999-04-30",
        "acceptedDate": "1999-04-29 20:00:00",
        "calendarYear": "1999",
        "period": "Q3",
        "revenue": 9200000,
        "costOfRevenue": 5500000,
        "grossProfit": 3700000,
        "grossProfitRatio": 0.402173913,
        "researchAndDevelopmentExpenses": 0,
        "generalAndAdministrativeExpenses": 0,
        "sellingAndMarketingExpenses": 0,
        "sellingGeneralAndAdministrativeExpenses": 1700000,
        "otherExpenses": 300000,
        "operatingExpenses": 2000000,
        "costAndExpenses": 7500000,
        "interestIncome": 0,
        "interestExpense": 100000,
        "depreciationAndAmortization": 300000,
        "ebitda": 2300000,
        "ebitdaratio": 0.25,
        "operatingIncome": 1700000,
        "operatingIncomeRatio": 0.1847826087,
        "totalOtherIncomeExpensesNet": 200000,
        "incomeBeforeTax": 1900000,
        "incomeBeforeTaxRatio": 0.2065217391,
        "incomeTaxExpense": 700000,
        "netIncome": 1200000,
        "netIncomeRatio": 0.1304347826,
        "eps": 0.14,
        "epsdiluted": 0.14,
        "weightedAverageShsOut": 8542031,
        "weightedAverageShsOutDil": 8542031,
        "link": "",
        "finalLink": ""
    },
    {
        "date": "1999-01-31",
        "symbol": "KMG",
        "reportedCurrency": "USD",
        "cik": "0000000000",
        "fillingDate": "1999-01-31",
        "acceptedDate": "1999-01-30 19:00:00",
        "calendarYear": "1999",
        "period": "Q2",
        "revenue": 8100000,
        "costOfRevenue": 5100000,
        "grossProfit": 3000000,
        "grossProfitRatio": 0.3703703704,
        "researchAndDevelopmentExpenses": 0,
        "generalAndAdministrativeExpenses": 0,
        "sellingAndMarketingExpenses": 0,
        "sellingGeneralAndAdministrativeExpenses": 1700000,
        "otherExpenses": 200000,
        "operatingExpenses": 1900000,
        "costAndExpenses": 7000000,
        "interestIncome": 0,
        "interestExpense": 100000,
        "depreciationAndAmortization": 200000,
        "ebitda": 1300000,
        "ebitdaratio": 0.1604938272,
        "operatingIncome": 1100000,
        "operatingIncomeRatio": 0.1358024691,
        "totalOtherIncomeExpensesNet": -100000,
        "incomeBeforeTax": 1000000,
        "incomeBeforeTaxRatio": 0.1234567901,
        "incomeTaxExpense": 400000,
        "netIncome": 600000,
        "netIncomeRatio": 0.0740740741,
        "eps": 0.0744,
        "epsdiluted": 0.0744,
        "weightedAverageShsOut": 8067473,
        "weightedAverageShsOutDil": 8067473,
        "link": "",
        "finalLink": ""
    },
    {
        "date": "1998-10-31",
        "symbol": "KMG",
        "reportedCurrency": "USD",
        "cik": "0000000000",
        "fillingDate": "1998-10-31",
        "acceptedDate": "1998-10-30 19:00:00",
        "calendarYear": "1999",
        "period": "Q1",
        "revenue": 9800000,
        "costOfRevenue": 6500000,
        "grossProfit": 3300000,
        "grossProfitRatio": 0.3367346939,
        "researchAndDevelopmentExpenses": 0,
        "generalAndAdministrativeExpenses": 0,
        "sellingAndMarketingExpenses": 0,
        "sellingGeneralAndAdministrativeExpenses": 1400000,
        "otherExpenses": 300000,
        "operatingExpenses": 1700000,
        "costAndExpenses": 8200000,
        "interestIncome": 0,
        "interestExpense": 100000,
        "depreciationAndAmortization": 300000,
        "ebitda": 2000000,
        "ebitdaratio": 0.2040816327,
        "operatingIncome": 1600000,
        "operatingIncomeRatio": 0.1632653061,
        "totalOtherIncomeExpensesNet": 0,
        "incomeBeforeTax": 1600000,
        "incomeBeforeTaxRatio": 0.1632653061,
        "incomeTaxExpense": 600000,
        "netIncome": 1000000,
        "netIncomeRatio": 0.1020408163,
        "eps": 0.12,
        "epsdiluted": 0.12,
        "weightedAverageShsOut": 8643722,
        "weightedAverageShsOutDil": 8643722,
        "link": "",
        "finalLink": ""
    },
    {
        "date": "1998-07-31",
        "symbol": "KMG",
        "reportedCurrency": "USD",
        "cik": "0000000000",
        "fillingDate": "1998-07-31",
        "acceptedDate": "1998-07-30 20:00:00",
        "calendarYear": "1998",
        "period": "Q4",
        "revenue": 7300000,
        "costOfRevenue": 4600000,
        "grossProfit": 2700000,
        "grossProfitRatio": 0.3698630137,
        "researchAndDevelopmentExpenses": 0,
        "generalAndAdministrativeExpenses": 0,
        "sellingAndMarketingExpenses": 0,
        "sellingGeneralAndAdministrativeExpenses": 1300000,
        "otherExpenses": 100000,
        "operatingExpenses": 1400000,
        "costAndExpenses": 6000000,
        "interestIncome": 0,
        "interestExpense": 0,
        "depreciationAndAmortization": 100000,
        "ebitda": 1600000,
        "ebitdaratio": 0.2191780822,
        "operatingIncome": 1300000,
        "operatingIncomeRatio": 0.1780821918,
        "totalOtherIncomeExpensesNet": 200000,
        "incomeBeforeTax": 1500000,
        "incomeBeforeTaxRatio": 0.2054794521,
        "incomeTaxExpense": 600000,
        "netIncome": 900000,
        "netIncomeRatio": 0.1232876712,
        "eps": 0.1,
        "epsdiluted": 0.1,
        "weightedAverageShsOut": 8643722,
        "weightedAverageShsOutDil": 8643722,
        "link": "",
        "finalLink": ""
    },
    {
        "date": "1998-04-30",
        "symbol": "KMG",
        "reportedCurrency": "USD",
        "cik": "0000000000",
        "fillingDate": "1998-04-30",
        "acceptedDate": "1998-04-29 20:00:00",
        "calendarYear": "1998",
        "period": "Q3",
        "revenue": 5600000,
        "costOfRevenue": 3500000,
        "grossProfit": 2100000,
        "grossProfitRatio": 0.375,
        "researchAndDevelopmentExpenses": 0,
        "generalAndAdministrativeExpenses": 0,
        "sellingAndMarketingExpenses": 0,
        "sellingGeneralAndAdministrativeExpenses": 900000,
        "otherExpenses": 0,
        "operatingExpenses": 900000,
        "costAndExpenses": 4400000,
        "interestIncome": 0,
        "interestExpense": 0,
        "depreciationAndAmortization": 100000,
        "ebitda": 1500000,
        "ebitdaratio": 0.2678571429,
        "operatingIncome": 1200000,
        "operatingIncomeRatio": 0.2142857143,
        "totalOtherIncomeExpensesNet": 200000,
        "incomeBeforeTax": 1400000,
        "incomeBeforeTaxRatio": 0.25,
        "incomeTaxExpense": 500000,
        "netIncome": 900000,
        "netIncomeRatio": 0.1607142857,
        "eps": 0.0992,
        "epsdiluted": 0.0992,
        "weightedAverageShsOut": 9075908,
        "weightedAverageShsOutDil": 9075908,
        "link": "",
        "finalLink": ""
    },
    {
        "date": "1998-01-31",
        "symbol": "KMG",
        "reportedCurrency": "USD",
        "cik": "0000000000",
        "fillingDate": "1998-01-31",
        "acceptedDate": "1998-01-30 19:00:00",
        "calendarYear": "1998",
        "period": "Q2",
        "revenue": 4400000,
        "costOfRevenue": 2700000,
        "grossProfit": 1700000,
        "grossProfitRatio": 0.3863636364,
        "researchAndDevelopmentExpenses": 0,
        "generalAndAdministrativeExpenses": 0,
        "sellingAndMarketingExpenses": 0,
        "sellingGeneralAndAdministrativeExpenses": 900000,
        "otherExpenses": 0,
        "operatingExpenses": 900000,
        "costAndExpenses": 3600000,
        "interestIncome": 0,
        "interestExpense": 0,
        "depreciationAndAmortization": 100000,
        "ebitda": 900000,
        "ebitdaratio": 0.2045454545,
        "operatingIncome": 800000,
        "operatingIncomeRatio": 0.1818181818,
        "totalOtherIncomeExpensesNet": 100000,
        "incomeBeforeTax": 900000,
        "incomeBeforeTaxRatio": 0.2045454545,
        "incomeTaxExpense": 300000,
        "netIncome": 600000,
        "netIncomeRatio": 0.1363636364,
        "eps": 0.0661,
        "epsdiluted": 0.0661,
        "weightedAverageShsOut": 9075908,
        "weightedAverageShsOutDil": 9075908,
        "link": "",
        "finalLink": ""
    },
    {
        "date": "1997-10-31",
        "symbol": "KMG",
        "reportedCurrency": "USD",
        "cik": "0000000000",
        "fillingDate": "1997-10-31",
        "acceptedDate": "1997-10-30 19:00:00",
        "calendarYear": "1998",
        "period": "Q1",
        "revenue": 5400000,
        "costOfRevenue": 3200000,
        "grossProfit": 2200000,
        "grossProfitRatio": 0.4074074074,
        "researchAndDevelopmentExpenses": 0,
        "generalAndAdministrativeExpenses": 0,
        "sellingAndMarketingExpenses": 0,
        "sellingGeneralAndAdministrativeExpenses": 800000,
        "otherExpenses": 100000,
        "operatingExpenses": 900000,
        "costAndExpenses": 4100000,
        "interestIncome": 0,
        "interestExpense": 0,
        "depreciationAndAmortization": 100000,
        "ebitda": 1500000,
        "ebitdaratio": 0.2777777778,
        "operatingIncome": 1300000,
        "operatingIncomeRatio": 0.2407407407,
        "totalOtherIncomeExpensesNet": 100000,
        "incomeBeforeTax": 1400000,
        "incomeBeforeTaxRatio": 0.2592592593,
        "incomeTaxExpense": 500000,
        "netIncome": 900000,
        "netIncomeRatio": 0.1666666667,
        "eps": 0.0992,
        "epsdiluted": 0.0992,
        "weightedAverageShsOut": 9075908,
        "weightedAverageShsOutDil": 9075908,
        "link": "",
        "finalLink": ""
    },
    {
        "date": "1997-07-31",
        "symbol": "KMG",
        "reportedCurrency": "USD",
        "cik": "0000000000",
        "fillingDate": "1997-07-31",
        "acceptedDate": "1997-07-30 20:00:00",
        "calendarYear": "1997",
        "period": "Q4",
        "revenue": 5100000,
        "costOfRevenue": 3000000,
        "grossProfit": 2100000,
        "grossProfitRatio": 0.4117647059,
        "researchAndDevelopmentExpenses": 0,
        "generalAndAdministrativeExpenses": 0,
        "sellingAndMarketingExpenses": 0,
        "sellingGeneralAndAdministrativeExpenses": 1100000,
        "otherExpenses": 0,
        "operatingExpenses": 1100000,
        "costAndExpenses": 4100000,
        "interestIncome": 0,
        "interestExpense": 0,
        "depreciationAndAmortization": 0,
        "ebitda": 1000000,
        "ebitdaratio": 0.1960784314,
        "operatingIncome": 1000000,
        "operatingIncomeRatio": 0.1960784314,
        "totalOtherIncomeExpensesNet": 0,
        "incomeBeforeTax": 1000000,
        "incomeBeforeTaxRatio": 0.1960784314,
        "incomeTaxExpense": 400000,
        "netIncome": 600000,
        "netIncomeRatio": 0.1176470588,
        "eps": 0.0661,
        "epsdiluted": 0.0661,
        "weightedAverageShsOut": 9075908,
        "weightedAverageShsOutDil": 9075908,
        "link": "",
        "finalLink": ""
    },
    {
        "date": "1997-04-30",
        "symbol": "KMG",
        "reportedCurrency": "USD",
        "cik": "0000000000",
        "fillingDate": "1997-04-30",
        "acceptedDate": "1997-04-29 20:00:00",
        "calendarYear": "1997",
        "period": "Q3",
        "revenue": 5000000,
        "costOfRevenue": 2600000,
        "grossProfit": 2400000,
        "grossProfitRatio": 0.48,
        "researchAndDevelopmentExpenses": 0,
        "generalAndAdministrativeExpenses": 0,
        "sellingAndMarketingExpenses": 0,
        "sellingGeneralAndAdministrativeExpenses": 1100000,
        "otherExpenses": 200000,
        "operatingExpenses": 1300000,
        "costAndExpenses": 3900000,
        "interestIncome": 0,
        "interestExpense": 0,
        "depreciationAndAmortization": 200000,
        "ebitda": 1300000,
        "ebitdaratio": 0.26,
        "operatingIncome": 1100000,
        "operatingIncomeRatio": 0.22,
        "totalOtherIncomeExpensesNet": 0,
        "incomeBeforeTax": 1100000,
        "incomeBeforeTaxRatio": 0.22,
        "incomeTaxExpense": 400000,
        "netIncome": 700000,
        "netIncomeRatio": 0.14,
        "eps": 0.0826,
        "epsdiluted": 0.0826,
        "weightedAverageShsOut": 8470847,
        "weightedAverageShsOutDil": 8470847,
        "link": "",
        "finalLink": ""
    }
]