[
    {
        "date": "2025-06-30",
        "symbol": "KOP",
        "reportedCurrency": "USD",
        "cik": "0001315257",
        "fillingDate": "2025-08-08",
        "acceptedDate": "2025-08-08 11:59:41",
        "calendarYear": "2025",
        "period": "Q2",
        "revenue": 504800000,
        "costOfRevenue": 409200000,
        "grossProfit": 95600000,
        "grossProfitRatio": 0.1893819334,
        "researchAndDevelopmentExpenses": 0,
        "generalAndAdministrativeExpenses": 0,
        "sellingAndMarketingExpenses": 0,
        "sellingGeneralAndAdministrativeExpenses": 39500000,
        "otherExpenses": 0,
        "operatingExpenses": 39500000,
        "costAndExpenses": 448700000,
        "interestIncome": 0,
        "interestExpense": 17300000,
        "depreciationAndAmortization": 18000000,
        "ebitda": 59200000,
        "ebitdaratio": 0.117274168,
        "operatingIncome": 39100000,
        "operatingIncomeRatio": 0.0774564184,
        "totalOtherIncomeExpensesNet": -15200000,
        "incomeBeforeTax": 23900000,
        "incomeBeforeTaxRatio": 0.0473454834,
        "incomeTaxExpense": 7500000,
        "netIncome": 16399999,
        "netIncomeRatio": 0.0324881121,
        "eps": 0.82,
        "epsdiluted": 0.81,
        "weightedAverageShsOut": 19883000,
        "weightedAverageShsOutDil": 20235000,
        "link": "https://www.sec.gov/Archives/edgar/data/1315257/000095017025105595/0000950170-25-105595-index.htm",
        "finalLink": "https://www.sec.gov/Archives/edgar/data/1315257/000095017025105595/kop-20250630.htm"
    },
    {
        "date": "2025-03-31",
        "symbol": "KOP",
        "reportedCurrency": "USD",
        "cik": "0001315257",
        "fillingDate": "2025-05-09",
        "acceptedDate": "2025-05-09 12:21:36",
        "calendarYear": "2025",
        "period": "Q1",
        "revenue": 456500000,
        "costOfRevenue": 350700000,
        "grossProfit": 105800000,
        "grossProfitRatio": 0.2317634173,
        "researchAndDevelopmentExpenses": 0,
        "generalAndAdministrativeExpenses": 0,
        "sellingAndMarketingExpenses": 0,
        "sellingGeneralAndAdministrativeExpenses": 41100000,
        "otherExpenses": 37700000,
        "operatingExpenses": 78800000,
        "costAndExpenses": 429500000,
        "interestIncome": 0,
        "interestExpense": 16600000,
        "depreciationAndAmortization": 18000000,
        "ebitda": 17400000,
        "ebitdaratio": 0.0381161008,
        "operatingIncome": 27000000,
        "operatingIncomeRatio": 0.0591456736,
        "totalOtherIncomeExpensesNet": -44200000,
        "incomeBeforeTax": -17200000,
        "incomeBeforeTaxRatio": -0.0376779847,
        "incomeTaxExpense": -3300000,
        "netIncome": -13900000,
        "netIncomeRatio": -0.030449069,
        "eps": -0.68,
        "epsdiluted": -0.68,
        "weightedAverageShsOut": 20369000,
        "weightedAverageShsOutDil": 20369000,
        "link": "https://www.sec.gov/Archives/edgar/data/1315257/000095017025067733/0000950170-25-067733-index.htm",
        "finalLink": "https://www.sec.gov/Archives/edgar/data/1315257/000095017025067733/kop-20250331.htm"
    },
    {
        "date": "2024-12-31",
        "symbol": "KOP",
        "reportedCurrency": "USD",
        "cik": "0001315257",
        "fillingDate": "2025-02-27",
        "acceptedDate": "2025-02-27 11:53:11",
        "calendarYear": "2024",
        "period": "Q4",
        "revenue": 477000000,
        "costOfRevenue": 393400000,
        "grossProfit": 83600000,
        "grossProfitRatio": 0.1752620545,
        "researchAndDevelopmentExpenses": 0,
        "generalAndAdministrativeExpenses": 0,
        "sellingAndMarketingExpenses": 0,
        "sellingGeneralAndAdministrativeExpenses": 44000000,
        "otherExpenses": 33200000,
        "operatingExpenses": 77200000,
        "costAndExpenses": 470600000,
        "interestIncome": 0,
        "interestExpense": 18300000,
        "depreciationAndAmortization": 15300000,
        "ebitda": 18900000,
        "ebitdaratio": 0.0396226415,
        "operatingIncome": 6400000,
        "operatingIncomeRatio": 0.0134171908,
        "totalOtherIncomeExpensesNet": -21100000,
        "incomeBeforeTax": -14700000,
        "incomeBeforeTaxRatio": -0.0308176101,
        "incomeTaxExpense": -4500000,
        "netIncome": -10200000,
        "netIncomeRatio": -0.0213836478,
        "eps": -0.5,
        "epsdiluted": -0.5,
        "weightedAverageShsOut": 20269000,
        "weightedAverageShsOutDil": 20269000,
        "link": "https://www.sec.gov/Archives/edgar/data/1315257/000095017025028542/0000950170-25-028542-index.htm",
        "finalLink": "https://www.sec.gov/Archives/edgar/data/1315257/000095017025028542/kop-20241231.htm"
    },
    {
        "date": "2024-09-30",
        "symbol": "KOP",
        "reportedCurrency": "USD",
        "cik": "0001315257",
        "fillingDate": "2024-11-08",
        "acceptedDate": "2024-11-08 11:59:33",
        "calendarYear": "2024",
        "period": "Q3",
        "revenue": 554300000,
        "costOfRevenue": 433100000,
        "grossProfit": 121200000,
        "grossProfitRatio": 0.2186541584,
        "researchAndDevelopmentExpenses": 0,
        "generalAndAdministrativeExpenses": 0,
        "sellingAndMarketingExpenses": 0,
        "sellingGeneralAndAdministrativeExpenses": 43900000,
        "otherExpenses": 27600000,
        "operatingExpenses": 71500000,
        "costAndExpenses": 504600000,
        "interestIncome": 0,
        "interestExpense": 20200000,
        "depreciationAndAmortization": 17900000,
        "ebitda": 67700000,
        "ebitdaratio": 0.1221360274,
        "operatingIncome": 49700000,
        "operatingIncomeRatio": 0.0896626376,
        "totalOtherIncomeExpensesNet": -20100000,
        "incomeBeforeTax": 29600000,
        "incomeBeforeTaxRatio": 0.0534006855,
        "incomeTaxExpense": 10600000,
        "netIncome": 22800000,
        "netIncomeRatio": 0.0411329605,
        "eps": 1.12,
        "epsdiluted": 1.09,
        "weightedAverageShsOut": 20409000,
        "weightedAverageShsOutDil": 21448000,
        "link": "https://www.sec.gov/Archives/edgar/data/1315257/000095017024123804/0000950170-24-123804-index.htm",
        "finalLink": "https://www.sec.gov/Archives/edgar/data/1315257/000095017024123804/kop-20240930.htm"
    },
    {
        "date": "2024-06-30",
        "symbol": "KOP",
        "reportedCurrency": "USD",
        "cik": "0001315257",
        "fillingDate": "2024-08-08",
        "acceptedDate": "2024-08-08 12:16:11",
        "calendarYear": "2024",
        "period": "Q2",
        "revenue": 563200000,
        "costOfRevenue": 461100000,
        "grossProfit": 121600000,
        "grossProfitRatio": 0.2159090909,
        "researchAndDevelopmentExpenses": 0,
        "generalAndAdministrativeExpenses": 0,
        "sellingAndMarketingExpenses": 0,
        "sellingGeneralAndAdministrativeExpenses": 45900000,
        "otherExpenses": 18200000,
        "operatingExpenses": 64100000,
        "costAndExpenses": 507000000,
        "interestIncome": 0,
        "interestExpense": 20600000,
        "depreciationAndAmortization": 18200000,
        "ebitda": 75800000,
        "ebitdaratio": 0.1345880682,
        "operatingIncome": 57500000,
        "operatingIncomeRatio": 0.1020951705,
        "totalOtherIncomeExpensesNet": -20500000,
        "incomeBeforeTax": 37000000,
        "incomeBeforeTaxRatio": 0.0656960227,
        "incomeTaxExpense": 10200000,
        "netIncome": 26800000,
        "netIncomeRatio": 0.0475852273,
        "eps": 1.28,
        "epsdiluted": 1.25,
        "weightedAverageShsOut": 20901000,
        "weightedAverageShsOutDil": 21559000,
        "link": "https://www.sec.gov/Archives/edgar/data/1315257/000095017024093561/0000950170-24-093561-index.htm",
        "finalLink": "https://www.sec.gov/Archives/edgar/data/1315257/000095017024093561/kop-20240630.htm"
    },
    {
        "date": "2024-03-31",
        "symbol": "KOP",
        "reportedCurrency": "USD",
        "cik": "0001315257",
        "fillingDate": "2024-05-03",
        "acceptedDate": "2024-05-03 14:01:04",
        "calendarYear": "2024",
        "period": "Q1",
        "revenue": 497600000,
        "costOfRevenue": 419000000,
        "grossProfit": 96200000,
        "grossProfitRatio": 0.1933279743,
        "researchAndDevelopmentExpenses": 0,
        "generalAndAdministrativeExpenses": 0,
        "sellingAndMarketingExpenses": 0,
        "sellingGeneralAndAdministrativeExpenses": 45500000,
        "otherExpenses": 16100000,
        "operatingExpenses": 61600000,
        "costAndExpenses": 464500000,
        "interestIncome": 0,
        "interestExpense": 17100000,
        "depreciationAndAmortization": 16100000,
        "ebitda": 50600000,
        "ebitdaratio": 0.1016881029,
        "operatingIncome": 34600000,
        "operatingIncomeRatio": 0.0695337621,
        "totalOtherIncomeExpensesNet": -17200000,
        "incomeBeforeTax": 17400000,
        "incomeBeforeTaxRatio": 0.0349678457,
        "incomeTaxExpense": 4400000,
        "netIncome": 13000000,
        "netIncomeRatio": 0.0261254019,
        "eps": 0.62,
        "epsdiluted": 0.59,
        "weightedAverageShsOut": 21066000,
        "weightedAverageShsOutDil": 21909000,
        "link": "https://www.sec.gov/Archives/edgar/data/1315257/000095017024052678/0000950170-24-052678-index.htm",
        "finalLink": "https://www.sec.gov/Archives/edgar/data/1315257/000095017024052678/kop-20240331.htm"
    },
    {
        "date": "2023-12-31",
        "symbol": "KOP",
        "reportedCurrency": "USD",
        "cik": "0001315257",
        "fillingDate": "2024-02-28",
        "acceptedDate": "2024-02-28 12:09:22",
        "calendarYear": "2023",
        "period": "Q4",
        "revenue": 513200000,
        "costOfRevenue": 431900000,
        "grossProfit": 96500000,
        "grossProfitRatio": 0.1880358535,
        "researchAndDevelopmentExpenses": 0,
        "generalAndAdministrativeExpenses": 0,
        "sellingAndMarketingExpenses": 0,
        "sellingGeneralAndAdministrativeExpenses": 45000000,
        "otherExpenses": 14300000,
        "operatingExpenses": 59300000,
        "costAndExpenses": 476900000,
        "interestIncome": 0,
        "interestExpense": 17700000,
        "depreciationAndAmortization": 14300000,
        "ebitda": 51700000,
        "ebitdaratio": 0.1007404521,
        "operatingIncome": 37200000,
        "operatingIncomeRatio": 0.0724863601,
        "totalOtherIncomeExpensesNet": -17500000,
        "incomeBeforeTax": 19700000,
        "incomeBeforeTaxRatio": 0.0383865939,
        "incomeTaxExpense": 6700000,
        "netIncome": 12900000,
        "netIncomeRatio": 0.0251363991,
        "eps": 0.62,
        "epsdiluted": 0.59,
        "weightedAverageShsOut": 20826000,
        "weightedAverageShsOutDil": 21687000,
        "link": "https://www.sec.gov/Archives/edgar/data/1315257/000095017024021787/0000950170-24-021787-index.htm",
        "finalLink": "https://www.sec.gov/Archives/edgar/data/1315257/000095017024021787/kop-20231231.htm"
    },
    {
        "date": "2023-09-30",
        "symbol": "KOP",
        "reportedCurrency": "USD",
        "cik": "0001315257",
        "fillingDate": "2023-11-03",
        "acceptedDate": "2023-11-03 12:25:07",
        "calendarYear": "2023",
        "period": "Q3",
        "revenue": 550400000,
        "costOfRevenue": 439000000,
        "grossProfit": 111400000,
        "grossProfitRatio": 0.2023982558,
        "researchAndDevelopmentExpenses": 0,
        "generalAndAdministrativeExpenses": 0,
        "sellingAndMarketingExpenses": 0,
        "sellingGeneralAndAdministrativeExpenses": 43800000,
        "otherExpenses": 14300000,
        "operatingExpenses": 58100000,
        "costAndExpenses": 497100000,
        "interestIncome": 0,
        "interestExpense": 19000000,
        "depreciationAndAmortization": 14300000,
        "ebitda": 67800000,
        "ebitdaratio": 0.1231831395,
        "operatingIncome": 53300000,
        "operatingIncomeRatio": 0.0968386628,
        "totalOtherIncomeExpensesNet": -18800000,
        "incomeBeforeTax": 34500000,
        "incomeBeforeTaxRatio": 0.062681686,
        "incomeTaxExpense": 8300000,
        "netIncome": 26300000,
        "netIncomeRatio": 0.0477834302,
        "eps": 1.26,
        "epsdiluted": 1.22,
        "weightedAverageShsOut": 20828000,
        "weightedAverageShsOutDil": 21659000,
        "link": "https://www.sec.gov/Archives/edgar/data/1315257/000095017023058640/0000950170-23-058640-index.htm",
        "finalLink": "https://www.sec.gov/Archives/edgar/data/1315257/000095017023058640/kop-20230930.htm"
    },
    {
        "date": "2023-06-30",
        "symbol": "KOP",
        "reportedCurrency": "USD",
        "cik": "0001315257",
        "fillingDate": "2023-08-03",
        "acceptedDate": "2023-08-03 12:07:34",
        "calendarYear": "2023",
        "period": "Q2",
        "revenue": 577200000,
        "costOfRevenue": 464700000,
        "grossProfit": 112500000,
        "grossProfitRatio": 0.1949064449,
        "researchAndDevelopmentExpenses": 0,
        "generalAndAdministrativeExpenses": 0,
        "sellingAndMarketingExpenses": 0,
        "sellingGeneralAndAdministrativeExpenses": 43700000,
        "otherExpenses": 200000,
        "operatingExpenses": 58100000,
        "costAndExpenses": 522800000,
        "interestIncome": 0,
        "interestExpense": 20300000,
        "depreciationAndAmortization": 14400000,
        "ebitda": 69000000,
        "ebitdaratio": 0.1195426195,
        "operatingIncome": 54400000,
        "operatingIncomeRatio": 0.0942480942,
        "totalOtherIncomeExpensesNet": -20100000,
        "incomeBeforeTax": 34300000,
        "incomeBeforeTaxRatio": 0.0594248094,
        "incomeTaxExpense": 9900000,
        "netIncome": 24500000,
        "netIncomeRatio": 0.0424462924,
        "eps": 1.18,
        "epsdiluted": 1.15,
        "weightedAverageShsOut": 20843000,
        "weightedAverageShsOutDil": 21351000,
        "link": "https://www.sec.gov/Archives/edgar/data/1315257/000095017023037727/0000950170-23-037727-index.htm",
        "finalLink": "https://www.sec.gov/Archives/edgar/data/1315257/000095017023037727/kop-20230630.htm"
    },
    {
        "date": "2023-03-31",
        "symbol": "KOP",
        "reportedCurrency": "USD",
        "cik": "0001315257",
        "fillingDate": "2023-05-05",
        "acceptedDate": "2023-05-05 11:55:53",
        "calendarYear": "2023",
        "period": "Q1",
        "revenue": 513400000,
        "costOfRevenue": 409300000,
        "grossProfit": 104100000,
        "grossProfitRatio": 0.2027658746,
        "researchAndDevelopmentExpenses": 0,
        "generalAndAdministrativeExpenses": 0,
        "sellingAndMarketingExpenses": 0,
        "sellingGeneralAndAdministrativeExpenses": 41600000,
        "otherExpenses": 14000000,
        "operatingExpenses": 55600000,
        "costAndExpenses": 464900000,
        "interestIncome": 0,
        "interestExpense": 14000000,
        "depreciationAndAmortization": 14000000,
        "ebitda": 64100000,
        "ebitdaratio": 0.1248539151,
        "operatingIncome": 50300000,
        "operatingIncomeRatio": 0.0979742891,
        "totalOtherIncomeExpensesNet": -14200000,
        "incomeBeforeTax": 36100000,
        "incomeBeforeTaxRatio": 0.0703155434,
        "incomeTaxExpense": 9900000,
        "netIncome": 25500000,
        "netIncomeRatio": 0.0496688742,
        "eps": 1.22,
        "epsdiluted": 1.19,
        "weightedAverageShsOut": 20842000,
        "weightedAverageShsOutDil": 21385000,
        "link": "https://www.sec.gov/Archives/edgar/data/1315257/000095017023018172/0000950170-23-018172-index.htm",
        "finalLink": "https://www.sec.gov/Archives/edgar/data/1315257/000095017023018172/kop-20230331.htm"
    },
    {
        "date": "2022-12-31",
        "symbol": "KOP",
        "reportedCurrency": "USD",
        "cik": "0001315257",
        "fillingDate": "2023-02-27",
        "acceptedDate": "2023-02-27 12:07:18",
        "calendarYear": "2022",
        "period": "Q4",
        "revenue": 482600000,
        "costOfRevenue": 406500000,
        "grossProfit": 76100000,
        "grossProfitRatio": 0.1576875259,
        "researchAndDevelopmentExpenses": 0,
        "generalAndAdministrativeExpenses": 0,
        "sellingAndMarketingExpenses": 0,
        "sellingGeneralAndAdministrativeExpenses": 36900000,
        "otherExpenses": 11600000,
        "operatingExpenses": 48500000,
        "costAndExpenses": 455000000,
        "interestIncome": 0,
        "interestExpense": 12500000,
        "depreciationAndAmortization": 11600000,
        "ebitda": 39900000,
        "ebitdaratio": 0.0826771654,
        "operatingIncome": 27600000,
        "operatingIncomeRatio": 0.0571902196,
        "totalOtherIncomeExpensesNet": -11800000,
        "incomeBeforeTax": 15800000,
        "incomeBeforeTaxRatio": 0.0327393286,
        "incomeTaxExpense": 1900000,
        "netIncome": 13800000,
        "netIncomeRatio": 0.0285951098,
        "eps": 0.66,
        "epsdiluted": 0.65,
        "weightedAverageShsOut": 20839000,
        "weightedAverageShsOutDil": 21224000,
        "link": "https://www.sec.gov/Archives/edgar/data/1315257/000095017023004546/0000950170-23-004546-index.htm",
        "finalLink": "https://www.sec.gov/Archives/edgar/data/1315257/000095017023004546/kop-20221231.htm"
    },
    {
        "date": "2022-09-30",
        "symbol": "KOP",
        "reportedCurrency": "USD",
        "cik": "0001315257",
        "fillingDate": "2022-11-04",
        "acceptedDate": "2022-11-04 12:16:01",
        "calendarYear": "2022",
        "period": "Q3",
        "revenue": 536100000,
        "costOfRevenue": 439700000,
        "grossProfit": 96400000,
        "grossProfitRatio": 0.1798171983,
        "researchAndDevelopmentExpenses": 0,
        "generalAndAdministrativeExpenses": 0,
        "sellingAndMarketingExpenses": 0,
        "sellingGeneralAndAdministrativeExpenses": 36700000,
        "otherExpenses": 16900000,
        "operatingExpenses": 53600000,
        "costAndExpenses": 493300000,
        "interestIncome": 0,
        "interestExpense": 11400000,
        "depreciationAndAmortization": 16900000,
        "ebitda": 60500000,
        "ebitdaratio": 0.1128520798,
        "operatingIncome": 42800000,
        "operatingIncomeRatio": 0.0798358515,
        "totalOtherIncomeExpensesNet": -10600000,
        "incomeBeforeTax": 32200000,
        "incomeBeforeTaxRatio": 0.060063421,
        "incomeTaxExpense": 13200000,
        "netIncome": 19100000,
        "netIncomeRatio": 0.0356276814,
        "eps": 0.91,
        "epsdiluted": 0.91,
        "weightedAverageShsOut": 20897000,
        "weightedAverageShsOutDil": 21085000,
        "link": "https://www.sec.gov/Archives/edgar/data/1315257/000095017022022129/0000950170-22-022129-index.htm",
        "finalLink": "https://www.sec.gov/Archives/edgar/data/1315257/000095017022022129/kop-20220930.htm"
    },
    {
        "date": "2022-06-30",
        "symbol": "KOP",
        "reportedCurrency": "USD",
        "cik": "0001315257",
        "fillingDate": "2022-08-04",
        "acceptedDate": "2022-08-04 12:49:57",
        "calendarYear": "2022",
        "period": "Q2",
        "revenue": 502500000,
        "costOfRevenue": 419400000,
        "grossProfit": 83100000,
        "grossProfitRatio": 0.1653731343,
        "researchAndDevelopmentExpenses": 0,
        "generalAndAdministrativeExpenses": 0,
        "sellingAndMarketingExpenses": 0,
        "sellingGeneralAndAdministrativeExpenses": 40600000,
        "otherExpenses": 13400000,
        "operatingExpenses": 54000000,
        "costAndExpenses": 473400000,
        "interestIncome": 0,
        "interestExpense": 11100000,
        "depreciationAndAmortization": 13400000,
        "ebitda": 42900000,
        "ebitdaratio": 0.0853731343,
        "operatingIncome": 29100000,
        "operatingIncomeRatio": 0.0579104478,
        "totalOtherIncomeExpensesNet": -10700000,
        "incomeBeforeTax": 18400000,
        "incomeBeforeTaxRatio": 0.0366169154,
        "incomeTaxExpense": 6800000,
        "netIncome": 11700000,
        "netIncomeRatio": 0.0232835821,
        "eps": 0.56,
        "epsdiluted": 0.55,
        "weightedAverageShsOut": 21026000,
        "weightedAverageShsOutDil": 21239000,
        "link": "https://www.sec.gov/Archives/edgar/data/1315257/000156459022027965/0001564590-22-027965-index.htm",
        "finalLink": "https://www.sec.gov/Archives/edgar/data/1315257/000156459022027965/kop-10q_20220630.htm"
    },
    {
        "date": "2022-03-31",
        "symbol": "KOP",
        "reportedCurrency": "USD",
        "cik": "0001315257",
        "fillingDate": "2022-05-06",
        "acceptedDate": "2022-05-06 12:13:15",
        "calendarYear": "2022",
        "period": "Q1",
        "revenue": 459300000,
        "costOfRevenue": 370300000,
        "grossProfit": 89000000,
        "grossProfitRatio": 0.193773133,
        "researchAndDevelopmentExpenses": 0,
        "generalAndAdministrativeExpenses": 0,
        "sellingAndMarketingExpenses": 0,
        "sellingGeneralAndAdministrativeExpenses": 39100000,
        "otherExpenses": 14200000,
        "operatingExpenses": 53300000,
        "costAndExpenses": 423600000,
        "interestIncome": 0,
        "interestExpense": 9800000,
        "depreciationAndAmortization": 14200000,
        "ebitda": 53000000,
        "ebitdaratio": 0.1153929893,
        "operatingIncome": 38200000,
        "operatingIncomeRatio": 0.0831700414,
        "totalOtherIncomeExpensesNet": -9200000,
        "incomeBeforeTax": 29000000,
        "incomeBeforeTaxRatio": 0.0631395602,
        "incomeTaxExpense": 9700000,
        "netIncome": 18800000,
        "netIncomeRatio": 0.0409318528,
        "eps": 0.89,
        "epsdiluted": 0.87,
        "weightedAverageShsOut": 21151000,
        "weightedAverageShsOutDil": 21692000,
        "link": "https://www.sec.gov/Archives/edgar/data/1315257/000156459022018495/0001564590-22-018495-index.htm",
        "finalLink": "https://www.sec.gov/Archives/edgar/data/1315257/000156459022018495/kop-10q_20220331.htm"
    },
    {
        "date": "2021-12-31",
        "symbol": "KOP",
        "reportedCurrency": "USD",
        "cik": "0001315257",
        "fillingDate": "2022-02-23",
        "acceptedDate": "2022-02-23 08:05:33",
        "calendarYear": "2021",
        "period": "Q4",
        "revenue": 405300000,
        "costOfRevenue": 332400000,
        "grossProfit": 72900000,
        "grossProfitRatio": 0.1798667654,
        "researchAndDevelopmentExpenses": 0,
        "generalAndAdministrativeExpenses": 0,
        "sellingAndMarketingExpenses": 0,
        "sellingGeneralAndAdministrativeExpenses": 38300000,
        "otherExpenses": 900000,
        "operatingExpenses": 52600000,
        "costAndExpenses": 385000000,
        "interestIncome": 0,
        "interestExpense": 10000000,
        "depreciationAndAmortization": 14300000,
        "ebitda": 58900000,
        "ebitdaratio": 0.145324451,
        "operatingIncome": 43700000,
        "operatingIncomeRatio": 0.1078213669,
        "totalOtherIncomeExpensesNet": -9100000,
        "incomeBeforeTax": 34600000,
        "incomeBeforeTaxRatio": 0.0853688626,
        "incomeTaxExpense": 12100000,
        "netIncome": 22200000,
        "netIncomeRatio": 0.0547742413,
        "eps": 1.04,
        "epsdiluted": 1.01,
        "weightedAverageShsOut": 21193000,
        "weightedAverageShsOutDil": 21917000,
        "link": "https://www.sec.gov/Archives/edgar/data/1315257/000156459022006039/0001564590-22-006039-index.htm",
        "finalLink": "https://www.sec.gov/Archives/edgar/data/1315257/000156459022006039/kop-10k_20211231.htm"
    },
    {
        "date": "2021-09-30",
        "symbol": "KOP",
        "reportedCurrency": "USD",
        "cik": "0001315257",
        "fillingDate": "2021-11-04",
        "acceptedDate": "2021-11-04 13:21:20",
        "calendarYear": "2021",
        "period": "Q3",
        "revenue": 424800000,
        "costOfRevenue": 348900000,
        "grossProfit": 75900000,
        "grossProfitRatio": 0.1786723164,
        "researchAndDevelopmentExpenses": 0,
        "generalAndAdministrativeExpenses": 0,
        "sellingAndMarketingExpenses": 0,
        "sellingGeneralAndAdministrativeExpenses": 37800000,
        "otherExpenses": 900000,
        "operatingExpenses": 51200000,
        "costAndExpenses": 400100000,
        "interestIncome": 0,
        "interestExpense": 10200000,
        "depreciationAndAmortization": 13400000,
        "ebitda": 38900000,
        "ebitdaratio": 0.0915725047,
        "operatingIncome": 24600000,
        "operatingIncomeRatio": 0.0579096045,
        "totalOtherIncomeExpensesNet": -9300000,
        "incomeBeforeTax": 15300000,
        "incomeBeforeTaxRatio": 0.0360169492,
        "incomeTaxExpense": 4800000,
        "netIncome": 10200000,
        "netIncomeRatio": 0.0240112994,
        "eps": 0.48,
        "epsdiluted": 0.47,
        "weightedAverageShsOut": 21322000,
        "weightedAverageShsOutDil": 21947000,
        "link": "https://www.sec.gov/Archives/edgar/data/1315257/000156459021054369/0001564590-21-054369-index.htm",
        "finalLink": "https://www.sec.gov/Archives/edgar/data/1315257/000156459021054369/kop-10q_20210930.htm"
    },
    {
        "date": "2021-06-30",
        "symbol": "KOP",
        "reportedCurrency": "USD",
        "cik": "0001315257",
        "fillingDate": "2021-08-06",
        "acceptedDate": "2021-08-06 12:37:32",
        "calendarYear": "2021",
        "period": "Q2",
        "revenue": 441000000,
        "costOfRevenue": 343900000,
        "grossProfit": 97100000,
        "grossProfitRatio": 0.2201814059,
        "researchAndDevelopmentExpenses": 0,
        "generalAndAdministrativeExpenses": 0,
        "sellingAndMarketingExpenses": 0,
        "sellingGeneralAndAdministrativeExpenses": 38300000,
        "otherExpenses": 800000,
        "operatingExpenses": 52200000,
        "costAndExpenses": 396100000,
        "interestIncome": 0,
        "interestExpense": 10100000,
        "depreciationAndAmortization": 13900000,
        "ebitda": 59000000,
        "ebitdaratio": 0.1337868481,
        "operatingIncome": 44300000,
        "operatingIncomeRatio": 0.1004535147,
        "totalOtherIncomeExpensesNet": -9300000,
        "incomeBeforeTax": 35000000,
        "incomeBeforeTaxRatio": 0.0793650794,
        "incomeTaxExpense": 9100000,
        "netIncome": 26900000,
        "netIncomeRatio": 0.0609977324,
        "eps": 1.26,
        "epsdiluted": 1.22,
        "weightedAverageShsOut": 21289000,
        "weightedAverageShsOutDil": 21967000,
        "link": "https://www.sec.gov/Archives/edgar/data/1315257/000156459021042020/0001564590-21-042020-index.htm",
        "finalLink": "https://www.sec.gov/Archives/edgar/data/1315257/000156459021042020/kop-10q_20210630.htm"
    },
    {
        "date": "2021-03-31",
        "symbol": "KOP",
        "reportedCurrency": "USD",
        "cik": "0001315257",
        "fillingDate": "2021-05-07",
        "acceptedDate": "2021-05-07 12:30:38",
        "calendarYear": "2021",
        "period": "Q1",
        "revenue": 407500000,
        "costOfRevenue": 319300000,
        "grossProfit": 88200000,
        "grossProfitRatio": 0.2164417178,
        "researchAndDevelopmentExpenses": 0,
        "generalAndAdministrativeExpenses": 0,
        "sellingAndMarketingExpenses": 0,
        "sellingGeneralAndAdministrativeExpenses": 34500000,
        "otherExpenses": 1000000,
        "operatingExpenses": 50600000,
        "costAndExpenses": 369900000,
        "interestIncome": 0,
        "interestExpense": 10200000,
        "depreciationAndAmortization": 16100000,
        "ebitda": 61000000,
        "ebitdaratio": 0.1496932515,
        "operatingIncome": 43900000,
        "operatingIncomeRatio": 0.1077300613,
        "totalOtherIncomeExpensesNet": -9200000,
        "incomeBeforeTax": 34700000,
        "incomeBeforeTaxRatio": 0.0851533742,
        "incomeTaxExpense": 8500000,
        "netIncome": 25900000,
        "netIncomeRatio": 0.0635582822,
        "eps": 1.22,
        "epsdiluted": 1.18,
        "weightedAverageShsOut": 21142000,
        "weightedAverageShsOutDil": 21907000,
        "link": "https://www.sec.gov/Archives/edgar/data/1315257/000156459021025405/0001564590-21-025405-index.htm",
        "finalLink": "https://www.sec.gov/Archives/edgar/data/1315257/000156459021025405/kop-10q_20210331.htm"
    },
    {
        "date": "2020-12-31",
        "symbol": "KOP",
        "reportedCurrency": "USD",
        "cik": "0001315257",
        "fillingDate": "2021-02-24",
        "acceptedDate": "2021-02-24 14:08:01",
        "calendarYear": "2020",
        "period": "Q4",
        "revenue": 393100000,
        "costOfRevenue": 303900000,
        "grossProfit": 89200000,
        "grossProfitRatio": 0.2269142712,
        "researchAndDevelopmentExpenses": 0,
        "generalAndAdministrativeExpenses": 39000000,
        "sellingAndMarketingExpenses": 0,
        "sellingGeneralAndAdministrativeExpenses": 39000000,
        "otherExpenses": 400000,
        "operatingExpenses": 53400000,
        "costAndExpenses": 357300000,
        "interestIncome": 0,
        "interestExpense": 10300000,
        "depreciationAndAmortization": 14400000,
        "ebitda": 49600000,
        "ebitdaratio": 0.1261765454,
        "operatingIncome": 34800000,
        "operatingIncomeRatio": 0.0885270923,
        "totalOtherIncomeExpensesNet": -10900000,
        "incomeBeforeTax": 24900000,
        "incomeBeforeTaxRatio": 0.0633426609,
        "incomeTaxExpense": 6200000,
        "netIncome": 18600000,
        "netIncomeRatio": 0.0473162045,
        "eps": 0.88,
        "epsdiluted": 0.86,
        "weightedAverageShsOut": 21066000,
        "weightedAverageShsOutDil": 21621000,
        "link": "https://www.sec.gov/Archives/edgar/data/1315257/000156459021007979/0001564590-21-007979-index.htm",
        "finalLink": "https://www.sec.gov/Archives/edgar/data/1315257/000156459021007979/kop-10k_20201231.htm"
    },
    {
        "date": "2020-09-30",
        "symbol": "KOP",
        "reportedCurrency": "USD",
        "cik": "0001315257",
        "fillingDate": "2020-11-04",
        "acceptedDate": "2020-11-04 09:21:37",
        "calendarYear": "2020",
        "period": "Q3",
        "revenue": 437500000,
        "costOfRevenue": 329800000,
        "grossProfit": 107700000,
        "grossProfitRatio": 0.2461714286,
        "researchAndDevelopmentExpenses": 0,
        "generalAndAdministrativeExpenses": 0,
        "sellingAndMarketingExpenses": 0,
        "sellingGeneralAndAdministrativeExpenses": 34600000,
        "otherExpenses": 900000,
        "operatingExpenses": 47500000,
        "costAndExpenses": 377300000,
        "interestIncome": 0,
        "interestExpense": 11800000,
        "depreciationAndAmortization": 12400000,
        "ebitda": 72400000,
        "ebitdaratio": 0.1654857143,
        "operatingIncome": 58600000,
        "operatingIncomeRatio": 0.1339428571,
        "totalOtherIncomeExpensesNet": -10900000,
        "incomeBeforeTax": 47700000,
        "incomeBeforeTaxRatio": 0.1090285714,
        "incomeTaxExpense": 8600000,
        "netIncome": 75600000,
        "netIncomeRatio": 0.1728,
        "eps": 3.59,
        "epsdiluted": 3.53,
        "weightedAverageShsOut": 21047000,
        "weightedAverageShsOutDil": 21380000,
        "link": "https://www.sec.gov/Archives/edgar/data/1315257/000156459020050220/0001564590-20-050220-index.htm",
        "finalLink": "https://www.sec.gov/Archives/edgar/data/1315257/000156459020050220/kop-10q_20200930.htm"
    },
    {
        "date": "2020-06-30",
        "symbol": "KOP",
        "reportedCurrency": "USD",
        "cik": "0001315257",
        "fillingDate": "2020-08-05",
        "acceptedDate": "2020-08-05 08:50:19",
        "calendarYear": "2020",
        "period": "Q2",
        "revenue": 436600000,
        "costOfRevenue": 334700000,
        "grossProfit": 101900000,
        "grossProfitRatio": 0.2333944114,
        "researchAndDevelopmentExpenses": 0,
        "generalAndAdministrativeExpenses": 34800000,
        "sellingAndMarketingExpenses": 0,
        "sellingGeneralAndAdministrativeExpenses": 34800000,
        "otherExpenses": 500000,
        "operatingExpenses": 48100000,
        "costAndExpenses": 382800000,
        "interestIncome": 0,
        "interestExpense": 12800000,
        "depreciationAndAmortization": 12800000,
        "ebitda": 63500000,
        "ebitdaratio": 0.1454420522,
        "operatingIncome": 49700000,
        "operatingIncomeRatio": 0.1138341732,
        "totalOtherIncomeExpensesNet": -12300000,
        "incomeBeforeTax": 37400000,
        "incomeBeforeTaxRatio": 0.0856619331,
        "incomeTaxExpense": 8000000,
        "netIncome": 29200000,
        "netIncomeRatio": 0.0668804398,
        "eps": 1.39,
        "epsdiluted": 1.39,
        "weightedAverageShsOut": 21001000,
        "weightedAverageShsOutDil": 21068000,
        "link": "https://www.sec.gov/Archives/edgar/data/1315257/000156459020036474/0001564590-20-036474-index.htm",
        "finalLink": "https://www.sec.gov/Archives/edgar/data/1315257/000156459020036474/kop-10q_20200630.htm"
    },
    {
        "date": "2020-03-31",
        "symbol": "KOP",
        "reportedCurrency": "USD",
        "cik": "0001315257",
        "fillingDate": "2020-05-07",
        "acceptedDate": "2020-05-07 10:58:35",
        "calendarYear": "2020",
        "period": "Q1",
        "revenue": 401900000,
        "costOfRevenue": 340300000,
        "grossProfit": 61600000,
        "grossProfitRatio": 0.1532719582,
        "researchAndDevelopmentExpenses": 0,
        "generalAndAdministrativeExpenses": 34700000,
        "sellingAndMarketingExpenses": 0,
        "sellingGeneralAndAdministrativeExpenses": 34700000,
        "otherExpenses": 500000,
        "operatingExpenses": 48200000,
        "costAndExpenses": 388500000,
        "interestIncome": 0,
        "interestExpense": 14000000,
        "depreciationAndAmortization": 14500000,
        "ebitda": 28600000,
        "ebitdaratio": 0.0711619806,
        "operatingIncome": 13600000,
        "operatingIncomeRatio": 0.0338392635,
        "totalOtherIncomeExpensesNet": -13500000,
        "incomeBeforeTax": 100000,
        "incomeBeforeTaxRatio": 0.0002488181,
        "incomeTaxExpense": -1800000,
        "netIncome": -1400000,
        "netIncomeRatio": -0.0034834536,
        "eps": -0.0671,
        "epsdiluted": -0.0657,
        "weightedAverageShsOut": 20852000,
        "weightedAverageShsOutDil": 21315000,
        "link": "https://www.sec.gov/Archives/edgar/data/1315257/000156459020022489/0001564590-20-022489-index.htm",
        "finalLink": "https://www.sec.gov/Archives/edgar/data/1315257/000156459020022489/kop-10q_20200331.htm"
    },
    {
        "date": "2019-12-31",
        "symbol": "KOP",
        "reportedCurrency": "USD",
        "cik": "0001315257",
        "fillingDate": "2020-02-27",
        "acceptedDate": "2020-02-27 06:03:17",
        "calendarYear": "2019",
        "period": "Q4",
        "revenue": 393200000,
        "costOfRevenue": 318300000,
        "grossProfit": 74900000,
        "grossProfitRatio": 0.1904883011,
        "researchAndDevelopmentExpenses": 0,
        "generalAndAdministrativeExpenses": 37000000,
        "sellingAndMarketingExpenses": 0,
        "sellingGeneralAndAdministrativeExpenses": 37000000,
        "otherExpenses": 100000,
        "operatingExpenses": 49800000,
        "costAndExpenses": 368100000,
        "interestIncome": 0,
        "interestExpense": 14300000,
        "depreciationAndAmortization": 12800000,
        "ebitda": 37200000,
        "ebitdaratio": 0.0946083418,
        "operatingIncome": 24300000,
        "operatingIncomeRatio": 0.0618006104,
        "totalOtherIncomeExpensesNet": -14200000,
        "incomeBeforeTax": 10100000,
        "incomeBeforeTaxRatio": 0.0256866734,
        "incomeTaxExpense": -10100000,
        "netIncome": 20600000,
        "netIncomeRatio": 0.0523906409,
        "eps": 0.99,
        "epsdiluted": 0.96,
        "weightedAverageShsOut": 20736000,
        "weightedAverageShsOutDil": 21369000,
        "link": "https://www.sec.gov/Archives/edgar/data/1315257/000156459020006973/0001564590-20-006973-index.htm",
        "finalLink": "https://www.sec.gov/Archives/edgar/data/1315257/000156459020006973/kop-10k_20191231.htm"
    },
    {
        "date": "2019-09-30",
        "symbol": "KOP",
        "reportedCurrency": "USD",
        "cik": "0001315257",
        "fillingDate": "2019-11-07",
        "acceptedDate": "2019-11-07 12:03:32",
        "calendarYear": "2019",
        "period": "Q3",
        "revenue": 474900000,
        "costOfRevenue": 382300000,
        "grossProfit": 92600000,
        "grossProfitRatio": 0.1949884186,
        "researchAndDevelopmentExpenses": 0,
        "generalAndAdministrativeExpenses": 37600000,
        "sellingAndMarketingExpenses": 0,
        "sellingGeneralAndAdministrativeExpenses": 37600000,
        "otherExpenses": 0,
        "operatingExpenses": 51900000,
        "costAndExpenses": 434200000,
        "interestIncome": 100000,
        "interestExpense": 15500000,
        "depreciationAndAmortization": 14300000,
        "ebitda": 55000000,
        "ebitdaratio": 0.1158138555,
        "operatingIncome": 39600000,
        "operatingIncomeRatio": 0.083385976,
        "totalOtherIncomeExpensesNet": -13500000,
        "incomeBeforeTax": 24100000,
        "incomeBeforeTaxRatio": 0.0507475258,
        "incomeTaxExpense": 3600000,
        "netIncome": 19800000,
        "netIncomeRatio": 0.041692988,
        "eps": 0.96,
        "epsdiluted": 0.94,
        "weightedAverageShsOut": 20684000,
        "weightedAverageShsOutDil": 21030000,
        "link": "https://www.sec.gov/Archives/edgar/data/1315257/000156459019041474/0001564590-19-041474-index.htm",
        "finalLink": "https://www.sec.gov/Archives/edgar/data/1315257/000156459019041474/kop-10q_20190930.htm"
    },
    {
        "date": "2019-06-30",
        "symbol": "KOP",
        "reportedCurrency": "USD",
        "cik": "0001315257",
        "fillingDate": "2019-08-08",
        "acceptedDate": "2019-08-08 13:08:02",
        "calendarYear": "2019",
        "period": "Q2",
        "revenue": 469800000,
        "costOfRevenue": 375600000,
        "grossProfit": 94200000,
        "grossProfitRatio": 0.2005108557,
        "researchAndDevelopmentExpenses": 0,
        "generalAndAdministrativeExpenses": 38500000,
        "sellingAndMarketingExpenses": 0,
        "sellingGeneralAndAdministrativeExpenses": 38500000,
        "otherExpenses": -100000,
        "operatingExpenses": 51900000,
        "costAndExpenses": 427500000,
        "interestIncome": 300000,
        "interestExpense": 16000000,
        "depreciationAndAmortization": 13400000,
        "ebitda": 51800000,
        "ebitdaratio": 0.110259685,
        "operatingIncome": 38500000,
        "operatingIncomeRatio": 0.0819497659,
        "totalOtherIncomeExpensesNet": -16100000,
        "incomeBeforeTax": 22400000,
        "incomeBeforeTaxRatio": 0.0476798638,
        "incomeTaxExpense": 8000000,
        "netIncome": 14700000,
        "netIncomeRatio": 0.0312899106,
        "eps": 0.72,
        "epsdiluted": 0.7,
        "weightedAverageShsOut": 20662000,
        "weightedAverageShsOutDil": 21044000,
        "link": "https://www.sec.gov/Archives/edgar/data/1315257/000156459019030584/0001564590-19-030584-index.htm",
        "finalLink": "https://www.sec.gov/Archives/edgar/data/1315257/000156459019030584/kop-10q_20190630.htm"
    },
    {
        "date": "2019-03-31",
        "symbol": "KOP",
        "reportedCurrency": "USD",
        "cik": "0001315257",
        "fillingDate": "2019-05-03",
        "acceptedDate": "2019-05-03 12:24:32",
        "calendarYear": "2019",
        "period": "Q1",
        "revenue": 434900000,
        "costOfRevenue": 353800000,
        "grossProfit": 81100000,
        "grossProfitRatio": 0.1864796505,
        "researchAndDevelopmentExpenses": 0,
        "generalAndAdministrativeExpenses": 37800000,
        "sellingAndMarketingExpenses": 0,
        "sellingGeneralAndAdministrativeExpenses": 37800000,
        "otherExpenses": 600000,
        "operatingExpenses": 52400000,
        "costAndExpenses": 406200000,
        "interestIncome": 500000,
        "interestExpense": 16700000,
        "depreciationAndAmortization": 14600000,
        "ebitda": 43600000,
        "ebitdaratio": 0.1002529317,
        "operatingIncome": 28400000,
        "operatingIncomeRatio": 0.0653023684,
        "totalOtherIncomeExpensesNet": -12000000,
        "incomeBeforeTax": 12300000,
        "incomeBeforeTaxRatio": 0.0282823638,
        "incomeTaxExpense": -100000,
        "netIncome": 11500000,
        "netIncomeRatio": 0.0264428604,
        "eps": 0.56,
        "epsdiluted": 0.56,
        "weightedAverageShsOut": 20575000,
        "weightedAverageShsOutDil": 20881000,
        "link": "https://www.sec.gov/Archives/edgar/data/1315257/000156459019015570/0001564590-19-015570-index.htm",
        "finalLink": "https://www.sec.gov/Archives/edgar/data/1315257/000156459019015570/kop-10q_20190331.htm"
    },
    {
        "date": "2018-12-31",
        "symbol": "KOP",
        "reportedCurrency": "USD",
        "cik": "0001315257",
        "fillingDate": "2019-03-01",
        "acceptedDate": "2019-03-01 13:33:47",
        "calendarYear": "2018",
        "period": "Q4",
        "revenue": 425400000,
        "costOfRevenue": 351200000,
        "grossProfit": 74200000,
        "grossProfitRatio": 0.1744240715,
        "researchAndDevelopmentExpenses": 0,
        "generalAndAdministrativeExpenses": 0,
        "sellingAndMarketingExpenses": 39800000,
        "sellingGeneralAndAdministrativeExpenses": 39800000,
        "otherExpenses": 1800000,
        "operatingExpenses": 52100000,
        "costAndExpenses": 403300000,
        "interestIncome": 0,
        "interestExpense": 16200000,
        "depreciationAndAmortization": 12300000,
        "ebitda": 28000000,
        "ebitdaratio": 0.0658204043,
        "operatingIncome": 13600000,
        "operatingIncomeRatio": 0.0319699107,
        "totalOtherIncomeExpensesNet": -14400000,
        "incomeBeforeTax": -800000,
        "incomeBeforeTaxRatio": -0.001880583,
        "incomeTaxExpense": 1600000,
        "netIncome": -2600000,
        "netIncomeRatio": -0.0061118947,
        "eps": -0.13,
        "epsdiluted": -0.13,
        "weightedAverageShsOut": 20508000,
        "weightedAverageShsOutDil": 20511000,
        "link": "https://www.sec.gov/Archives/edgar/data/1315257/000156459019005736/0001564590-19-005736-index.htm",
        "finalLink": "https://www.sec.gov/Archives/edgar/data/1315257/000156459019005736/kop-10k_20181231.htm"
    },
    {
        "date": "2018-09-30",
        "symbol": "KOP",
        "reportedCurrency": "USD",
        "cik": "0001315257",
        "fillingDate": "2018-11-08",
        "acceptedDate": "2018-11-08 15:41:09",
        "calendarYear": "2018",
        "period": "Q3",
        "revenue": 442700000,
        "costOfRevenue": 359700000,
        "grossProfit": 83000000,
        "grossProfitRatio": 0.1874858821,
        "researchAndDevelopmentExpenses": 0,
        "generalAndAdministrativeExpenses": 0,
        "sellingAndMarketingExpenses": 37900000,
        "sellingGeneralAndAdministrativeExpenses": 37900000,
        "otherExpenses": -600000,
        "operatingExpenses": 50900000,
        "costAndExpenses": 410600000,
        "interestIncome": 0,
        "interestExpense": 15100000,
        "depreciationAndAmortization": 13000000,
        "ebitda": 43600000,
        "ebitdaratio": 0.0984865597,
        "operatingIncome": 31200000,
        "operatingIncomeRatio": 0.0704766207,
        "totalOtherIncomeExpensesNet": -15700000,
        "incomeBeforeTax": 15500000,
        "incomeBeforeTaxRatio": 0.0350124238,
        "incomeTaxExpense": 8600000,
        "netIncome": 7600000,
        "netIncomeRatio": 0.017167382,
        "eps": 0.36,
        "epsdiluted": 0.35,
        "weightedAverageShsOut": 20946000,
        "weightedAverageShsOutDil": 21700000,
        "link": "https://www.sec.gov/Archives/edgar/data/1315257/000156459018028498/0001564590-18-028498-index.htm",
        "finalLink": "https://www.sec.gov/Archives/edgar/data/1315257/000156459018028498/kop-10q_20180930.htm"
    },
    {
        "date": "2018-06-30",
        "symbol": "KOP",
        "reportedCurrency": "USD",
        "cik": "0001315257",
        "fillingDate": "2018-08-09",
        "acceptedDate": "2018-08-09 15:43:44",
        "calendarYear": "2018",
        "period": "Q2",
        "revenue": 436000000,
        "costOfRevenue": 352800000,
        "grossProfit": 83200000,
        "grossProfitRatio": 0.1908256881,
        "researchAndDevelopmentExpenses": 0,
        "generalAndAdministrativeExpenses": 45800000,
        "sellingAndMarketingExpenses": 0,
        "sellingGeneralAndAdministrativeExpenses": 45800000,
        "otherExpenses": -700000,
        "operatingExpenses": 59500000,
        "costAndExpenses": 412300000,
        "interestIncome": 0,
        "interestExpense": 14500000,
        "depreciationAndAmortization": 13700000,
        "ebitda": 36700000,
        "ebitdaratio": 0.0841743119,
        "operatingIncome": 22300000,
        "operatingIncomeRatio": 0.051146789,
        "totalOtherIncomeExpensesNet": -15200000,
        "incomeBeforeTax": 7100000,
        "incomeBeforeTaxRatio": 0.0162844037,
        "incomeTaxExpense": 6600000,
        "netIncome": 600000,
        "netIncomeRatio": 0.0013761468,
        "eps": 0.03,
        "epsdiluted": 0.03,
        "weightedAverageShsOut": 21138000,
        "weightedAverageShsOutDil": 22054000,
        "link": "https://www.sec.gov/Archives/edgar/data/1315257/000156459018020999/0001564590-18-020999-index.htm",
        "finalLink": "https://www.sec.gov/Archives/edgar/data/1315257/000156459018020999/kop-10q_20180630.htm"
    },
    {
        "date": "2018-03-31",
        "symbol": "KOP",
        "reportedCurrency": "USD",
        "cik": "0001315257",
        "fillingDate": "2018-05-03",
        "acceptedDate": "2018-05-03 15:54:23",
        "calendarYear": "2018",
        "period": "Q1",
        "revenue": 406100000,
        "costOfRevenue": 311400000,
        "grossProfit": 94700000,
        "grossProfitRatio": 0.2331937946,
        "researchAndDevelopmentExpenses": 0,
        "generalAndAdministrativeExpenses": 38100000,
        "sellingAndMarketingExpenses": 0,
        "sellingGeneralAndAdministrativeExpenses": 38100000,
        "otherExpenses": 200000,
        "operatingExpenses": 49900000,
        "costAndExpenses": 361300000,
        "interestIncome": 0,
        "interestExpense": 10500000,
        "depreciationAndAmortization": 11800000,
        "ebitda": 55300000,
        "ebitdaratio": 0.1361733563,
        "operatingIncome": 43300000,
        "operatingIncomeRatio": 0.1066239842,
        "totalOtherIncomeExpensesNet": -10300000,
        "incomeBeforeTax": 33000000,
        "incomeBeforeTaxRatio": 0.0812607732,
        "incomeTaxExpense": 9200000,
        "netIncome": 17800000,
        "netIncomeRatio": 0.0438315686,
        "eps": 0.86,
        "epsdiluted": 0.81,
        "weightedAverageShsOut": 20894000,
        "weightedAverageShsOutDil": 22158000,
        "link": "https://www.sec.gov/Archives/edgar/data/1315257/000156459018010651/0001564590-18-010651-index.htm",
        "finalLink": "https://www.sec.gov/Archives/edgar/data/1315257/000156459018010651/kop-10q_20180331.htm"
    },
    {
        "date": "2017-12-31",
        "symbol": "KOP",
        "reportedCurrency": "USD",
        "cik": "0001315257",
        "fillingDate": "2018-02-27",
        "acceptedDate": "2018-02-27 16:15:42",
        "calendarYear": "2017",
        "period": "Q4",
        "revenue": 366100000,
        "costOfRevenue": 290500000,
        "grossProfit": 75600000,
        "grossProfitRatio": 0.206500956,
        "researchAndDevelopmentExpenses": 0,
        "generalAndAdministrativeExpenses": 38200000,
        "sellingAndMarketingExpenses": -1200000,
        "sellingGeneralAndAdministrativeExpenses": 37000000,
        "otherExpenses": -500000,
        "operatingExpenses": 51800000,
        "costAndExpenses": 342300000,
        "interestIncome": 0,
        "interestExpense": 10600000,
        "depreciationAndAmortization": 14800000,
        "ebitda": 27700000,
        "ebitdaratio": 0.0756623873,
        "operatingIncome": 12200000,
        "operatingIncomeRatio": 0.0333242284,
        "totalOtherIncomeExpensesNet": -9900000,
        "incomeBeforeTax": 2300000,
        "incomeBeforeTaxRatio": 0.0062824365,
        "incomeTaxExpense": 16600000,
        "netIncome": -14800000,
        "netIncomeRatio": -0.0404261131,
        "eps": -0.71,
        "epsdiluted": -0.71,
        "weightedAverageShsOut": 20766000,
        "weightedAverageShsOutDil": 20766000,
        "link": "https://www.sec.gov/Archives/edgar/data/1315257/000156459018003507/0001564590-18-003507-index.htm",
        "finalLink": "https://www.sec.gov/Archives/edgar/data/1315257/000156459018003507/kop-10k_20171231.htm"
    },
    {
        "date": "2017-09-30",
        "symbol": "KOP",
        "reportedCurrency": "USD",
        "cik": "0001315257",
        "fillingDate": "2017-11-09",
        "acceptedDate": "2017-11-09 13:44:08",
        "calendarYear": "2017",
        "period": "Q3",
        "revenue": 384800000,
        "costOfRevenue": 293600000,
        "grossProfit": 91200000,
        "grossProfitRatio": 0.237006237,
        "researchAndDevelopmentExpenses": 0,
        "generalAndAdministrativeExpenses": 42200000,
        "sellingAndMarketingExpenses": -8800000,
        "sellingGeneralAndAdministrativeExpenses": 33400000,
        "otherExpenses": -8200000,
        "operatingExpenses": 45500000,
        "costAndExpenses": 339100000,
        "interestIncome": 0,
        "interestExpense": 10500000,
        "depreciationAndAmortization": 12100000,
        "ebitda": 47400000,
        "ebitdaratio": 0.1231808732,
        "operatingIncome": 34700000,
        "operatingIncomeRatio": 0.0901767152,
        "totalOtherIncomeExpensesNet": -9900000,
        "incomeBeforeTax": 24800000,
        "incomeBeforeTaxRatio": 0.0644490644,
        "incomeTaxExpense": 4800000,
        "netIncome": 19800000,
        "netIncomeRatio": 0.0514553015,
        "eps": 0.96,
        "epsdiluted": 0.91,
        "weightedAverageShsOut": 20746000,
        "weightedAverageShsOutDil": 21911000,
        "link": "https://www.sec.gov/Archives/edgar/data/1315257/000156459017023120/0001564590-17-023120-index.htm",
        "finalLink": "https://www.sec.gov/Archives/edgar/data/1315257/000156459017023120/kop-10q_20170930.htm"
    },
    {
        "date": "2017-06-30",
        "symbol": "KOP",
        "reportedCurrency": "USD",
        "cik": "0001315257",
        "fillingDate": "2017-08-03",
        "acceptedDate": "2017-08-03 14:12:26",
        "calendarYear": "2017",
        "period": "Q2",
        "revenue": 378000000,
        "costOfRevenue": 294700000,
        "grossProfit": 83300000,
        "grossProfitRatio": 0.2203703704,
        "researchAndDevelopmentExpenses": 0,
        "generalAndAdministrativeExpenses": 31900000,
        "sellingAndMarketingExpenses": 0,
        "sellingGeneralAndAdministrativeExpenses": 31900000,
        "otherExpenses": 700000,
        "operatingExpenses": 43600000,
        "costAndExpenses": 338300000,
        "interestIncome": 0,
        "interestExpense": 10800000,
        "depreciationAndAmortization": 11700000,
        "ebitda": 52100000,
        "ebitdaratio": 0.1378306878,
        "operatingIncome": 37600000,
        "operatingIncomeRatio": 0.0994708995,
        "totalOtherIncomeExpensesNet": -10100000,
        "incomeBeforeTax": 27500000,
        "incomeBeforeTaxRatio": 0.0727513228,
        "incomeTaxExpense": 6600000,
        "netIncome": 19700000,
        "netIncomeRatio": 0.0521164021,
        "eps": 0.94,
        "epsdiluted": 0.9,
        "weightedAverageShsOut": 20782000,
        "weightedAverageShsOutDil": 21883000,
        "link": "https://www.sec.gov/Archives/edgar/data/1315257/000156459017015264/0001564590-17-015264-index.htm",
        "finalLink": "https://www.sec.gov/Archives/edgar/data/1315257/000156459017015264/kop-10q_20170630.htm"
    },
    {
        "date": "2017-03-31",
        "symbol": "KOP",
        "reportedCurrency": "USD",
        "cik": "0001315257",
        "fillingDate": "2017-05-08",
        "acceptedDate": "2017-05-08 16:48:37",
        "calendarYear": "2017",
        "period": "Q1",
        "revenue": 346600000,
        "costOfRevenue": 275300000,
        "grossProfit": 71300000,
        "grossProfitRatio": 0.205712637,
        "researchAndDevelopmentExpenses": 0,
        "generalAndAdministrativeExpenses": 31000000,
        "sellingAndMarketingExpenses": 0,
        "sellingGeneralAndAdministrativeExpenses": 31000000,
        "otherExpenses": 2000000,
        "operatingExpenses": 42200000,
        "costAndExpenses": 317500000,
        "interestIncome": 0,
        "interestExpense": 10600000,
        "depreciationAndAmortization": 11200000,
        "ebitda": 27500000,
        "ebitdaratio": 0.0793421812,
        "operatingIncome": 27600000,
        "operatingIncomeRatio": 0.0796306982,
        "totalOtherIncomeExpensesNet": -22400000,
        "incomeBeforeTax": 5700000,
        "incomeBeforeTaxRatio": 0.0164454703,
        "incomeTaxExpense": 1000000,
        "netIncome": 4400000,
        "netIncomeRatio": 0.012694749,
        "eps": 0.21,
        "epsdiluted": 0.2,
        "weightedAverageShsOut": 20722000,
        "weightedAverageShsOutDil": 21746000,
        "link": "https://www.sec.gov/Archives/edgar/data/1315257/000156459017009432/0001564590-17-009432-index.htm",
        "finalLink": "https://www.sec.gov/Archives/edgar/data/1315257/000156459017009432/kop-10q_20170331.htm"
    },
    {
        "date": "2016-12-31",
        "symbol": "KOP",
        "reportedCurrency": "USD",
        "cik": "0001315257",
        "fillingDate": "2017-02-24",
        "acceptedDate": "2017-02-24 16:35:57",
        "calendarYear": "2016",
        "period": "Q4",
        "revenue": 313200000,
        "costOfRevenue": 241500000,
        "grossProfit": 71700000,
        "grossProfitRatio": 0.2289272031,
        "researchAndDevelopmentExpenses": 6600000,
        "generalAndAdministrativeExpenses": 37900000,
        "sellingAndMarketingExpenses": 0,
        "sellingGeneralAndAdministrativeExpenses": 37900000,
        "otherExpenses": 700000,
        "operatingExpenses": 48800000,
        "costAndExpenses": 290300000,
        "interestIncome": 0,
        "interestExpense": 12500000,
        "depreciationAndAmortization": 10900000,
        "ebitda": 30500000,
        "ebitdaratio": 0.0973818646,
        "operatingIncome": 18900000,
        "operatingIncomeRatio": 0.0603448276,
        "totalOtherIncomeExpensesNet": -20200000,
        "incomeBeforeTax": 7100000,
        "incomeBeforeTaxRatio": 0.0226692209,
        "incomeTaxExpense": 900000,
        "netIncome": 6400000,
        "netIncomeRatio": 0.0204342273,
        "eps": 0.31,
        "epsdiluted": 0.3,
        "weightedAverageShsOut": 20664000,
        "weightedAverageShsOutDil": 21254000,
        "link": "https://www.sec.gov/Archives/edgar/data/1315257/000156459017002413/0001564590-17-002413-index.htm",
        "finalLink": "https://www.sec.gov/Archives/edgar/data/1315257/000156459017002413/kop-10k_20161231.htm"
    },
    {
        "date": "2016-09-30",
        "symbol": "KOP",
        "reportedCurrency": "USD",
        "cik": "0001315257",
        "fillingDate": "2016-11-03",
        "acceptedDate": "2016-11-03 16:40:10",
        "calendarYear": "2016",
        "period": "Q3",
        "revenue": 371100000,
        "costOfRevenue": 294100000,
        "grossProfit": 77000000,
        "grossProfitRatio": 0.2074912423,
        "researchAndDevelopmentExpenses": 0,
        "generalAndAdministrativeExpenses": 32600000,
        "sellingAndMarketingExpenses": 0,
        "sellingGeneralAndAdministrativeExpenses": 32600000,
        "otherExpenses": 200000,
        "operatingExpenses": 46400000,
        "costAndExpenses": 340500000,
        "interestIncome": 0,
        "interestExpense": 11700000,
        "depreciationAndAmortization": 13800000,
        "ebitda": 41700000,
        "ebitdaratio": 0.1123686338,
        "operatingIncome": 27700000,
        "operatingIncomeRatio": 0.0746429534,
        "totalOtherIncomeExpensesNet": -11500000,
        "incomeBeforeTax": 16200000,
        "incomeBeforeTaxRatio": 0.0436540016,
        "incomeTaxExpense": 4200000,
        "netIncome": 12100000,
        "netIncomeRatio": 0.0326057666,
        "eps": 0.59,
        "epsdiluted": 0.58,
        "weightedAverageShsOut": 20657000,
        "weightedAverageShsOutDil": 21163000,
        "link": "https://www.sec.gov/Archives/edgar/data/1315257/000156459016027404/0001564590-16-027404-index.htm",
        "finalLink": "https://www.sec.gov/Archives/edgar/data/1315257/000156459016027404/kop-10q_20160930.htm"
    },
    {
        "date": "2016-06-30",
        "symbol": "KOP",
        "reportedCurrency": "USD",
        "cik": "0001315257",
        "fillingDate": "2016-08-04",
        "acceptedDate": "2016-08-04 16:57:15",
        "calendarYear": "2016",
        "period": "Q2",
        "revenue": 385100000,
        "costOfRevenue": 303800000,
        "grossProfit": 81300000,
        "grossProfitRatio": 0.2111139964,
        "researchAndDevelopmentExpenses": 0,
        "generalAndAdministrativeExpenses": 30200000,
        "sellingAndMarketingExpenses": 0,
        "sellingGeneralAndAdministrativeExpenses": 30200000,
        "otherExpenses": 400000,
        "operatingExpenses": 43300000,
        "costAndExpenses": 347100000,
        "interestIncome": 0,
        "interestExpense": 14300000,
        "depreciationAndAmortization": 13100000,
        "ebitda": 45500000,
        "ebitdaratio": 0.1181511296,
        "operatingIncome": 32000000,
        "operatingIncomeRatio": 0.0830952999,
        "totalOtherIncomeExpensesNet": -13900000,
        "incomeBeforeTax": 18100000,
        "incomeBeforeTaxRatio": 0.047000779,
        "incomeTaxExpense": 6800000,
        "netIncome": 12100000,
        "netIncomeRatio": 0.0314204103,
        "eps": 0.58,
        "epsdiluted": 0.57,
        "weightedAverageShsOut": 20640000,
        "weightedAverageShsOutDil": 20944000,
        "link": "https://www.sec.gov/Archives/edgar/data/1315257/000156459016022745/0001564590-16-022745-index.htm",
        "finalLink": "https://www.sec.gov/Archives/edgar/data/1315257/000156459016022745/kop-10q_20160630.htm"
    },
    {
        "date": "2016-03-31",
        "symbol": "KOP",
        "reportedCurrency": "USD",
        "cik": "0001315257",
        "fillingDate": "2016-05-06",
        "acceptedDate": "2016-05-06 17:04:34",
        "calendarYear": "2016",
        "period": "Q1",
        "revenue": 346800000,
        "costOfRevenue": 288500000,
        "grossProfit": 58300000,
        "grossProfitRatio": 0.1681084198,
        "researchAndDevelopmentExpenses": 0,
        "generalAndAdministrativeExpenses": 30300000,
        "sellingAndMarketingExpenses": 0,
        "sellingGeneralAndAdministrativeExpenses": 30300000,
        "otherExpenses": 1600000,
        "operatingExpenses": 45400000,
        "costAndExpenses": 333900000,
        "interestIncome": 0,
        "interestExpense": 12300000,
        "depreciationAndAmortization": 15100000,
        "ebitda": 24500000,
        "ebitdaratio": 0.0706459054,
        "operatingIncome": 7800000,
        "operatingIncomeRatio": 0.0224913495,
        "totalOtherIncomeExpensesNet": -10700000,
        "incomeBeforeTax": -2900000,
        "incomeBeforeTaxRatio": -0.0083621684,
        "incomeTaxExpense": -500000,
        "netIncome": -1300000,
        "netIncomeRatio": -0.0037485582,
        "eps": -0.0632,
        "epsdiluted": -0.0632,
        "weightedAverageShsOut": 20582000,
        "weightedAverageShsOutDil": 20582000,
        "link": "https://www.sec.gov/Archives/edgar/data/1315257/000156459016018318/0001564590-16-018318-index.htm",
        "finalLink": "https://www.sec.gov/Archives/edgar/data/1315257/000156459016018318/kop-10q_20160331.htm"
    },
    {
        "date": "2015-12-31",
        "symbol": "KOP",
        "reportedCurrency": "USD",
        "cik": "0001315257",
        "fillingDate": "2016-02-29",
        "acceptedDate": "2016-02-29 17:35:48",
        "calendarYear": "2015",
        "period": "Q4",
        "revenue": 363700000,
        "costOfRevenue": 307300000,
        "grossProfit": 56400000,
        "grossProfitRatio": 0.1550728622,
        "researchAndDevelopmentExpenses": 5200000,
        "generalAndAdministrativeExpenses": 30900000,
        "sellingAndMarketingExpenses": 0,
        "sellingGeneralAndAdministrativeExpenses": 30900000,
        "otherExpenses": -200000,
        "operatingExpenses": 44700000,
        "costAndExpenses": 352000000,
        "interestIncome": 0,
        "interestExpense": 12200000,
        "depreciationAndAmortization": 9400000,
        "ebitda": -81400000,
        "ebitdaratio": -0.2238108331,
        "operatingIncome": -90600000,
        "operatingIncomeRatio": -0.2491064064,
        "totalOtherIncomeExpensesNet": -12400000,
        "incomeBeforeTax": -103000000,
        "incomeBeforeTaxRatio": -0.2832004399,
        "incomeTaxExpense": -14200000,
        "netIncome": -87700000,
        "netIncomeRatio": -0.2411328018,
        "eps": -4.27,
        "epsdiluted": -4.27,
        "weightedAverageShsOut": 20554000,
        "weightedAverageShsOutDil": 20554000,
        "link": "https://www.sec.gov/Archives/edgar/data/1315257/000156459016013752/0001564590-16-013752-index.htm",
        "finalLink": "https://www.sec.gov/Archives/edgar/data/1315257/000156459016013752/kop-10k_20151231.htm"
    },
    {
        "date": "2015-09-30",
        "symbol": "KOP",
        "reportedCurrency": "USD",
        "cik": "0001315257",
        "fillingDate": "2015-11-05",
        "acceptedDate": "2015-11-05 16:58:24",
        "calendarYear": "2015",
        "period": "Q3",
        "revenue": 433800000,
        "costOfRevenue": 359100000,
        "grossProfit": 74700000,
        "grossProfitRatio": 0.1721991701,
        "researchAndDevelopmentExpenses": 0,
        "generalAndAdministrativeExpenses": 30800000,
        "sellingAndMarketingExpenses": 0,
        "sellingGeneralAndAdministrativeExpenses": 30800000,
        "otherExpenses": 0,
        "operatingExpenses": 47700000,
        "costAndExpenses": 406800000,
        "interestIncome": 0,
        "interestExpense": 12600000,
        "depreciationAndAmortization": 16900000,
        "ebitda": 43900000,
        "ebitdaratio": 0.1011987091,
        "operatingIncome": 27000000,
        "operatingIncomeRatio": 0.0622406639,
        "totalOtherIncomeExpensesNet": -12600000,
        "incomeBeforeTax": 14400000,
        "incomeBeforeTaxRatio": 0.0331950207,
        "incomeTaxExpense": 5200000,
        "netIncome": 10100000,
        "netIncomeRatio": 0.0232826187,
        "eps": 0.49,
        "epsdiluted": 0.49,
        "weightedAverageShsOut": 20553000,
        "weightedAverageShsOutDil": 20632000,
        "link": "https://www.sec.gov/Archives/edgar/data/1315257/000156459015009720/0001564590-15-009720-index.htm",
        "finalLink": "https://www.sec.gov/Archives/edgar/data/1315257/000156459015009720/kop-10q_20150930.htm"
    },
    {
        "date": "2015-06-30",
        "symbol": "KOP",
        "reportedCurrency": "USD",
        "cik": "0001315257",
        "fillingDate": "2015-08-06",
        "acceptedDate": "2015-08-06 16:59:11",
        "calendarYear": "2015",
        "period": "Q2",
        "revenue": 431600000,
        "costOfRevenue": 356800000,
        "grossProfit": 74800000,
        "grossProfitRatio": 0.1733086191,
        "researchAndDevelopmentExpenses": 0,
        "generalAndAdministrativeExpenses": 31100000,
        "sellingAndMarketingExpenses": 0,
        "sellingGeneralAndAdministrativeExpenses": 31100000,
        "otherExpenses": 200000,
        "operatingExpenses": 48800000,
        "costAndExpenses": 405600000,
        "interestIncome": 0,
        "interestExpense": 12900000,
        "depreciationAndAmortization": 17700000,
        "ebitda": 43900000,
        "ebitdaratio": 0.1017145505,
        "operatingIncome": 26000000,
        "operatingIncomeRatio": 0.0602409639,
        "totalOtherIncomeExpensesNet": -12700000,
        "incomeBeforeTax": 13300000,
        "incomeBeforeTaxRatio": 0.03081557,
        "incomeTaxExpense": 5400000,
        "netIncome": 9000000,
        "netIncomeRatio": 0.0208526413,
        "eps": 0.44,
        "epsdiluted": 0.44,
        "weightedAverageShsOut": 20545000,
        "weightedAverageShsOutDil": 20640000,
        "link": "https://www.sec.gov/Archives/edgar/data/1315257/000119312515281195/0001193125-15-281195-index.htm",
        "finalLink": "https://www.sec.gov/Archives/edgar/data/1315257/000119312515281195/d943116d10q.htm"
    },
    {
        "date": "2015-03-31",
        "symbol": "KOP",
        "reportedCurrency": "USD",
        "cik": "0001315257",
        "fillingDate": "2015-05-08",
        "acceptedDate": "2015-05-08 15:27:11",
        "calendarYear": "2015",
        "period": "Q1",
        "revenue": 397800000,
        "costOfRevenue": 343500000,
        "grossProfit": 54300000,
        "grossProfitRatio": 0.1365007541,
        "researchAndDevelopmentExpenses": 0,
        "generalAndAdministrativeExpenses": 31800000,
        "sellingAndMarketingExpenses": 0,
        "sellingGeneralAndAdministrativeExpenses": 31800000,
        "otherExpenses": 200000,
        "operatingExpenses": 46800000,
        "costAndExpenses": 390300000,
        "interestIncome": 0,
        "interestExpense": 13000000,
        "depreciationAndAmortization": 15000000,
        "ebitda": 23200000,
        "ebitdaratio": 0.0583207642,
        "operatingIncome": 8000000,
        "operatingIncomeRatio": 0.0201106083,
        "totalOtherIncomeExpensesNet": -12800000,
        "incomeBeforeTax": -4800000,
        "incomeBeforeTaxRatio": -0.012066365,
        "incomeTaxExpense": -600000,
        "netIncome": -3400000,
        "netIncomeRatio": -0.0085470085,
        "eps": -0.17,
        "epsdiluted": -0.17,
        "weightedAverageShsOut": 20512000,
        "weightedAverageShsOutDil": 20512000,
        "link": "https://www.sec.gov/Archives/edgar/data/1315257/000119312515179425/0001193125-15-179425-index.htm",
        "finalLink": "https://www.sec.gov/Archives/edgar/data/1315257/000119312515179425/d897334d10q.htm"
    },
    {
        "date": "2014-12-31",
        "symbol": "KOP",
        "reportedCurrency": "USD",
        "cik": "0001315257",
        "fillingDate": "2015-03-02",
        "acceptedDate": "2015-03-02 16:35:22",
        "calendarYear": "2014",
        "period": "Q4",
        "revenue": 426700000,
        "costOfRevenue": 369700000,
        "grossProfit": 57000000,
        "grossProfitRatio": 0.1335833138,
        "researchAndDevelopmentExpenses": 0,
        "generalAndAdministrativeExpenses": 40900000,
        "sellingAndMarketingExpenses": 0,
        "sellingGeneralAndAdministrativeExpenses": 40900000,
        "otherExpenses": 300000,
        "operatingExpenses": 55100000,
        "costAndExpenses": 424800000,
        "interestIncome": 0,
        "interestExpense": 13800000,
        "depreciationAndAmortization": 14200000,
        "ebitda": 16600000,
        "ebitdaratio": 0.0389032107,
        "operatingIncome": 2100000,
        "operatingIncomeRatio": 0.0049214905,
        "totalOtherIncomeExpensesNet": -13500000.000000004,
        "incomeBeforeTax": -11400000,
        "incomeBeforeTaxRatio": -0.0267166628,
        "incomeTaxExpense": 25000000,
        "netIncome": -33500000,
        "netIncomeRatio": -0.0785094914,
        "eps": -1.63,
        "epsdiluted": -1.63,
        "weightedAverageShsOut": 20495000,
        "weightedAverageShsOutDil": 20495000,
        "link": "https://www.sec.gov/Archives/edgar/data/1315257/000119312515073376/0001193125-15-073376-index.htm",
        "finalLink": "https://www.sec.gov/Archives/edgar/data/1315257/000119312515073376/d836465d10k.htm"
    },
    {
        "date": "2014-09-30",
        "symbol": "KOP",
        "reportedCurrency": "USD",
        "cik": "0001315257",
        "fillingDate": "2014-11-10",
        "acceptedDate": "2014-11-10 17:11:30",
        "calendarYear": "2014",
        "period": "Q3",
        "revenue": 440100000,
        "costOfRevenue": 377000000,
        "grossProfit": 63100000,
        "grossProfitRatio": 0.1433765053,
        "researchAndDevelopmentExpenses": 0,
        "generalAndAdministrativeExpenses": 32000000,
        "sellingAndMarketingExpenses": 0,
        "sellingGeneralAndAdministrativeExpenses": 32000000,
        "otherExpenses": -200000,
        "operatingExpenses": 43200000,
        "costAndExpenses": 420200000,
        "interestIncome": 0,
        "interestExpense": 11900000,
        "depreciationAndAmortization": 11200000,
        "ebitda": 28300000,
        "ebitdaratio": 0.0643035674,
        "operatingIncome": 17300000,
        "operatingIncomeRatio": 0.0393092479,
        "totalOtherIncomeExpensesNet": -12100000,
        "incomeBeforeTax": 5200000,
        "incomeBeforeTaxRatio": 0.0118154965,
        "incomeTaxExpense": 9500000,
        "netIncome": -2700000,
        "netIncomeRatio": -0.0061349693,
        "eps": -0.13,
        "epsdiluted": -0.13,
        "weightedAverageShsOut": 20495000,
        "weightedAverageShsOutDil": 20603000,
        "link": "https://www.sec.gov/Archives/edgar/data/1315257/000119312514406321/0001193125-14-406321-index.htm",
        "finalLink": "https://www.sec.gov/Archives/edgar/data/1315257/000119312514406321/d786728d10q.htm"
    },
    {
        "date": "2014-06-30",
        "symbol": "KOP",
        "reportedCurrency": "USD",
        "cik": "0001315257",
        "fillingDate": "2014-08-07",
        "acceptedDate": "2014-08-07 16:45:50",
        "calendarYear": "2014",
        "period": "Q2",
        "revenue": 356800000,
        "costOfRevenue": 311900000,
        "grossProfit": 44900000,
        "grossProfitRatio": 0.1258408072,
        "researchAndDevelopmentExpenses": 0,
        "generalAndAdministrativeExpenses": 21900000,
        "sellingAndMarketingExpenses": 0,
        "sellingGeneralAndAdministrativeExpenses": 21900000,
        "otherExpenses": -300000,
        "operatingExpenses": 31600000,
        "costAndExpenses": 343500000,
        "interestIncome": 0,
        "interestExpense": 6600000,
        "depreciationAndAmortization": 9700000,
        "ebitda": 22700000,
        "ebitdaratio": 0.0636210762,
        "operatingIncome": 13300000,
        "operatingIncomeRatio": 0.0372757848,
        "totalOtherIncomeExpensesNet": -6900000,
        "incomeBeforeTax": 6400000,
        "incomeBeforeTaxRatio": 0.0179372197,
        "incomeTaxExpense": 5600000,
        "netIncome": 1600000,
        "netIncomeRatio": 0.0044843049,
        "eps": 0.08,
        "epsdiluted": 0.08,
        "weightedAverageShsOut": 20475000,
        "weightedAverageShsOutDil": 20582000,
        "link": "https://www.sec.gov/Archives/edgar/data/1315257/000119312514300849/0001193125-14-300849-index.htm",
        "finalLink": "https://www.sec.gov/Archives/edgar/data/1315257/000119312514300849/d739720d10q.htm"
    },
    {
        "date": "2014-03-31",
        "symbol": "KOP",
        "reportedCurrency": "USD",
        "cik": "0001315257",
        "fillingDate": "2014-05-07",
        "acceptedDate": "2014-05-07 16:59:06",
        "calendarYear": "2014",
        "period": "Q1",
        "revenue": 331400000,
        "costOfRevenue": 285100000,
        "grossProfit": 46300000,
        "grossProfitRatio": 0.1397103199,
        "researchAndDevelopmentExpenses": 0,
        "generalAndAdministrativeExpenses": 21400000,
        "sellingAndMarketingExpenses": 0,
        "sellingGeneralAndAdministrativeExpenses": 21400000,
        "otherExpenses": 200000,
        "operatingExpenses": 30300000,
        "costAndExpenses": 315400000,
        "interestIncome": 0,
        "interestExpense": 6800000,
        "depreciationAndAmortization": 8900000,
        "ebitda": 9600000,
        "ebitdaratio": 0.0289680145,
        "operatingIncome": 500000,
        "operatingIncomeRatio": 0.0015087508,
        "totalOtherIncomeExpensesNet": -6600000,
        "incomeBeforeTax": -6100000,
        "incomeBeforeTaxRatio": -0.0184067592,
        "incomeTaxExpense": -6000000,
        "netIncome": 2200000,
        "netIncomeRatio": 0.0066385033,
        "eps": 0.11,
        "epsdiluted": 0.11,
        "weightedAverageShsOut": 20384000,
        "weightedAverageShsOutDil": 20588000,
        "link": "https://www.sec.gov/Archives/edgar/data/1315257/000119312514187665/0001193125-14-187665-index.htm",
        "finalLink": "https://www.sec.gov/Archives/edgar/data/1315257/000119312514187665/d701670d10q.htm"
    },
    {
        "date": "2013-12-31",
        "symbol": "KOP",
        "reportedCurrency": "USD",
        "cik": "0001315257",
        "fillingDate": "2014-03-03",
        "acceptedDate": "2014-03-03 13:18:56",
        "calendarYear": "2013",
        "period": "Q4",
        "revenue": 341800000,
        "costOfRevenue": 294700000,
        "grossProfit": 47100000,
        "grossProfitRatio": 0.137799883,
        "researchAndDevelopmentExpenses": 2400000,
        "generalAndAdministrativeExpenses": 19500000,
        "sellingAndMarketingExpenses": 0,
        "sellingGeneralAndAdministrativeExpenses": 19500000,
        "otherExpenses": 700000,
        "operatingExpenses": 39300000,
        "costAndExpenses": 334000000,
        "interestIncome": 0,
        "interestExpense": 6600000,
        "depreciationAndAmortization": 19800000,
        "ebitda": 16400000,
        "ebitdaratio": 0.0479812756,
        "operatingIncome": 7800000,
        "operatingIncomeRatio": 0.0228203628,
        "totalOtherIncomeExpensesNet": -5900000,
        "incomeBeforeTax": 1900000,
        "incomeBeforeTaxRatio": 0.0055588063,
        "incomeTaxExpense": 7500000,
        "netIncome": -4100000,
        "netIncomeRatio": -0.0119953189,
        "eps": -0.2,
        "epsdiluted": -0.2,
        "weightedAverageShsOut": 20332000,
        "weightedAverageShsOutDil": 20597000,
        "link": "https://www.sec.gov/Archives/edgar/data/1315257/000119312514079638/0001193125-14-079638-index.htm",
        "finalLink": "https://www.sec.gov/Archives/edgar/data/1315257/000119312514079638/d634340d10k.htm"
    },
    {
        "date": "2013-09-30",
        "symbol": "KOP",
        "reportedCurrency": "USD",
        "cik": "0001315257",
        "fillingDate": "2013-11-07",
        "acceptedDate": "2013-11-07 16:25:09",
        "calendarYear": "2013",
        "period": "Q3",
        "revenue": 395200000,
        "costOfRevenue": 330600000,
        "grossProfit": 64600000,
        "grossProfitRatio": 0.1634615385,
        "researchAndDevelopmentExpenses": 0,
        "generalAndAdministrativeExpenses": 18300000,
        "sellingAndMarketingExpenses": 0,
        "sellingGeneralAndAdministrativeExpenses": 18300000,
        "otherExpenses": 1300000,
        "operatingExpenses": 25500000,
        "costAndExpenses": 356100000,
        "interestIncome": 0,
        "interestExpense": 6700000,
        "depreciationAndAmortization": 7200000,
        "ebitda": 47600000,
        "ebitdaratio": 0.1204453441,
        "operatingIncome": 39100000,
        "operatingIncomeRatio": 0.098937247,
        "totalOtherIncomeExpensesNet": -5400000,
        "incomeBeforeTax": 33700000,
        "incomeBeforeTaxRatio": 0.0852732794,
        "incomeTaxExpense": 14100000,
        "netIncome": 19100000,
        "netIncomeRatio": 0.0483299595,
        "eps": 0.93,
        "epsdiluted": 0.92,
        "weightedAverageShsOut": 20577000,
        "weightedAverageShsOutDil": 20801000,
        "link": "https://www.sec.gov/Archives/edgar/data/1315257/000119312513432902/0001193125-13-432902-index.htm",
        "finalLink": "https://www.sec.gov/Archives/edgar/data/1315257/000119312513432902/d593871d10q.htm"
    },
    {
        "date": "2013-06-30",
        "symbol": "KOP",
        "reportedCurrency": "USD",
        "cik": "0001315257",
        "fillingDate": "2013-08-08",
        "acceptedDate": "2013-08-08 16:14:11",
        "calendarYear": "2013",
        "period": "Q2",
        "revenue": 370900000,
        "costOfRevenue": 318900000,
        "grossProfit": 52000000,
        "grossProfitRatio": 0.1401995147,
        "researchAndDevelopmentExpenses": 0,
        "generalAndAdministrativeExpenses": 16200000,
        "sellingAndMarketingExpenses": 0,
        "sellingGeneralAndAdministrativeExpenses": 16200000,
        "otherExpenses": 1000000,
        "operatingExpenses": 23500000,
        "costAndExpenses": 342400000,
        "interestIncome": 0,
        "interestExpense": 6600000,
        "depreciationAndAmortization": 7300000,
        "ebitda": 36800000,
        "ebitdaratio": 0.0992181181,
        "operatingIncome": 28500000,
        "operatingIncomeRatio": 0.0768401186,
        "totalOtherIncomeExpensesNet": -5600000,
        "incomeBeforeTax": 22900000,
        "incomeBeforeTaxRatio": 0.0617417094,
        "incomeTaxExpense": 8100000,
        "netIncome": 14400000,
        "netIncomeRatio": 0.038824481,
        "eps": 0.69,
        "epsdiluted": 0.69,
        "weightedAverageShsOut": 20727000,
        "weightedAverageShsOutDil": 20945000,
        "link": "https://www.sec.gov/Archives/edgar/data/1315257/000119312513326845/0001193125-13-326845-index.htm",
        "finalLink": "https://www.sec.gov/Archives/edgar/data/1315257/000119312513326845/d537173d10q.htm"
    },
    {
        "date": "2013-03-31",
        "symbol": "KOP",
        "reportedCurrency": "USD",
        "cik": "0001315257",
        "fillingDate": "2013-05-03",
        "acceptedDate": "2013-05-03 12:32:18",
        "calendarYear": "2013",
        "period": "Q1",
        "revenue": 370400000,
        "costOfRevenue": 320500000,
        "grossProfit": 49900000,
        "grossProfitRatio": 0.1347192225,
        "researchAndDevelopmentExpenses": 0,
        "generalAndAdministrativeExpenses": 17700000,
        "sellingAndMarketingExpenses": 0,
        "sellingGeneralAndAdministrativeExpenses": 17700000,
        "otherExpenses": 500000,
        "operatingExpenses": 25000000,
        "costAndExpenses": 345500000,
        "interestIncome": 0,
        "interestExpense": 6900000,
        "depreciationAndAmortization": 7300000,
        "ebitda": 32700000,
        "ebitdaratio": 0.0882829374,
        "operatingIncome": 24900000,
        "operatingIncomeRatio": 0.067224622,
        "totalOtherIncomeExpensesNet": -6400000,
        "incomeBeforeTax": 18500000,
        "incomeBeforeTaxRatio": 0.0499460043,
        "incomeTaxExpense": 7100000,
        "netIncome": 11000000,
        "netIncomeRatio": 0.0296976242,
        "eps": 0.53,
        "epsdiluted": 0.53,
        "weightedAverageShsOut": 20667000,
        "weightedAverageShsOutDil": 20925000,
        "link": "https://www.sec.gov/Archives/edgar/data/1315257/000119312513198444/0001193125-13-198444-index.htm",
        "finalLink": "https://www.sec.gov/Archives/edgar/data/1315257/000119312513198444/d505127d10q.htm"
    },
    {
        "date": "2012-12-31",
        "symbol": "KOP",
        "reportedCurrency": "USD",
        "cik": "0001315257",
        "fillingDate": "2013-02-25",
        "acceptedDate": "2013-02-25 16:43:36",
        "calendarYear": "2012",
        "period": "Q4",
        "revenue": 374900000,
        "costOfRevenue": 321400000,
        "grossProfit": 53500000,
        "grossProfitRatio": 0.1427047213,
        "researchAndDevelopmentExpenses": 2300000,
        "generalAndAdministrativeExpenses": 20500000,
        "sellingAndMarketingExpenses": 0,
        "sellingGeneralAndAdministrativeExpenses": 20500000,
        "otherExpenses": 200000,
        "operatingExpenses": 27600000,
        "costAndExpenses": 349000000,
        "interestIncome": 0,
        "interestExpense": 7100000,
        "depreciationAndAmortization": 7100000,
        "ebitda": 33200000,
        "ebitdaratio": 0.0885569485,
        "operatingIncome": 25900000,
        "operatingIncomeRatio": 0.0690850894,
        "totalOtherIncomeExpensesNet": -6900000,
        "incomeBeforeTax": 19000000,
        "incomeBeforeTaxRatio": 0.0506801814,
        "incomeTaxExpense": 4800000,
        "netIncome": 13600000,
        "netIncomeRatio": 0.0362763404,
        "eps": 0.66,
        "epsdiluted": 0.65,
        "weightedAverageShsOut": 20600000,
        "weightedAverageShsOutDil": 20851000,
        "link": "https://www.sec.gov/Archives/edgar/data/1315257/000119312513074188/0001193125-13-074188-index.htm",
        "finalLink": "https://www.sec.gov/Archives/edgar/data/1315257/000119312513074188/d440133d10k.htm"
    },
    {
        "date": "2012-09-30",
        "symbol": "KOP",
        "reportedCurrency": "USD",
        "cik": "0001315257",
        "fillingDate": "2012-11-09",
        "acceptedDate": "2012-11-09 16:41:24",
        "calendarYear": "2012",
        "period": "Q3",
        "revenue": 387900000,
        "costOfRevenue": 331400000,
        "grossProfit": 56500000,
        "grossProfitRatio": 0.1456560969,
        "researchAndDevelopmentExpenses": 0,
        "generalAndAdministrativeExpenses": 19000000,
        "sellingAndMarketingExpenses": 0,
        "sellingGeneralAndAdministrativeExpenses": 19000000,
        "otherExpenses": 0,
        "operatingExpenses": 25700000,
        "costAndExpenses": 357100000,
        "interestIncome": 0,
        "interestExpense": 6900000,
        "depreciationAndAmortization": 6700000,
        "ebitda": 38100000,
        "ebitdaratio": 0.098221191,
        "operatingIncome": 30800000,
        "operatingIncomeRatio": 0.0794019077,
        "totalOtherIncomeExpensesNet": -6300000,
        "incomeBeforeTax": 24500000,
        "incomeBeforeTaxRatio": 0.0631606084,
        "incomeTaxExpense": 8300000,
        "netIncome": 16000000,
        "netIncomeRatio": 0.0412477443,
        "eps": 0.77,
        "epsdiluted": 0.77,
        "weightedAverageShsOut": 20694000,
        "weightedAverageShsOutDil": 20900000,
        "link": "https://www.sec.gov/Archives/edgar/data/1315257/000119312512463469/0001193125-12-463469-index.htm",
        "finalLink": "https://www.sec.gov/Archives/edgar/data/1315257/000119312512463469/d407106d10q.htm"
    },
    {
        "date": "2012-06-30",
        "symbol": "KOP",
        "reportedCurrency": "USD",
        "cik": "0001315257",
        "fillingDate": "2012-08-09",
        "acceptedDate": "2012-08-09 13:40:11",
        "calendarYear": "2012",
        "period": "Q2",
        "revenue": 411300000,
        "costOfRevenue": 344900000,
        "grossProfit": 66400000,
        "grossProfitRatio": 0.1614393387,
        "researchAndDevelopmentExpenses": 0,
        "generalAndAdministrativeExpenses": 18100000,
        "sellingAndMarketingExpenses": 0,
        "sellingGeneralAndAdministrativeExpenses": 18100000,
        "otherExpenses": 0,
        "operatingExpenses": 25700000,
        "costAndExpenses": 370600000,
        "interestIncome": 0,
        "interestExpense": 7000000,
        "depreciationAndAmortization": 7600000,
        "ebitda": 48700000,
        "ebitdaratio": 0.1184050571,
        "operatingIncome": 40700000,
        "operatingIncomeRatio": 0.0989545344,
        "totalOtherIncomeExpensesNet": -6600000,
        "incomeBeforeTax": 34100000,
        "incomeBeforeTaxRatio": 0.0829078531,
        "incomeTaxExpense": 13000000,
        "netIncome": 20400000,
        "netIncomeRatio": 0.049598833,
        "eps": 0.99,
        "epsdiluted": 0.98,
        "weightedAverageShsOut": 20764000,
        "weightedAverageShsOutDil": 20959000,
        "link": "https://www.sec.gov/Archives/edgar/data/1315257/000119312512346781/0001193125-12-346781-index.htm",
        "finalLink": "https://www.sec.gov/Archives/edgar/data/1315257/000119312512346781/d361654d10q.htm"
    },
    {
        "date": "2012-03-31",
        "symbol": "KOP",
        "reportedCurrency": "USD",
        "cik": "0001315257",
        "fillingDate": "2012-05-04",
        "acceptedDate": "2012-05-04 16:31:24",
        "calendarYear": "2012",
        "period": "Q1",
        "revenue": 380900000,
        "costOfRevenue": 326900000,
        "grossProfit": 54000000,
        "grossProfitRatio": 0.1417694933,
        "researchAndDevelopmentExpenses": 0,
        "generalAndAdministrativeExpenses": 18000000,
        "sellingAndMarketingExpenses": 0,
        "sellingGeneralAndAdministrativeExpenses": 18000000,
        "otherExpenses": 0,
        "operatingExpenses": 24800000,
        "costAndExpenses": 351700000,
        "interestIncome": 0,
        "interestExpense": 6900000,
        "depreciationAndAmortization": 6800000,
        "ebitda": 36700000,
        "ebitdaratio": 0.0963507482,
        "operatingIncome": 29200000,
        "operatingIncomeRatio": 0.0766605408,
        "totalOtherIncomeExpensesNet": -6200000,
        "incomeBeforeTax": 23000000,
        "incomeBeforeTaxRatio": 0.0603833027,
        "incomeTaxExpense": 7200000,
        "netIncome": 15600000,
        "netIncomeRatio": 0.0409556314,
        "eps": 0.75,
        "epsdiluted": 0.75,
        "weightedAverageShsOut": 20669000,
        "weightedAverageShsOutDil": 20903000,
        "link": "https://www.sec.gov/Archives/edgar/data/1315257/000119312512212051/0001193125-12-212051-index.htm",
        "finalLink": "https://www.sec.gov/Archives/edgar/data/1315257/000119312512212051/d325426d10q.htm"
    },
    {
        "date": "2011-12-31",
        "symbol": "KOP",
        "reportedCurrency": "USD",
        "cik": "0001315257",
        "fillingDate": "2012-02-27",
        "acceptedDate": "2012-02-27 17:21:39",
        "calendarYear": "2011",
        "period": "Q4",
        "revenue": 385200000,
        "costOfRevenue": 357500000,
        "grossProfit": 27700000,
        "grossProfitRatio": 0.0719106957,
        "researchAndDevelopmentExpenses": 0,
        "generalAndAdministrativeExpenses": 18900000,
        "sellingAndMarketingExpenses": 0,
        "sellingGeneralAndAdministrativeExpenses": 18900000,
        "otherExpenses": 0,
        "operatingExpenses": 46900000,
        "costAndExpenses": 404400000,
        "interestIncome": 0,
        "interestExpense": 6900000,
        "depreciationAndAmortization": 28000000,
        "ebitda": 8800000,
        "ebitdaratio": 0.0228452752,
        "operatingIncome": -19200000,
        "operatingIncomeRatio": -0.0498442368,
        "totalOtherIncomeExpensesNet": -6800000,
        "incomeBeforeTax": -26000000,
        "incomeBeforeTaxRatio": -0.0674974039,
        "incomeTaxExpense": -12000000,
        "netIncome": -14200000,
        "netIncomeRatio": -0.0368639668,
        "eps": -0.69,
        "epsdiluted": -0.69,
        "weightedAverageShsOut": 20602000,
        "weightedAverageShsOutDil": 20669000,
        "link": "https://www.sec.gov/Archives/edgar/data/1315257/000119312512082020/0001193125-12-082020-index.htm",
        "finalLink": "https://www.sec.gov/Archives/edgar/data/1315257/000119312512082020/d272249d10k.htm"
    },
    {
        "date": "2011-09-30",
        "symbol": "KOP",
        "reportedCurrency": "USD",
        "cik": "0001315257",
        "fillingDate": "2011-11-04",
        "acceptedDate": "2011-11-04 15:25:25",
        "calendarYear": "2011",
        "period": "Q3",
        "revenue": 401000000,
        "costOfRevenue": 333900000,
        "grossProfit": 67100000,
        "grossProfitRatio": 0.1673316708,
        "researchAndDevelopmentExpenses": 0,
        "generalAndAdministrativeExpenses": 19700000,
        "sellingAndMarketingExpenses": 0,
        "sellingGeneralAndAdministrativeExpenses": 19700000,
        "otherExpenses": 0,
        "operatingExpenses": 26800000,
        "costAndExpenses": 360700000,
        "interestIncome": 0,
        "interestExpense": 6700000,
        "depreciationAndAmortization": 7100000,
        "ebitda": 47300000,
        "ebitdaratio": 0.1179551122,
        "operatingIncome": 40300000,
        "operatingIncomeRatio": 0.1004987531,
        "totalOtherIncomeExpensesNet": -6100000,
        "incomeBeforeTax": 34000000,
        "incomeBeforeTaxRatio": 0.0847880299,
        "incomeTaxExpense": 11300000,
        "netIncome": 22400000,
        "netIncomeRatio": 0.0558603491,
        "eps": 1.08,
        "epsdiluted": 1.08,
        "weightedAverageShsOut": 20603000,
        "weightedAverageShsOutDil": 20746000,
        "link": "https://www.sec.gov/Archives/edgar/data/1315257/000119312511297243/0001193125-11-297243-index.htm",
        "finalLink": "https://www.sec.gov/Archives/edgar/data/1315257/000119312511297243/d233064d10q.htm"
    },
    {
        "date": "2011-06-30",
        "symbol": "KOP",
        "reportedCurrency": "USD",
        "cik": "0001315257",
        "fillingDate": "2011-08-04",
        "acceptedDate": "2011-08-04 13:12:49",
        "calendarYear": "2011",
        "period": "Q2",
        "revenue": 393600000,
        "costOfRevenue": 330900000,
        "grossProfit": 62700000,
        "grossProfitRatio": 0.1592987805,
        "researchAndDevelopmentExpenses": 0,
        "generalAndAdministrativeExpenses": 18700000,
        "sellingAndMarketingExpenses": 0,
        "sellingGeneralAndAdministrativeExpenses": 18700000,
        "otherExpenses": 0,
        "operatingExpenses": 25600000,
        "costAndExpenses": 356500000,
        "interestIncome": 0,
        "interestExpense": 6700000,
        "depreciationAndAmortization": 6900000,
        "ebitda": 44100000,
        "ebitdaratio": 0.1120426829,
        "operatingIncome": 37100000,
        "operatingIncomeRatio": 0.0942581301,
        "totalOtherIncomeExpensesNet": -7800000,
        "incomeBeforeTax": 30500000,
        "incomeBeforeTaxRatio": 0.0774898374,
        "incomeTaxExpense": 10600000,
        "netIncome": 19800000,
        "netIncomeRatio": 0.050304878,
        "eps": 0.96,
        "epsdiluted": 0.96,
        "weightedAverageShsOut": 20603000,
        "weightedAverageShsOutDil": 20739000,
        "link": "https://www.sec.gov/Archives/edgar/data/1315257/000119312511209894/0001193125-11-209894-index.htm",
        "finalLink": "https://www.sec.gov/Archives/edgar/data/1315257/000119312511209894/d10q.htm"
    },
    {
        "date": "2011-03-31",
        "symbol": "KOP",
        "reportedCurrency": "USD",
        "cik": "0001315257",
        "fillingDate": "2011-05-05",
        "acceptedDate": "2011-05-05 15:37:46",
        "calendarYear": "2011",
        "period": "Q1",
        "revenue": 359100000,
        "costOfRevenue": 313600000,
        "grossProfit": 45500000,
        "grossProfitRatio": 0.126705653,
        "researchAndDevelopmentExpenses": 0,
        "generalAndAdministrativeExpenses": 17900000,
        "sellingAndMarketingExpenses": 0,
        "sellingGeneralAndAdministrativeExpenses": 17900000,
        "otherExpenses": 0,
        "operatingExpenses": 24700000,
        "costAndExpenses": 338300000,
        "interestIncome": 0,
        "interestExpense": 6900000,
        "depreciationAndAmortization": 6800000,
        "ebitda": 27600000,
        "ebitdaratio": 0.0768588137,
        "operatingIncome": 20800000,
        "operatingIncomeRatio": 0.0579225842,
        "totalOtherIncomeExpensesNet": -7300000,
        "incomeBeforeTax": 14000000,
        "incomeBeforeTaxRatio": 0.0389863548,
        "incomeTaxExpense": 5000000,
        "netIncome": 8900000,
        "netIncomeRatio": 0.0247841827,
        "eps": 0.43,
        "epsdiluted": 0.43,
        "weightedAverageShsOut": 20588000,
        "weightedAverageShsOutDil": 20724000,
        "link": "https://www.sec.gov/Archives/edgar/data/1315257/000119312511128361/0001193125-11-128361-index.htm",
        "finalLink": "https://www.sec.gov/Archives/edgar/data/1315257/000119312511128361/d10q.htm"
    },
    {
        "date": "2010-12-31",
        "symbol": "KOP",
        "reportedCurrency": "USD",
        "cik": "0001315257",
        "fillingDate": "2011-02-22",
        "acceptedDate": "2011-02-22 14:36:56",
        "calendarYear": "2010",
        "period": "Q4",
        "revenue": 307800000,
        "costOfRevenue": 268700000,
        "grossProfit": 39100000,
        "grossProfitRatio": 0.1270305393,
        "researchAndDevelopmentExpenses": 0,
        "generalAndAdministrativeExpenses": 15500000,
        "sellingAndMarketingExpenses": 0,
        "sellingGeneralAndAdministrativeExpenses": 15500000,
        "otherExpenses": 0,
        "operatingExpenses": 23200000,
        "costAndExpenses": 291900000,
        "interestIncome": 0,
        "interestExpense": 6700000,
        "depreciationAndAmortization": 7700000,
        "ebitda": 23700000,
        "ebitdaratio": 0.0769980507,
        "operatingIncome": 15900000,
        "operatingIncomeRatio": 0.0516569201,
        "totalOtherIncomeExpensesNet": -6600000,
        "incomeBeforeTax": 9300000,
        "incomeBeforeTaxRatio": 0.030214425,
        "incomeTaxExpense": 4100000,
        "netIncome": 5100000,
        "netIncomeRatio": 0.0165692008,
        "eps": 0.25,
        "epsdiluted": 0.25,
        "weightedAverageShsOut": 20573000,
        "weightedAverageShsOutDil": 20588000,
        "link": "https://www.sec.gov/Archives/edgar/data/1315257/000119312511041968/0001193125-11-041968-index.htm",
        "finalLink": "https://www.sec.gov/Archives/edgar/data/1315257/000119312511041968/d10k.htm"
    },
    {
        "date": "2010-09-30",
        "symbol": "KOP",
        "reportedCurrency": "USD",
        "cik": "0001315257",
        "fillingDate": "2010-11-04",
        "acceptedDate": "2010-11-04 16:21:49",
        "calendarYear": "2010",
        "period": "Q3",
        "revenue": 336300000,
        "costOfRevenue": 280400000,
        "grossProfit": 55900000,
        "grossProfitRatio": 0.1662206363,
        "researchAndDevelopmentExpenses": 0,
        "generalAndAdministrativeExpenses": 15400000,
        "sellingAndMarketingExpenses": 0,
        "sellingGeneralAndAdministrativeExpenses": 15400000,
        "otherExpenses": 0,
        "operatingExpenses": 22400000,
        "costAndExpenses": 302800000,
        "interestIncome": 0,
        "interestExpense": 6600000,
        "depreciationAndAmortization": 7000000,
        "ebitda": 40500000,
        "ebitdaratio": 0.1204281891,
        "operatingIncome": 33500000,
        "operatingIncomeRatio": 0.0996134404,
        "totalOtherIncomeExpensesNet": -6600000,
        "incomeBeforeTax": 26900000,
        "incomeBeforeTaxRatio": 0.0799881059,
        "incomeTaxExpense": 11100000,
        "netIncome": 15600000,
        "netIncomeRatio": 0.0463871543,
        "eps": 0.76,
        "epsdiluted": 0.75,
        "weightedAverageShsOut": 20566000,
        "weightedAverageShsOutDil": 20648000,
        "link": "https://www.sec.gov/Archives/edgar/data/1315257/000119312510248120/0001193125-10-248120-index.htm",
        "finalLink": "https://www.sec.gov/Archives/edgar/data/1315257/000119312510248120/d10q.htm"
    },
    {
        "date": "2010-06-30",
        "symbol": "KOP",
        "reportedCurrency": "USD",
        "cik": "0001315257",
        "fillingDate": "2010-08-05",
        "acceptedDate": "2010-08-05 12:16:46",
        "calendarYear": "2010",
        "period": "Q2",
        "revenue": 327100000,
        "costOfRevenue": 272300000,
        "grossProfit": 54800000,
        "grossProfitRatio": 0.1675328646,
        "researchAndDevelopmentExpenses": 0,
        "generalAndAdministrativeExpenses": 15000000,
        "sellingAndMarketingExpenses": 0,
        "sellingGeneralAndAdministrativeExpenses": 15000000,
        "otherExpenses": 0,
        "operatingExpenses": 22000000,
        "costAndExpenses": 294300000,
        "interestIncome": 0,
        "interestExpense": 6900000,
        "depreciationAndAmortization": 6600000,
        "ebitda": 39800000,
        "ebitdaratio": 0.1216753286,
        "operatingIncome": 32800000,
        "operatingIncomeRatio": 0.1002751452,
        "totalOtherIncomeExpensesNet": -6800000,
        "incomeBeforeTax": 26000000,
        "incomeBeforeTaxRatio": 0.0794863956,
        "incomeTaxExpense": 9700000,
        "netIncome": 16100000,
        "netIncomeRatio": 0.0492204219,
        "eps": 0.78,
        "epsdiluted": 0.78,
        "weightedAverageShsOut": 20558000,
        "weightedAverageShsOutDil": 20643000,
        "link": "https://www.sec.gov/Archives/edgar/data/1315257/000119312510178796/0001193125-10-178796-index.htm",
        "finalLink": "https://www.sec.gov/Archives/edgar/data/1315257/000119312510178796/d10q.htm"
    },
    {
        "date": "2010-03-31",
        "symbol": "KOP",
        "reportedCurrency": "USD",
        "cik": "0001315257",
        "fillingDate": "2010-05-10",
        "acceptedDate": "2010-05-10 16:20:38",
        "calendarYear": "2010",
        "period": "Q1",
        "revenue": 274300000,
        "costOfRevenue": 233700000,
        "grossProfit": 40600000,
        "grossProfitRatio": 0.1480131243,
        "researchAndDevelopmentExpenses": 0,
        "generalAndAdministrativeExpenses": 17400000,
        "sellingAndMarketingExpenses": 0,
        "sellingGeneralAndAdministrativeExpenses": 17400000,
        "otherExpenses": 0,
        "operatingExpenses": 23800000,
        "costAndExpenses": 257500000,
        "interestIncome": 0,
        "interestExpense": 6900000,
        "depreciationAndAmortization": 6800000,
        "ebitda": 24900000,
        "ebitdaratio": 0.0907765221,
        "operatingIncome": 16800000,
        "operatingIncomeRatio": 0.0612468101,
        "totalOtherIncomeExpensesNet": -5200000,
        "incomeBeforeTax": 11600000,
        "incomeBeforeTaxRatio": 0.0422894641,
        "incomeTaxExpense": 4200000,
        "netIncome": 7300000,
        "netIncomeRatio": 0.0266131972,
        "eps": 0.36,
        "epsdiluted": 0.36,
        "weightedAverageShsOut": 20473000,
        "weightedAverageShsOutDil": 20632000,
        "link": "https://www.sec.gov/Archives/edgar/data/1315257/000119312510114636/0001193125-10-114636-index.htm",
        "finalLink": "https://www.sec.gov/Archives/edgar/data/1315257/000119312510114636/d10q.htm"
    },
    {
        "date": "2009-12-31",
        "symbol": "KOP",
        "reportedCurrency": "USD",
        "cik": "0001315257",
        "fillingDate": "2010-02-19",
        "acceptedDate": "2010-02-19 17:01:58",
        "calendarYear": "2009",
        "period": "Q4",
        "revenue": 270300000,
        "costOfRevenue": 236700000,
        "grossProfit": 33600000,
        "grossProfitRatio": 0.1243063263,
        "researchAndDevelopmentExpenses": 0,
        "generalAndAdministrativeExpenses": 17200000,
        "sellingAndMarketingExpenses": 0,
        "sellingGeneralAndAdministrativeExpenses": 17200000,
        "otherExpenses": 0,
        "operatingExpenses": 23600000,
        "costAndExpenses": 260300000,
        "interestIncome": 0,
        "interestExpense": 6100000,
        "depreciationAndAmortization": 6700000,
        "ebitda": -5400000,
        "ebitdaratio": -0.0199778024,
        "operatingIncome": 10000000,
        "operatingIncomeRatio": 0.0369959304,
        "totalOtherIncomeExpensesNet": -28700000,
        "incomeBeforeTax": -18700000,
        "incomeBeforeTaxRatio": -0.0691823899,
        "incomeTaxExpense": -5900000,
        "netIncome": -13400000,
        "netIncomeRatio": -0.0495745468,
        "eps": -0.66,
        "epsdiluted": -0.65,
        "weightedAverageShsOut": 20455000,
        "weightedAverageShsOutDil": 20473000,
        "link": "https://www.sec.gov/Archives/edgar/data/1315257/000119312510035299/0001193125-10-035299-index.htm",
        "finalLink": "https://www.sec.gov/Archives/edgar/data/1315257/000119312510035299/d10k.htm"
    },
    {
        "date": "2009-09-30",
        "symbol": "KOP",
        "reportedCurrency": "USD",
        "cik": "0001315257",
        "fillingDate": "2009-11-05",
        "acceptedDate": "2009-11-05 17:00:48",
        "calendarYear": "2009",
        "period": "Q3",
        "revenue": 289800000,
        "costOfRevenue": 237500000,
        "grossProfit": 52300000,
        "grossProfitRatio": 0.1804692892,
        "researchAndDevelopmentExpenses": 0,
        "generalAndAdministrativeExpenses": 13000000,
        "sellingAndMarketingExpenses": 0,
        "sellingGeneralAndAdministrativeExpenses": 13000000,
        "otherExpenses": 0,
        "operatingExpenses": 19100000,
        "costAndExpenses": 256600000,
        "interestIncome": 0,
        "interestExpense": 10000000,
        "depreciationAndAmortization": 6700000,
        "ebitda": 39000000,
        "ebitdaratio": 0.1345755694,
        "operatingIncome": 33200000,
        "operatingIncomeRatio": 0.1145617667,
        "totalOtherIncomeExpensesNet": -10300000,
        "incomeBeforeTax": 22900000,
        "incomeBeforeTaxRatio": 0.0790200138,
        "incomeTaxExpense": 5800000,
        "netIncome": 16400000,
        "netIncomeRatio": 0.0565907522,
        "eps": 0.8,
        "epsdiluted": 0.8,
        "weightedAverageShsOut": 20454000,
        "weightedAverageShsOutDil": 20584000,
        "link": "https://www.sec.gov/Archives/edgar/data/1315257/000119312509225722/0001193125-09-225722-index.htm",
        "finalLink": "https://www.sec.gov/Archives/edgar/data/1315257/000119312509225722/d10q.htm"
    },
    {
        "date": "2009-06-30",
        "symbol": "KOP",
        "reportedCurrency": "USD",
        "cik": "0001315257",
        "fillingDate": "2009-08-06",
        "acceptedDate": "2009-08-06 16:29:59",
        "calendarYear": "2009",
        "period": "Q2",
        "revenue": 291600000,
        "costOfRevenue": 238500000,
        "grossProfit": 53100000,
        "grossProfitRatio": 0.1820987654,
        "researchAndDevelopmentExpenses": 0,
        "generalAndAdministrativeExpenses": 13500000,
        "sellingAndMarketingExpenses": 0,
        "sellingGeneralAndAdministrativeExpenses": 13500000,
        "otherExpenses": 0,
        "operatingExpenses": 19800000,
        "costAndExpenses": 258300000,
        "interestIncome": 0,
        "interestExpense": 10000000,
        "depreciationAndAmortization": 6700000,
        "ebitda": 39400000,
        "ebitdaratio": 0.1351165981,
        "operatingIncome": 33300000,
        "operatingIncomeRatio": 0.1141975309,
        "totalOtherIncomeExpensesNet": -10200000,
        "incomeBeforeTax": 23100000,
        "incomeBeforeTaxRatio": 0.079218107,
        "incomeTaxExpense": 10500000,
        "netIncome": 11700000,
        "netIncomeRatio": 0.0401234568,
        "eps": 0.57,
        "epsdiluted": 0.57,
        "weightedAverageShsOut": 20445000,
        "weightedAverageShsOutDil": 20542000,
        "link": "https://www.sec.gov/Archives/edgar/data/1315257/000119312509167226/0001193125-09-167226-index.htm",
        "finalLink": "https://www.sec.gov/Archives/edgar/data/1315257/000119312509167226/d10q.htm"
    },
    {
        "date": "2009-03-31",
        "symbol": "KOP",
        "reportedCurrency": "USD",
        "cik": "0001315257",
        "fillingDate": "2009-05-07",
        "acceptedDate": "2009-05-07 16:39:30",
        "calendarYear": "2009",
        "period": "Q1",
        "revenue": 272700000,
        "costOfRevenue": 233900000,
        "grossProfit": 38800000,
        "grossProfitRatio": 0.1422808948,
        "researchAndDevelopmentExpenses": 0,
        "generalAndAdministrativeExpenses": 14400000,
        "sellingAndMarketingExpenses": 0,
        "sellingGeneralAndAdministrativeExpenses": 14400000,
        "otherExpenses": 0,
        "operatingExpenses": 20400000,
        "costAndExpenses": 254300000,
        "interestIncome": 0,
        "interestExpense": 10200000,
        "depreciationAndAmortization": 6500000,
        "ebitda": 24400000,
        "ebitdaratio": 0.0894756142,
        "operatingIncome": 18400000,
        "operatingIncomeRatio": 0.067473414,
        "totalOtherIncomeExpensesNet": -10200000,
        "incomeBeforeTax": 8200000,
        "incomeBeforeTaxRatio": 0.0300696736,
        "incomeTaxExpense": 3400000,
        "netIncome": 4100000,
        "netIncomeRatio": 0.0150348368,
        "eps": 0.2,
        "epsdiluted": 0.2,
        "weightedAverageShsOut": 20429000,
        "weightedAverageShsOutDil": 20479000,
        "link": "https://www.sec.gov/Archives/edgar/data/1315257/000119312509103461/0001193125-09-103461-index.htm",
        "finalLink": "https://www.sec.gov/Archives/edgar/data/1315257/000119312509103461/d10q.htm"
    },
    {
        "date": "2008-12-31",
        "symbol": "KOP",
        "reportedCurrency": "USD",
        "cik": "0001315257",
        "fillingDate": "2009-02-20",
        "acceptedDate": "2009-02-20 16:31:33",
        "calendarYear": "2008",
        "period": "Q4",
        "revenue": 288900000,
        "costOfRevenue": 263000000,
        "grossProfit": 25900000,
        "grossProfitRatio": 0.0896503981,
        "researchAndDevelopmentExpenses": 0,
        "generalAndAdministrativeExpenses": 15400000,
        "sellingAndMarketingExpenses": 0,
        "sellingGeneralAndAdministrativeExpenses": 15400000,
        "otherExpenses": 0,
        "operatingExpenses": 25700000,
        "costAndExpenses": 288700000,
        "interestIncome": 0,
        "interestExpense": 8700000,
        "depreciationAndAmortization": 11900000,
        "ebitda": 11600000,
        "ebitdaratio": 0.0401523018,
        "operatingIncome": 200000,
        "operatingIncomeRatio": 0.0006922811,
        "totalOtherIncomeExpensesNet": -7000000,
        "incomeBeforeTax": -6800000,
        "incomeBeforeTaxRatio": -0.0235375562,
        "incomeTaxExpense": 5500000,
        "netIncome": 75000000,
        "netIncomeRatio": 0.2596053998,
        "eps": 3.67,
        "epsdiluted": 3.67,
        "weightedAverageShsOut": 20399000,
        "weightedAverageShsOutDil": 20429000,
        "link": "https://www.sec.gov/Archives/edgar/data/1315257/000119312509034166/0001193125-09-034166-index.htm",
        "finalLink": "https://www.sec.gov/Archives/edgar/data/1315257/000119312509034166/d10k.htm"
    },
    {
        "date": "2008-09-30",
        "symbol": "KOP",
        "reportedCurrency": "USD",
        "cik": "0001315257",
        "fillingDate": "2008-11-06",
        "acceptedDate": "2008-11-06 14:47:40",
        "calendarYear": "2008",
        "period": "Q3",
        "revenue": 369400000,
        "costOfRevenue": 295200000,
        "grossProfit": 74200000,
        "grossProfitRatio": 0.2008662696,
        "researchAndDevelopmentExpenses": 0,
        "generalAndAdministrativeExpenses": 16200000,
        "sellingAndMarketingExpenses": 0,
        "sellingGeneralAndAdministrativeExpenses": 16200000,
        "otherExpenses": 0,
        "operatingExpenses": 22600000,
        "costAndExpenses": 317800000,
        "interestIncome": 0,
        "interestExpense": 10700000,
        "depreciationAndAmortization": 5300000,
        "ebitda": 57900000,
        "ebitdaratio": 0.1567406605,
        "operatingIncome": 51600000,
        "operatingIncomeRatio": 0.1396859773,
        "totalOtherIncomeExpensesNet": -11000000,
        "incomeBeforeTax": 15500000,
        "incomeBeforeTaxRatio": 0.041959935,
        "incomeTaxExpense": 15500000,
        "netIncome": 25500000,
        "netIncomeRatio": 0.0690308609,
        "eps": 1.25,
        "epsdiluted": 1.24,
        "weightedAverageShsOut": 20535000,
        "weightedAverageShsOutDil": 20617000,
        "link": "https://www.sec.gov/Archives/edgar/data/1315257/000119312508227731/0001193125-08-227731-index.htm",
        "finalLink": "https://www.sec.gov/Archives/edgar/data/1315257/000119312508227731/d10q.htm"
    },
    {
        "date": "2008-06-30",
        "symbol": "KOP",
        "reportedCurrency": "USD",
        "cik": "0001315257",
        "fillingDate": "2008-08-07",
        "acceptedDate": "2008-08-07 16:54:13",
        "calendarYear": "2008",
        "period": "Q2",
        "revenue": 375300000,
        "costOfRevenue": 306100000,
        "grossProfit": 69200000,
        "grossProfitRatio": 0.1843858247,
        "researchAndDevelopmentExpenses": 0,
        "generalAndAdministrativeExpenses": 16700000,
        "sellingAndMarketingExpenses": 0,
        "sellingGeneralAndAdministrativeExpenses": 16700000,
        "otherExpenses": 0,
        "operatingExpenses": 23100000,
        "costAndExpenses": 329200000,
        "interestIncome": 0,
        "interestExpense": 10600000,
        "depreciationAndAmortization": 7500000,
        "ebitda": 53900000,
        "ebitdaratio": 0.1436184386,
        "operatingIncome": 46100000,
        "operatingIncomeRatio": 0.1228350653,
        "totalOtherIncomeExpensesNet": -10900000,
        "incomeBeforeTax": 35200000,
        "incomeBeforeTaxRatio": 0.0937916334,
        "incomeTaxExpense": 12500000,
        "netIncome": 24300000,
        "netIncomeRatio": 0.0647482014,
        "eps": 1.16,
        "epsdiluted": 1.16,
        "weightedAverageShsOut": 20844000,
        "weightedAverageShsOutDil": 20923000,
        "link": "https://www.sec.gov/Archives/edgar/data/1315257/000119312508170204/0001193125-08-170204-index.htm",
        "finalLink": "https://www.sec.gov/Archives/edgar/data/1315257/000119312508170204/d10q.htm"
    },
    {
        "date": "2008-03-31",
        "symbol": "KOP",
        "reportedCurrency": "USD",
        "cik": "0001315257",
        "fillingDate": "2008-05-09",
        "acceptedDate": "2008-05-09 13:40:40",
        "calendarYear": "2008",
        "period": "Q1",
        "revenue": 347500000,
        "costOfRevenue": 291500000,
        "grossProfit": 56000000,
        "grossProfitRatio": 0.1611510791,
        "researchAndDevelopmentExpenses": 0,
        "generalAndAdministrativeExpenses": 16800000,
        "sellingAndMarketingExpenses": 0,
        "sellingGeneralAndAdministrativeExpenses": 16800000,
        "otherExpenses": 0,
        "operatingExpenses": 24400000,
        "costAndExpenses": 315900000,
        "interestIncome": 0,
        "interestExpense": 10800000,
        "depreciationAndAmortization": 8000000,
        "ebitda": 39600000,
        "ebitdaratio": 0.1139568345,
        "operatingIncome": 31600000,
        "operatingIncomeRatio": 0.0909352518,
        "totalOtherIncomeExpensesNet": -11000000,
        "incomeBeforeTax": 20800000,
        "incomeBeforeTaxRatio": 0.0598561151,
        "incomeTaxExpense": 7000000,
        "netIncome": 13200000,
        "netIncomeRatio": 0.0379856115,
        "eps": 0.63,
        "epsdiluted": 0.63,
        "weightedAverageShsOut": 20828000,
        "weightedAverageShsOutDil": 20901000,
        "link": "https://www.sec.gov/Archives/edgar/data/1315257/000119312508109409/0001193125-08-109409-index.htm",
        "finalLink": "https://www.sec.gov/Archives/edgar/data/1315257/000119312508109409/d10q.htm"
    },
    {
        "date": "2007-12-31",
        "symbol": "KOP",
        "reportedCurrency": "USD",
        "cik": "0001315257",
        "fillingDate": "2008-02-22",
        "acceptedDate": "2008-02-22 15:59:15",
        "calendarYear": "2007",
        "period": "Q4",
        "revenue": 326800000,
        "costOfRevenue": 275800000,
        "grossProfit": 51000000,
        "grossProfitRatio": 0.1560587515,
        "researchAndDevelopmentExpenses": 0,
        "generalAndAdministrativeExpenses": 24800000,
        "sellingAndMarketingExpenses": 0,
        "sellingGeneralAndAdministrativeExpenses": 24800000,
        "otherExpenses": 0,
        "operatingExpenses": 33400000,
        "costAndExpenses": 309200000,
        "interestIncome": 0,
        "interestExpense": 11200000,
        "depreciationAndAmortization": 9100000,
        "ebitda": 26700000,
        "ebitdaratio": 0.0817013464,
        "operatingIncome": 17600000,
        "operatingIncomeRatio": 0.0538555692,
        "totalOtherIncomeExpensesNet": -11200000,
        "incomeBeforeTax": 6400000,
        "incomeBeforeTaxRatio": 0.0195838433,
        "incomeTaxExpense": 700000,
        "netIncome": -1700000,
        "netIncomeRatio": -0.0052019584,
        "eps": -0.0816,
        "epsdiluted": -0.0816,
        "weightedAverageShsOut": 20828000,
        "weightedAverageShsOutDil": 20828000,
        "link": "https://www.sec.gov/Archives/edgar/data/1315257/000119312508036303/0001193125-08-036303-index.htm",
        "finalLink": "https://www.sec.gov/Archives/edgar/data/1315257/000119312508036303/d10k.htm"
    },
    {
        "date": "2007-09-30",
        "symbol": "KOP",
        "reportedCurrency": "USD",
        "cik": "0001315257",
        "fillingDate": "2007-11-08",
        "acceptedDate": "2007-11-08 13:40:12",
        "calendarYear": "2007",
        "period": "Q3",
        "revenue": 347100000,
        "costOfRevenue": 283700000,
        "grossProfit": 63400000,
        "grossProfitRatio": 0.182656295,
        "researchAndDevelopmentExpenses": 0,
        "generalAndAdministrativeExpenses": 15400000,
        "sellingAndMarketingExpenses": 0,
        "sellingGeneralAndAdministrativeExpenses": 15400000,
        "otherExpenses": 0,
        "operatingExpenses": 23200000,
        "costAndExpenses": 306900000,
        "interestIncome": 0,
        "interestExpense": 11300000,
        "depreciationAndAmortization": 7800000,
        "ebitda": 48000000,
        "ebitdaratio": 0.1382886776,
        "operatingIncome": 40200000,
        "operatingIncomeRatio": 0.1158167675,
        "totalOtherIncomeExpensesNet": -11100000,
        "incomeBeforeTax": 29100000,
        "incomeBeforeTaxRatio": 0.0838375108,
        "incomeTaxExpense": 9600000,
        "netIncome": 25500000,
        "netIncomeRatio": 0.07346586,
        "eps": 1.23,
        "epsdiluted": 1.22,
        "weightedAverageShsOut": 20773000,
        "weightedAverageShsOutDil": 20883000,
        "link": "https://www.sec.gov/Archives/edgar/data/1315257/000119312507240010/0001193125-07-240010-index.htm",
        "finalLink": "https://www.sec.gov/Archives/edgar/data/1315257/000119312507240010/d10q.htm"
    },
    {
        "date": "2007-06-30",
        "symbol": "KOP",
        "reportedCurrency": "USD",
        "cik": "0001315257",
        "fillingDate": "2007-08-09",
        "acceptedDate": "2007-08-09 12:16:34",
        "calendarYear": "2007",
        "period": "Q2",
        "revenue": 360000000,
        "costOfRevenue": 285900000,
        "grossProfit": 74100000,
        "grossProfitRatio": 0.2058333333,
        "researchAndDevelopmentExpenses": 0,
        "generalAndAdministrativeExpenses": 19900000,
        "sellingAndMarketingExpenses": 0,
        "sellingGeneralAndAdministrativeExpenses": 19900000,
        "otherExpenses": 294100000,
        "operatingExpenses": 28100000,
        "costAndExpenses": 314000000,
        "interestIncome": 0,
        "interestExpense": 12000000,
        "depreciationAndAmortization": 8200000,
        "ebitda": 54200000,
        "ebitdaratio": 0.1505555556,
        "operatingIncome": 46000000,
        "operatingIncomeRatio": 0.1277777778,
        "totalOtherIncomeExpensesNet": -12000000,
        "incomeBeforeTax": 34000000,
        "incomeBeforeTaxRatio": 0.0944444444,
        "incomeTaxExpense": 10900000,
        "netIncome": 22300000,
        "netIncomeRatio": 0.0619444444,
        "eps": 1.08,
        "epsdiluted": 1.07,
        "weightedAverageShsOut": 20741000,
        "weightedAverageShsOutDil": 20865000,
        "link": "https://www.sec.gov/Archives/edgar/data/1315257/000119312507177005/0001193125-07-177005-index.htm",
        "finalLink": "https://www.sec.gov/Archives/edgar/data/1315257/000119312507177005/d10q.htm"
    },
    {
        "date": "2007-03-31",
        "symbol": "KOP",
        "reportedCurrency": "USD",
        "cik": "0001315257",
        "fillingDate": "2007-05-03",
        "acceptedDate": "2007-05-03 13:44:22",
        "calendarYear": "2007",
        "period": "Q1",
        "revenue": 321100000,
        "costOfRevenue": 267700000,
        "grossProfit": 53400000,
        "grossProfitRatio": 0.1663033323,
        "researchAndDevelopmentExpenses": 0,
        "generalAndAdministrativeExpenses": 17000000,
        "sellingAndMarketingExpenses": 0,
        "sellingGeneralAndAdministrativeExpenses": 17000000,
        "otherExpenses": 276000000,
        "operatingExpenses": 25300000,
        "costAndExpenses": 293000000,
        "interestIncome": 0,
        "interestExpense": 28200000,
        "depreciationAndAmortization": 8300000,
        "ebitda": 36400000,
        "ebitdaratio": 0.1133603239,
        "operatingIncome": 28100000,
        "operatingIncomeRatio": 0.0875116786,
        "totalOtherIncomeExpensesNet": -12100000,
        "incomeBeforeTax": 16500000,
        "incomeBeforeTaxRatio": 0.0513858611,
        "incomeTaxExpense": 5000000,
        "netIncome": 10500000,
        "netIncomeRatio": 0.0327000934,
        "eps": 0.51,
        "epsdiluted": 0.5,
        "weightedAverageShsOut": 20730000,
        "weightedAverageShsOutDil": 20845000,
        "link": "https://www.sec.gov/Archives/edgar/data/1315257/000119312507101041/0001193125-07-101041-index.htm",
        "finalLink": "https://www.sec.gov/Archives/edgar/data/1315257/000119312507101041/d10q.htm"
    },
    {
        "date": "2006-12-31",
        "symbol": "KOP",
        "reportedCurrency": "USD",
        "cik": "0001315257",
        "fillingDate": "2007-02-22",
        "acceptedDate": "2007-02-22 08:56:05",
        "calendarYear": "2006",
        "period": "Q4",
        "revenue": 282600000,
        "costOfRevenue": 238700000,
        "grossProfit": 43900000,
        "grossProfitRatio": 0.1553432413,
        "researchAndDevelopmentExpenses": 0,
        "generalAndAdministrativeExpenses": 19900000,
        "sellingAndMarketingExpenses": 0,
        "sellingGeneralAndAdministrativeExpenses": 19900000,
        "otherExpenses": 1003200000,
        "operatingExpenses": 29000000,
        "costAndExpenses": 267700000,
        "interestIncome": 0,
        "interestExpense": 11700000,
        "depreciationAndAmortization": 9100000,
        "ebitda": 24000000,
        "ebitdaratio": 0.08492569,
        "operatingIncome": 14900000,
        "operatingIncomeRatio": 0.0527246992,
        "totalOtherIncomeExpensesNet": -11800000,
        "incomeBeforeTax": 3100000,
        "incomeBeforeTaxRatio": 0.0109695683,
        "incomeTaxExpense": -1100000,
        "netIncome": 3800000,
        "netIncomeRatio": 0.0134465676,
        "eps": 0.18,
        "epsdiluted": 0.18,
        "weightedAverageShsOut": 20730000,
        "weightedAverageShsOutDil": 20730000,
        "link": "https://www.sec.gov/Archives/edgar/data/1315257/000119312507036604/0001193125-07-036604-index.htm",
        "finalLink": "https://www.sec.gov/Archives/edgar/data/1315257/000119312507036604/d10k.htm"
    },
    {
        "date": "2006-09-30",
        "symbol": "KOP",
        "reportedCurrency": "USD",
        "cik": "0001315257",
        "fillingDate": "2006-11-06",
        "acceptedDate": "2006-11-06 09:41:13",
        "calendarYear": "2006",
        "period": "Q3",
        "revenue": 314400000,
        "costOfRevenue": 258100000,
        "grossProfit": 56300000,
        "grossProfitRatio": 0.1790712468,
        "researchAndDevelopmentExpenses": 0,
        "generalAndAdministrativeExpenses": 15900000,
        "sellingAndMarketingExpenses": 0,
        "sellingGeneralAndAdministrativeExpenses": 15900000,
        "otherExpenses": 8300000,
        "operatingExpenses": 24200000,
        "costAndExpenses": 282300000,
        "interestIncome": 0,
        "interestExpense": 11700000,
        "depreciationAndAmortization": 8300000,
        "ebitda": 40400000,
        "ebitdaratio": 0.1284987277,
        "operatingIncome": 32100000,
        "operatingIncomeRatio": 0.1020992366,
        "totalOtherIncomeExpensesNet": -11400000,
        "incomeBeforeTax": 20600000,
        "incomeBeforeTaxRatio": 0.0655216285,
        "incomeTaxExpense": 7100000,
        "netIncome": 12400000,
        "netIncomeRatio": 0.0394402036,
        "eps": 0.6,
        "epsdiluted": 0.59,
        "weightedAverageShsOut": 20672000,
        "weightedAverageShsOutDil": 20800000,
        "link": "https://www.sec.gov/Archives/edgar/data/1315257/000119312506224564/0001193125-06-224564-index.htm",
        "finalLink": "https://www.sec.gov/Archives/edgar/data/1315257/000119312506224564/d10q.htm"
    },
    {
        "date": "2006-06-30",
        "symbol": "KOP",
        "reportedCurrency": "USD",
        "cik": "0001315257",
        "fillingDate": "2006-08-04",
        "acceptedDate": "2006-08-04 10:31:40",
        "calendarYear": "2006",
        "period": "Q2",
        "revenue": 297900000,
        "costOfRevenue": 251300000,
        "grossProfit": 46600000,
        "grossProfitRatio": 0.1564283317,
        "researchAndDevelopmentExpenses": 0,
        "generalAndAdministrativeExpenses": 16700000,
        "sellingAndMarketingExpenses": 0,
        "sellingGeneralAndAdministrativeExpenses": 16700000,
        "otherExpenses": 8200000,
        "operatingExpenses": 24900000,
        "costAndExpenses": 276200000,
        "interestIncome": 0,
        "interestExpense": 11600000,
        "depreciationAndAmortization": 8200000,
        "ebitda": 29900000,
        "ebitdaratio": 0.1003692514,
        "operatingIncome": 21700000,
        "operatingIncomeRatio": 0.072843236,
        "totalOtherIncomeExpensesNet": -11000000,
        "incomeBeforeTax": 10700000,
        "incomeBeforeTaxRatio": 0.0359180933,
        "incomeTaxExpense": 4900000,
        "netIncome": 5000000,
        "netIncomeRatio": 0.0167841558,
        "eps": 0.24,
        "epsdiluted": 0.24,
        "weightedAverageShsOut": 20654000,
        "weightedAverageShsOutDil": 20821000,
        "link": "https://www.sec.gov/Archives/edgar/data/1315257/000119312506161898/0001193125-06-161898-index.htm",
        "finalLink": "https://www.sec.gov/Archives/edgar/data/1315257/000119312506161898/d10q.htm"
    },
    {
        "date": "2006-03-31",
        "symbol": "KOP",
        "reportedCurrency": "USD",
        "cik": "0001315257",
        "fillingDate": "2006-05-11",
        "acceptedDate": "2006-05-11 09:50:24",
        "calendarYear": "2006",
        "period": "Q1",
        "revenue": 264600000,
        "costOfRevenue": 221700000,
        "grossProfit": 42900000,
        "grossProfitRatio": 0.1621315193,
        "researchAndDevelopmentExpenses": 0,
        "generalAndAdministrativeExpenses": 19100000,
        "sellingAndMarketingExpenses": 0,
        "sellingGeneralAndAdministrativeExpenses": 19100000,
        "otherExpenses": 7800000,
        "operatingExpenses": 26900000,
        "costAndExpenses": 248600000,
        "interestIncome": 0,
        "interestExpense": 26900000,
        "depreciationAndAmortization": 7800000,
        "ebitda": 23800000,
        "ebitdaratio": 0.0899470899,
        "operatingIncome": 16000000,
        "operatingIncomeRatio": 0.0604686319,
        "totalOtherIncomeExpensesNet": -26700000,
        "incomeBeforeTax": -10700000,
        "incomeBeforeTaxRatio": -0.0404383976,
        "incomeTaxExpense": -4900000,
        "netIncome": -6000000,
        "netIncomeRatio": -0.022675737,
        "eps": -0.41,
        "epsdiluted": -0.41,
        "weightedAverageShsOut": 14600000,
        "weightedAverageShsOutDil": 14600000,
        "link": "https://www.sec.gov/Archives/edgar/data/1315257/000119312506108520/0001193125-06-108520-index.htm",
        "finalLink": "https://www.sec.gov/Archives/edgar/data/1315257/000119312506108520/d10q.htm"
    },
    {
        "date": "2005-12-31",
        "symbol": "KOP",
        "reportedCurrency": "USD",
        "cik": "0001315257",
        "fillingDate": "2006-03-21",
        "acceptedDate": "2006-03-21 17:25:18",
        "calendarYear": "2005",
        "period": "Q4",
        "revenue": 262300000,
        "costOfRevenue": 221500000,
        "grossProfit": 40800000,
        "grossProfitRatio": 0.1555470835,
        "researchAndDevelopmentExpenses": 0,
        "generalAndAdministrativeExpenses": 17000000,
        "sellingAndMarketingExpenses": 0,
        "sellingGeneralAndAdministrativeExpenses": 17000000,
        "otherExpenses": 16100000,
        "operatingExpenses": 24700000,
        "costAndExpenses": 246200000,
        "interestIncome": 0,
        "interestExpense": 14100000,
        "depreciationAndAmortization": 7700000,
        "ebitda": 23800000,
        "ebitdaratio": 0.0907357987,
        "operatingIncome": 16100000,
        "operatingIncomeRatio": 0.0613800991,
        "totalOtherIncomeExpensesNet": -13900000,
        "incomeBeforeTax": 2200000,
        "incomeBeforeTaxRatio": 0.0083873427,
        "incomeTaxExpense": 1100000,
        "netIncome": 500000,
        "netIncomeRatio": 0.0019062143,
        "eps": 0.0342,
        "epsdiluted": 0.0342,
        "weightedAverageShsOut": 14600000,
        "weightedAverageShsOutDil": 14600000,
        "link": "https://www.sec.gov/Archives/edgar/data/1315257/000119312506060058/0001193125-06-060058-index.htm",
        "finalLink": "https://www.sec.gov/Archives/edgar/data/1315257/000119312506060058/d10k.htm"
    },
    {
        "date": "2005-09-30",
        "symbol": "KOP",
        "reportedCurrency": "USD",
        "cik": "0001315257",
        "fillingDate": "2005-11-14",
        "acceptedDate": "2005-11-14 17:15:31",
        "calendarYear": "2005",
        "period": "Q3",
        "revenue": 255967000,
        "costOfRevenue": 212000000,
        "grossProfit": 43967000,
        "grossProfitRatio": 0.1717682357,
        "researchAndDevelopmentExpenses": 0,
        "generalAndAdministrativeExpenses": 16467000,
        "sellingAndMarketingExpenses": 0,
        "sellingGeneralAndAdministrativeExpenses": 16467000,
        "otherExpenses": 8400000,
        "operatingExpenses": 24667000,
        "costAndExpenses": 236667000,
        "interestIncome": 0,
        "interestExpense": 22100000,
        "depreciationAndAmortization": 8200000,
        "ebitda": 30400000,
        "ebitdaratio": 0.1187653096,
        "operatingIncome": 19300000,
        "operatingIncomeRatio": 0.0754003446,
        "totalOtherIncomeExpensesNet": -12800000,
        "incomeBeforeTax": 6800000,
        "incomeBeforeTaxRatio": 0.0265659245,
        "incomeTaxExpense": 3167000,
        "netIncome": 3133000,
        "netIncomeRatio": 0.012239859,
        "eps": 0.18,
        "epsdiluted": -7.78,
        "weightedAverageShsOut": 17650000,
        "weightedAverageShsOutDil": 2851000,
        "link": "https://www.sec.gov/Archives/edgar/data/1315257/000119312505225983/0001193125-05-225983-index.htm",
        "finalLink": "https://www.sec.gov/Archives/edgar/data/1315257/000119312505225983/d10q.htm"
    },
    {
        "date": "2005-06-30",
        "symbol": "KOP",
        "reportedCurrency": "USD",
        "cik": "0001315257",
        "fillingDate": "2005-08-10",
        "acceptedDate": "2005-08-09 18:17:49",
        "calendarYear": "2005",
        "period": "Q2",
        "revenue": 266300000,
        "costOfRevenue": 219700000,
        "grossProfit": 46600000,
        "grossProfitRatio": 0.1749906121,
        "researchAndDevelopmentExpenses": 0,
        "generalAndAdministrativeExpenses": 17300000,
        "sellingAndMarketingExpenses": 8000000,
        "sellingGeneralAndAdministrativeExpenses": 25300000,
        "otherExpenses": 0,
        "operatingExpenses": 25300000,
        "costAndExpenses": 245000000,
        "interestIncome": 0,
        "interestExpense": -21000000,
        "depreciationAndAmortization": 8200000,
        "ebitda": 29300000,
        "ebitdaratio": 0.1100262861,
        "operatingIncome": 21300000,
        "operatingIncomeRatio": 0.0799849793,
        "totalOtherIncomeExpensesNet": -12800000,
        "incomeBeforeTax": 8500000,
        "incomeBeforeTaxRatio": 0.0319188885,
        "incomeTaxExpense": 4600000,
        "netIncome": 4200000,
        "netIncomeRatio": 0.0157716861,
        "eps": 0.2,
        "epsdiluted": 0.2,
        "weightedAverageShsOut": 20700000,
        "weightedAverageShsOutDil": 20700000,
        "link": "https://www.sec.gov/Archives/edgar/data/1315257/000119312505162938/0001193125-05-162938-index.htm",
        "finalLink": "https://www.sec.gov/Archives/edgar/data/1315257/000119312505162938/d10q.htm"
    },
    {
        "date": "2005-03-31",
        "symbol": "KOP",
        "reportedCurrency": "USD",
        "cik": "0001315257",
        "fillingDate": "2005-05-20",
        "acceptedDate": "2005-05-20 16:27:14",
        "calendarYear": "2005",
        "period": "Q1",
        "revenue": 232000000,
        "costOfRevenue": 193800000,
        "grossProfit": 38200000,
        "grossProfitRatio": 0.1646551724,
        "researchAndDevelopmentExpenses": 0,
        "generalAndAdministrativeExpenses": 0,
        "sellingAndMarketingExpenses": 0,
        "sellingGeneralAndAdministrativeExpenses": 15400000,
        "otherExpenses": 8000000,
        "operatingExpenses": 23400000,
        "costAndExpenses": 217200000,
        "interestIncome": 0,
        "interestExpense": 15200000,
        "depreciationAndAmortization": 8000000,
        "ebitda": 22800000,
        "ebitdaratio": 0.0982758621,
        "operatingIncome": 14800000,
        "operatingIncomeRatio": 0.0637931034,
        "totalOtherIncomeExpensesNet": -14200000,
        "incomeBeforeTax": 600000,
        "incomeBeforeTaxRatio": 0.0025862069,
        "incomeTaxExpense": 0,
        "netIncome": 600000,
        "netIncomeRatio": 0.0025862069,
        "eps": 0.0508,
        "epsdiluted": null,
        "weightedAverageShsOut": 11800000,
        "weightedAverageShsOutDil": 0,
        "link": "https://www.sec.gov/Archives/edgar/data/1315257/000119312505112310/0001193125-05-112310-index.htm",
        "finalLink": "https://www.sec.gov/Archives/edgar/data/1315257/000119312505112310/d10q.htm"
    }
]