[
    {
        "date": "2025-08-02",
        "symbol": "KSS",
        "reportedCurrency": "USD",
        "cik": "0000885639",
        "fillingDate": "2025-09-04",
        "acceptedDate": "2025-09-04 16:10:46",
        "calendarYear": "2025",
        "period": "Q2",
        "revenue": 3546000000,
        "costOfRevenue": 2011000000,
        "grossProfit": 1535000000,
        "grossProfitRatio": 0.4328821207,
        "researchAndDevelopmentExpenses": 0,
        "generalAndAdministrativeExpenses": 0,
        "sellingAndMarketingExpenses": 0,
        "sellingGeneralAndAdministrativeExpenses": 1199000000,
        "otherExpenses": 0,
        "operatingExpenses": 1199000000,
        "costAndExpenses": 3385000000,
        "interestIncome": 0,
        "interestExpense": 78000000,
        "depreciationAndAmortization": 175000000,
        "ebitda": 454000000,
        "ebitdaratio": 0.1280315849,
        "operatingIncome": 279000000,
        "operatingIncomeRatio": 0.078680203,
        "totalOtherIncomeExpensesNet": -78000000,
        "incomeBeforeTax": 201000000,
        "incomeBeforeTaxRatio": 0.0566835871,
        "incomeTaxExpense": 48000000,
        "netIncome": 153000000,
        "netIncomeRatio": 0.0431472081,
        "eps": 1.37,
        "epsdiluted": 1.35,
        "weightedAverageShsOut": 112000000,
        "weightedAverageShsOutDil": 114000000,
        "link": "https://www.sec.gov/Archives/edgar/data/885639/000095017025113028/0000950170-25-113028-index.htm",
        "finalLink": "https://www.sec.gov/Archives/edgar/data/885639/000095017025113028/kss-20250802.htm"
    },
    {
        "date": "2025-05-03",
        "symbol": "KSS",
        "reportedCurrency": "USD",
        "cik": "0000885639",
        "fillingDate": "2025-06-06",
        "acceptedDate": "2025-06-06 16:10:19",
        "calendarYear": "2025",
        "period": "Q1",
        "revenue": 3233000000,
        "costOfRevenue": 1834000000,
        "grossProfit": 1399000000,
        "grossProfitRatio": 0.4327250232,
        "researchAndDevelopmentExpenses": 0,
        "generalAndAdministrativeExpenses": 0,
        "sellingAndMarketingExpenses": 0,
        "sellingGeneralAndAdministrativeExpenses": 1164000000,
        "otherExpenses": 175000000,
        "operatingExpenses": 1339000000,
        "costAndExpenses": 3173000000,
        "interestIncome": 0,
        "interestExpense": 76000000,
        "depreciationAndAmortization": 175000000,
        "ebitda": 235000000,
        "ebitdaratio": 0.072687906,
        "operatingIncome": 60000000,
        "operatingIncomeRatio": 0.0185586143,
        "totalOtherIncomeExpensesNet": -76000000,
        "incomeBeforeTax": -16000000,
        "incomeBeforeTaxRatio": -0.0049489638,
        "incomeTaxExpense": -1000000,
        "netIncome": -15000000,
        "netIncomeRatio": -0.0046396536,
        "eps": -0.13,
        "epsdiluted": -0.13,
        "weightedAverageShsOut": 111000000,
        "weightedAverageShsOutDil": 111000000,
        "link": "https://www.sec.gov/Archives/edgar/data/885639/000095017025083079/0000950170-25-083079-index.htm",
        "finalLink": "https://www.sec.gov/Archives/edgar/data/885639/000095017025083079/kss-20250503.htm"
    },
    {
        "date": "2025-02-01",
        "symbol": "KSS",
        "reportedCurrency": "USD",
        "cik": "0000885639",
        "fillingDate": "2025-03-20",
        "acceptedDate": "2025-03-20 16:10:27",
        "calendarYear": "2024",
        "period": "Q4",
        "revenue": 5397000000,
        "costOfRevenue": 5364100000,
        "grossProfit": 32900000,
        "grossProfitRatio": 0.0060959792,
        "researchAndDevelopmentExpenses": 0,
        "generalAndAdministrativeExpenses": 0,
        "sellingAndMarketingExpenses": 0,
        "sellingGeneralAndAdministrativeExpenses": 1539000000,
        "otherExpenses": 0,
        "operatingExpenses": 1539000000,
        "costAndExpenses": 6903100000,
        "interestIncome": 0,
        "interestExpense": 74000000,
        "depreciationAndAmortization": 183000000,
        "ebitda": 309000000,
        "ebitdaratio": 0.05725403,
        "operatingIncome": 126000000,
        "operatingIncomeRatio": 0.0233463035,
        "totalOtherIncomeExpensesNet": -74000000,
        "incomeBeforeTax": 52000000,
        "incomeBeforeTaxRatio": 0.0096349824,
        "incomeTaxExpense": 4000000,
        "netIncome": 48000000,
        "netIncomeRatio": 0.0088938299,
        "eps": 0.43,
        "epsdiluted": 0.43,
        "weightedAverageShsOut": 111000000,
        "weightedAverageShsOutDil": 112000000,
        "link": "https://www.sec.gov/Archives/edgar/data/885639/000095017025042662/0000950170-25-042662-index.htm",
        "finalLink": "https://www.sec.gov/Archives/edgar/data/885639/000095017025042662/kss-20250201.htm"
    },
    {
        "date": "2024-11-02",
        "symbol": "KSS",
        "reportedCurrency": "USD",
        "cik": "0000885639",
        "fillingDate": "2024-12-05",
        "acceptedDate": "2024-12-05 16:10:17",
        "calendarYear": "2024",
        "period": "Q3",
        "revenue": 3710000000,
        "costOfRevenue": 2137000000,
        "grossProfit": 1573000000,
        "grossProfitRatio": 0.4239892183,
        "researchAndDevelopmentExpenses": 0,
        "generalAndAdministrativeExpenses": 0,
        "sellingAndMarketingExpenses": 0,
        "sellingGeneralAndAdministrativeExpenses": 1291000000,
        "otherExpenses": 184000000,
        "operatingExpenses": 1475000000,
        "costAndExpenses": 3612000000,
        "interestIncome": 0,
        "interestExpense": 76000000,
        "depreciationAndAmortization": 184000000,
        "ebitda": 282000000,
        "ebitdaratio": 0.0760107817,
        "operatingIncome": 98000000,
        "operatingIncomeRatio": 0.0264150943,
        "totalOtherIncomeExpensesNet": -76000000,
        "incomeBeforeTax": 22000000,
        "incomeBeforeTaxRatio": 0.0059299191,
        "incomeTaxExpense": 0,
        "netIncome": 22000000,
        "netIncomeRatio": 0.0059299191,
        "eps": 0.2,
        "epsdiluted": 0.2,
        "weightedAverageShsOut": 111000000,
        "weightedAverageShsOutDil": 112000000,
        "link": "https://www.sec.gov/Archives/edgar/data/885639/000095017024133680/0000950170-24-133680-index.htm",
        "finalLink": "https://www.sec.gov/Archives/edgar/data/885639/000095017024133680/kss-20241102.htm"
    },
    {
        "date": "2024-08-03",
        "symbol": "KSS",
        "reportedCurrency": "USD",
        "cik": "0000885639",
        "fillingDate": "2024-09-05",
        "acceptedDate": "2024-09-05 16:10:22",
        "calendarYear": "2024",
        "period": "Q2",
        "revenue": 3732000000,
        "costOfRevenue": 2316000000,
        "grossProfit": 1416000000,
        "grossProfitRatio": 0.3794212219,
        "researchAndDevelopmentExpenses": 0,
        "generalAndAdministrativeExpenses": 0,
        "sellingAndMarketingExpenses": 0,
        "sellingGeneralAndAdministrativeExpenses": 1250000000,
        "otherExpenses": 0,
        "operatingExpenses": 1250000000,
        "costAndExpenses": 3566000000,
        "interestIncome": 0,
        "interestExpense": 86000000,
        "depreciationAndAmortization": 188000000,
        "ebitda": 354000000,
        "ebitdaratio": 0.0948553055,
        "operatingIncome": 166000000,
        "operatingIncomeRatio": 0.0444801715,
        "totalOtherIncomeExpensesNet": -86000000,
        "incomeBeforeTax": 80000000,
        "incomeBeforeTaxRatio": 0.0214362272,
        "incomeTaxExpense": 14000000,
        "netIncome": 66000000,
        "netIncomeRatio": 0.0176848875,
        "eps": 0.59,
        "epsdiluted": 0.59,
        "weightedAverageShsOut": 111000000,
        "weightedAverageShsOutDil": 112000000,
        "link": "https://www.sec.gov/Archives/edgar/data/885639/000095017024103988/0000950170-24-103988-index.htm",
        "finalLink": "https://www.sec.gov/Archives/edgar/data/885639/000095017024103988/kss-20240803.htm"
    },
    {
        "date": "2024-05-04",
        "symbol": "KSS",
        "reportedCurrency": "USD",
        "cik": "0000885639",
        "fillingDate": "2024-06-06",
        "acceptedDate": "2024-06-06 16:10:25",
        "calendarYear": "2024",
        "period": "Q1",
        "revenue": 3382000000,
        "costOfRevenue": 2111000000,
        "grossProfit": 1271000000,
        "grossProfitRatio": 0.3758131283,
        "researchAndDevelopmentExpenses": 0,
        "generalAndAdministrativeExpenses": 0,
        "sellingAndMarketingExpenses": 0,
        "sellingGeneralAndAdministrativeExpenses": 1228000000,
        "otherExpenses": 0,
        "operatingExpenses": 1228000000,
        "costAndExpenses": 3339000000,
        "interestIncome": 0,
        "interestExpense": 83000000,
        "depreciationAndAmortization": 188000000,
        "ebitda": 231000000,
        "ebitdaratio": 0.0683027794,
        "operatingIncome": 43000000,
        "operatingIncomeRatio": 0.0127143702,
        "totalOtherIncomeExpensesNet": -83000000,
        "incomeBeforeTax": -40000000,
        "incomeBeforeTaxRatio": -0.0118273211,
        "incomeTaxExpense": -13000000,
        "netIncome": -27000000,
        "netIncomeRatio": -0.0079834418,
        "eps": -0.24,
        "epsdiluted": -0.24,
        "weightedAverageShsOut": 111000000,
        "weightedAverageShsOutDil": 111000000,
        "link": "https://www.sec.gov/Archives/edgar/data/885639/000095017024069880/0000950170-24-069880-index.htm",
        "finalLink": "https://www.sec.gov/Archives/edgar/data/885639/000095017024069880/kss-20240504.htm"
    },
    {
        "date": "2024-02-03",
        "symbol": "KSS",
        "reportedCurrency": "USD",
        "cik": "0000885639",
        "fillingDate": "2024-03-21",
        "acceptedDate": "2024-03-21 16:10:37",
        "calendarYear": "2023",
        "period": "Q4",
        "revenue": 5956000000,
        "costOfRevenue": 4047000000,
        "grossProfit": 1909000000,
        "grossProfitRatio": 0.3205171256,
        "researchAndDevelopmentExpenses": 0,
        "generalAndAdministrativeExpenses": 814000000,
        "sellingAndMarketingExpenses": 796000000,
        "sellingGeneralAndAdministrativeExpenses": 1610000000,
        "otherExpenses": 0,
        "operatingExpenses": 1610000000,
        "costAndExpenses": 5657000000,
        "interestIncome": 0,
        "interestExpense": 82000000,
        "depreciationAndAmortization": 187000000,
        "ebitda": 486000000,
        "ebitdaratio": 0.0815983882,
        "operatingIncome": 299000000,
        "operatingIncomeRatio": 0.0502014775,
        "totalOtherIncomeExpensesNet": -82000000,
        "incomeBeforeTax": 217000000,
        "incomeBeforeTaxRatio": 0.0364338482,
        "incomeTaxExpense": 31000000,
        "netIncome": 186000000,
        "netIncomeRatio": 0.0312290128,
        "eps": 1.69,
        "epsdiluted": 1.68,
        "weightedAverageShsOut": 110000000,
        "weightedAverageShsOutDil": 111000000,
        "link": "https://www.sec.gov/Archives/edgar/data/885639/000095017024034691/0000950170-24-034691-index.htm",
        "finalLink": "https://www.sec.gov/Archives/edgar/data/885639/000095017024034691/kss-20240203.htm"
    },
    {
        "date": "2023-10-28",
        "symbol": "KSS",
        "reportedCurrency": "USD",
        "cik": "0000885639",
        "fillingDate": "2023-11-30",
        "acceptedDate": "2023-11-30 16:05:24",
        "calendarYear": "2023",
        "period": "Q3",
        "revenue": 4054000000,
        "costOfRevenue": 2349000000,
        "grossProfit": 1705000000,
        "grossProfitRatio": 0.4205722743,
        "researchAndDevelopmentExpenses": 0,
        "generalAndAdministrativeExpenses": 0,
        "sellingAndMarketingExpenses": 0,
        "sellingGeneralAndAdministrativeExpenses": 1360000000,
        "otherExpenses": 0,
        "operatingExpenses": 1548000000,
        "costAndExpenses": 3897000000,
        "interestIncome": 0,
        "interestExpense": 89000000,
        "depreciationAndAmortization": 188000000,
        "ebitda": 345000000,
        "ebitdaratio": 0.0851011347,
        "operatingIncome": 157000000,
        "operatingIncomeRatio": 0.038727183,
        "totalOtherIncomeExpensesNet": -89000000,
        "incomeBeforeTax": 68000000,
        "incomeBeforeTaxRatio": 0.016773557,
        "incomeTaxExpense": 9000000,
        "netIncome": 59000000,
        "netIncomeRatio": 0.0145535274,
        "eps": 0.54,
        "epsdiluted": 0.53,
        "weightedAverageShsOut": 110000000,
        "weightedAverageShsOutDil": 111000000,
        "link": "https://www.sec.gov/Archives/edgar/data/885639/000095017023067031/0000950170-23-067031-index.htm",
        "finalLink": "https://www.sec.gov/Archives/edgar/data/885639/000095017023067031/kss-20231028.htm"
    },
    {
        "date": "2023-07-29",
        "symbol": "KSS",
        "reportedCurrency": "USD",
        "cik": "0000885639",
        "fillingDate": "2023-08-31",
        "acceptedDate": "2023-08-31 16:24:47",
        "calendarYear": "2023",
        "period": "Q2",
        "revenue": 3895000000,
        "costOfRevenue": 2242000000,
        "grossProfit": 1653000000,
        "grossProfitRatio": 0.4243902439,
        "researchAndDevelopmentExpenses": 0,
        "generalAndAdministrativeExpenses": 0,
        "sellingAndMarketingExpenses": 0,
        "sellingGeneralAndAdministrativeExpenses": 1304000000,
        "otherExpenses": 0,
        "operatingExpenses": 1490000000,
        "costAndExpenses": 3732000000,
        "interestIncome": 0,
        "interestExpense": 89000000,
        "depreciationAndAmortization": 209000000,
        "ebitda": 349000000,
        "ebitdaratio": 0.0896020539,
        "operatingIncome": 163000000,
        "operatingIncomeRatio": 0.0418485237,
        "totalOtherIncomeExpensesNet": -89000000,
        "incomeBeforeTax": 74000000,
        "incomeBeforeTaxRatio": 0.0189987163,
        "incomeTaxExpense": 16000000,
        "netIncome": 58000000,
        "netIncomeRatio": 0.0148908858,
        "eps": 0.53,
        "epsdiluted": 0.52,
        "weightedAverageShsOut": 110000000,
        "weightedAverageShsOutDil": 111000000,
        "link": "https://www.sec.gov/Archives/edgar/data/885639/000095017023045806/0000950170-23-045806-index.htm",
        "finalLink": "https://www.sec.gov/Archives/edgar/data/885639/000095017023045806/kss-20230729.htm"
    },
    {
        "date": "2023-04-29",
        "symbol": "KSS",
        "reportedCurrency": "USD",
        "cik": "0000885639",
        "fillingDate": "2023-06-01",
        "acceptedDate": "2023-06-01 16:06:15",
        "calendarYear": "2023",
        "period": "Q1",
        "revenue": 3571000000,
        "costOfRevenue": 2047000000,
        "grossProfit": 1524000000,
        "grossProfitRatio": 0.4267712125,
        "researchAndDevelopmentExpenses": 0,
        "generalAndAdministrativeExpenses": 0,
        "sellingAndMarketingExpenses": 0,
        "sellingGeneralAndAdministrativeExpenses": 1238000000,
        "otherExpenses": 188000000,
        "operatingExpenses": 1426000000,
        "costAndExpenses": 3473000000,
        "interestIncome": 0,
        "interestExpense": 84000000,
        "depreciationAndAmortization": 188000000,
        "ebitda": 286000000,
        "ebitdaratio": 0.0800896108,
        "operatingIncome": 98000000,
        "operatingIncomeRatio": 0.0274432932,
        "totalOtherIncomeExpensesNet": -84000000,
        "incomeBeforeTax": 14000000,
        "incomeBeforeTaxRatio": 0.0039204705,
        "incomeTaxExpense": 0,
        "netIncome": 14000000,
        "netIncomeRatio": 0.0039204705,
        "eps": 0.13,
        "epsdiluted": 0.13,
        "weightedAverageShsOut": 110000000,
        "weightedAverageShsOutDil": 111000000,
        "link": "https://www.sec.gov/Archives/edgar/data/885639/000095017023025689/0000950170-23-025689-index.htm",
        "finalLink": "https://www.sec.gov/Archives/edgar/data/885639/000095017023025689/kss-20230429.htm"
    },
    {
        "date": "2023-01-28",
        "symbol": "KSS",
        "reportedCurrency": "USD",
        "cik": "0000885639",
        "fillingDate": "2023-03-16",
        "acceptedDate": "2023-03-16 16:06:00",
        "calendarYear": "2022",
        "period": "Q4",
        "revenue": 6019000000,
        "costOfRevenue": 4444000000,
        "grossProfit": 1575000000,
        "grossProfitRatio": 0.261671374,
        "researchAndDevelopmentExpenses": 0,
        "generalAndAdministrativeExpenses": 0,
        "sellingAndMarketingExpenses": 0,
        "sellingGeneralAndAdministrativeExpenses": 1677000000,
        "otherExpenses": 200000000,
        "operatingExpenses": 1877000000,
        "costAndExpenses": 6321000000,
        "interestIncome": 0,
        "interestExpense": 78000000,
        "depreciationAndAmortization": 200000000,
        "ebitda": -102000000,
        "ebitdaratio": -0.0169463366,
        "operatingIncome": -302000000,
        "operatingIncomeRatio": -0.0501744476,
        "totalOtherIncomeExpensesNet": -78000000,
        "incomeBeforeTax": -380000000,
        "incomeBeforeTaxRatio": -0.0631334109,
        "incomeTaxExpense": -107000000,
        "netIncome": -273000000,
        "netIncomeRatio": -0.0453563715,
        "eps": -2.48,
        "epsdiluted": -2.48,
        "weightedAverageShsOut": 110000000,
        "weightedAverageShsOutDil": 110000000,
        "link": "https://www.sec.gov/Archives/edgar/data/885639/000095017023008444/0000950170-23-008444-index.htm",
        "finalLink": "https://www.sec.gov/Archives/edgar/data/885639/000095017023008444/kss-20230128.htm"
    },
    {
        "date": "2022-10-29",
        "symbol": "KSS",
        "reportedCurrency": "USD",
        "cik": "0000885639",
        "fillingDate": "2022-12-01",
        "acceptedDate": "2022-12-01 16:00:46",
        "calendarYear": "2022",
        "period": "Q3",
        "revenue": 4277000000,
        "costOfRevenue": 2541000000,
        "grossProfit": 1736000000,
        "grossProfitRatio": 0.4058919804,
        "researchAndDevelopmentExpenses": 0,
        "generalAndAdministrativeExpenses": 0,
        "sellingAndMarketingExpenses": 0,
        "sellingGeneralAndAdministrativeExpenses": 1334000000,
        "otherExpenses": 202000000,
        "operatingExpenses": 1536000000,
        "costAndExpenses": 4077000000,
        "interestIncome": 0,
        "interestExpense": 81000000,
        "depreciationAndAmortization": 202000000,
        "ebitda": 402000000,
        "ebitdaratio": 0.0939911153,
        "operatingIncome": 200000000,
        "operatingIncomeRatio": 0.0467617489,
        "totalOtherIncomeExpensesNet": -81000000,
        "incomeBeforeTax": 119000000,
        "incomeBeforeTaxRatio": 0.0278232406,
        "incomeTaxExpense": 22000000,
        "netIncome": 97000000,
        "netIncomeRatio": 0.0226794482,
        "eps": 0.82,
        "epsdiluted": 0.82,
        "weightedAverageShsOut": 118000000,
        "weightedAverageShsOutDil": 119000000,
        "link": "https://www.sec.gov/Archives/edgar/data/885639/000095017022025950/0000950170-22-025950-index.htm",
        "finalLink": "https://www.sec.gov/Archives/edgar/data/885639/000095017022025950/kss-20221029.htm"
    },
    {
        "date": "2022-07-30",
        "symbol": "KSS",
        "reportedCurrency": "USD",
        "cik": "0000885639",
        "fillingDate": "2022-09-01",
        "acceptedDate": "2022-09-01 16:01:06",
        "calendarYear": "2022",
        "period": "Q2",
        "revenue": 4087000000,
        "costOfRevenue": 2538000000,
        "grossProfit": 1549000000,
        "grossProfitRatio": 0.3790066063,
        "researchAndDevelopmentExpenses": 0,
        "generalAndAdministrativeExpenses": 0,
        "sellingAndMarketingExpenses": 0,
        "sellingGeneralAndAdministrativeExpenses": 1283000000,
        "otherExpenses": 0,
        "operatingExpenses": 1283000000,
        "costAndExpenses": 3821000000,
        "interestIncome": 0,
        "interestExpense": 77000000,
        "depreciationAndAmortization": 231000000,
        "ebitda": 472000000,
        "ebitdaratio": 0.1154881331,
        "operatingIncome": 266000000,
        "operatingIncomeRatio": 0.065084414,
        "totalOtherIncomeExpensesNet": -77000000,
        "incomeBeforeTax": 189000000,
        "incomeBeforeTaxRatio": 0.0462441889,
        "incomeTaxExpense": 46000000,
        "netIncome": 143000000,
        "netIncomeRatio": 0.0349889895,
        "eps": 1.13,
        "epsdiluted": 1.12,
        "weightedAverageShsOut": 127000000,
        "weightedAverageShsOutDil": 128000000,
        "link": "https://www.sec.gov/Archives/edgar/data/885639/000095017022018031/0000950170-22-018031-index.htm",
        "finalLink": "https://www.sec.gov/Archives/edgar/data/885639/000095017022018031/kss-20220730.htm"
    },
    {
        "date": "2022-04-30",
        "symbol": "KSS",
        "reportedCurrency": "USD",
        "cik": "0000885639",
        "fillingDate": "2022-06-02",
        "acceptedDate": "2022-06-02 16:01:00",
        "calendarYear": "2022",
        "period": "Q1",
        "revenue": 3715000000,
        "costOfRevenue": 2140000000,
        "grossProfit": 1575000000,
        "grossProfitRatio": 0.4239569314,
        "researchAndDevelopmentExpenses": 0,
        "generalAndAdministrativeExpenses": 0,
        "sellingAndMarketingExpenses": 0,
        "sellingGeneralAndAdministrativeExpenses": 1293000000,
        "otherExpenses": 200000000,
        "operatingExpenses": 1493000000,
        "costAndExpenses": 3633000000,
        "interestIncome": 0,
        "interestExpense": 68000000,
        "depreciationAndAmortization": 231000000,
        "ebitda": 282000000,
        "ebitdaratio": 0.0759084791,
        "operatingIncome": 82000000,
        "operatingIncomeRatio": 0.0220726783,
        "totalOtherIncomeExpensesNet": -68000000,
        "incomeBeforeTax": 14000000,
        "incomeBeforeTaxRatio": 0.0037685061,
        "incomeTaxExpense": 68000000,
        "netIncome": -54000000,
        "netIncomeRatio": -0.0145356662,
        "eps": -0.43,
        "epsdiluted": -0.42,
        "weightedAverageShsOut": 127000000,
        "weightedAverageShsOutDil": 129000000,
        "link": "https://www.sec.gov/Archives/edgar/data/885639/000095017022011077/0000950170-22-011077-index.htm",
        "finalLink": "https://www.sec.gov/Archives/edgar/data/885639/000095017022011077/kss-20220430.htm"
    },
    {
        "date": "2022-01-29",
        "symbol": "KSS",
        "reportedCurrency": "USD",
        "cik": "0000885639",
        "fillingDate": "2022-03-17",
        "acceptedDate": "2022-03-17 16:02:46",
        "calendarYear": "2021",
        "period": "Q4",
        "revenue": 6499000000,
        "costOfRevenue": 4155000000,
        "grossProfit": 2344000000,
        "grossProfitRatio": 0.3606708724,
        "researchAndDevelopmentExpenses": 0,
        "generalAndAdministrativeExpenses": 794000000,
        "sellingAndMarketingExpenses": 893000000,
        "sellingGeneralAndAdministrativeExpenses": 1687000000,
        "otherExpenses": 207000000,
        "operatingExpenses": 1894000000,
        "costAndExpenses": 6049000000,
        "interestIncome": 0,
        "interestExpense": 65000000,
        "depreciationAndAmortization": 207000000,
        "ebitda": 657000000,
        "ebitdaratio": 0.1010924758,
        "operatingIncome": 450000000,
        "operatingIncomeRatio": 0.0692414218,
        "totalOtherIncomeExpensesNet": -65000000,
        "incomeBeforeTax": 385000000,
        "incomeBeforeTaxRatio": 0.0592398831,
        "incomeTaxExpense": 86000000,
        "netIncome": 299000000,
        "netIncomeRatio": 0.046007078,
        "eps": 2.23,
        "epsdiluted": 2.2,
        "weightedAverageShsOut": 134000000,
        "weightedAverageShsOutDil": 136000000,
        "link": "https://www.sec.gov/Archives/edgar/data/885639/000095017022004076/0000950170-22-004076-index.htm",
        "finalLink": "https://www.sec.gov/Archives/edgar/data/885639/000095017022004076/kss-20220129.htm"
    },
    {
        "date": "2021-10-30",
        "symbol": "KSS",
        "reportedCurrency": "USD",
        "cik": "0000885639",
        "fillingDate": "2021-12-02",
        "acceptedDate": "2021-12-02 16:03:34",
        "calendarYear": "2021",
        "period": "Q3",
        "revenue": 4600000000,
        "costOfRevenue": 2623000000,
        "grossProfit": 1977000000,
        "grossProfitRatio": 0.4297826087,
        "researchAndDevelopmentExpenses": 0,
        "generalAndAdministrativeExpenses": 0,
        "sellingAndMarketingExpenses": 0,
        "sellingGeneralAndAdministrativeExpenses": 1380000000,
        "otherExpenses": 210000000,
        "operatingExpenses": 1590000000,
        "costAndExpenses": 4213000000,
        "interestIncome": 0,
        "interestExpense": 66000000,
        "depreciationAndAmortization": 243000000,
        "ebitda": 597000000,
        "ebitdaratio": 0.1297826087,
        "operatingIncome": 387000000,
        "operatingIncomeRatio": 0.0841304348,
        "totalOtherIncomeExpensesNet": -66000000,
        "incomeBeforeTax": 321000000,
        "incomeBeforeTaxRatio": 0.0697826087,
        "incomeTaxExpense": 78000000,
        "netIncome": 243000000,
        "netIncomeRatio": 0.052826087,
        "eps": 1.67,
        "epsdiluted": 1.65,
        "weightedAverageShsOut": 145000000,
        "weightedAverageShsOutDil": 147000000,
        "link": "https://www.sec.gov/Archives/edgar/data/885639/000095017021005013/0000950170-21-005013-index.htm",
        "finalLink": "https://www.sec.gov/Archives/edgar/data/885639/000095017021005013/kss-20211030.htm"
    },
    {
        "date": "2021-07-31",
        "symbol": "KSS",
        "reportedCurrency": "USD",
        "cik": "0000885639",
        "fillingDate": "2021-09-02",
        "acceptedDate": "2021-09-02 16:01:09",
        "calendarYear": "2021",
        "period": "Q2",
        "revenue": 4447000000,
        "costOfRevenue": 2426000000,
        "grossProfit": 2021000000,
        "grossProfitRatio": 0.4544636834,
        "researchAndDevelopmentExpenses": 0,
        "generalAndAdministrativeExpenses": 0,
        "sellingAndMarketingExpenses": 0,
        "sellingGeneralAndAdministrativeExpenses": 1241000000,
        "otherExpenses": 210000000,
        "operatingExpenses": 1451000000,
        "costAndExpenses": 3877000000,
        "interestIncome": 0,
        "interestExpense": 62000000,
        "depreciationAndAmortization": 246000000,
        "ebitda": 780000000,
        "ebitdaratio": 0.1753991455,
        "operatingIncome": 570000000,
        "operatingIncomeRatio": 0.1281762986,
        "totalOtherIncomeExpensesNet": -62000000,
        "incomeBeforeTax": 508000000,
        "incomeBeforeTaxRatio": 0.1142343153,
        "incomeTaxExpense": 126000000,
        "netIncome": 382000000,
        "netIncomeRatio": 0.0859006072,
        "eps": 2.51,
        "epsdiluted": 2.48,
        "weightedAverageShsOut": 152000000,
        "weightedAverageShsOutDil": 154000000,
        "link": "https://www.sec.gov/Archives/edgar/data/885639/000095017021001654/0000950170-21-001654-index.htm",
        "finalLink": "https://www.sec.gov/Archives/edgar/data/885639/000095017021001654/kss-20210731.htm"
    },
    {
        "date": "2021-05-01",
        "symbol": "KSS",
        "reportedCurrency": "USD",
        "cik": "0000885639",
        "fillingDate": "2021-06-03",
        "acceptedDate": "2021-06-03 16:04:05",
        "calendarYear": "2021",
        "period": "Q1",
        "revenue": 3887000000,
        "costOfRevenue": 2233000000,
        "grossProfit": 1654000000,
        "grossProfitRatio": 0.4255209673,
        "researchAndDevelopmentExpenses": 0,
        "generalAndAdministrativeExpenses": 0,
        "sellingAndMarketingExpenses": 0,
        "sellingGeneralAndAdministrativeExpenses": 1170000000,
        "otherExpenses": 211000000,
        "operatingExpenses": 1381000000,
        "costAndExpenses": 3614000000,
        "interestIncome": 0,
        "interestExpense": 67000000,
        "depreciationAndAmortization": 249000000,
        "ebitda": 283000000,
        "ebitdaratio": 0.0728067919,
        "operatingIncome": 273000000,
        "operatingIncomeRatio": 0.0702341137,
        "totalOtherIncomeExpensesNet": -268000000,
        "incomeBeforeTax": 5000000,
        "incomeBeforeTaxRatio": 0.0012863391,
        "incomeTaxExpense": -9000000,
        "netIncome": 14000000,
        "netIncomeRatio": 0.0036017494,
        "eps": 0.09,
        "epsdiluted": 0.09,
        "weightedAverageShsOut": 154000000,
        "weightedAverageShsOutDil": 156000000,
        "link": "https://www.sec.gov/Archives/edgar/data/885639/000156459021031563/0001564590-21-031563-index.htm",
        "finalLink": "https://www.sec.gov/Archives/edgar/data/885639/000156459021031563/kss-10q_20210501.htm"
    },
    {
        "date": "2021-01-30",
        "symbol": "KSS",
        "reportedCurrency": "USD",
        "cik": "0000885639",
        "fillingDate": "2021-03-18",
        "acceptedDate": "2021-03-18 16:03:57",
        "calendarYear": "2020",
        "period": "Q4",
        "revenue": 6141000000,
        "costOfRevenue": 4000000000,
        "grossProfit": 2141000000,
        "grossProfitRatio": 0.3486402866,
        "researchAndDevelopmentExpenses": 0,
        "generalAndAdministrativeExpenses": 815000000,
        "sellingAndMarketingExpenses": 788000000,
        "sellingGeneralAndAdministrativeExpenses": 1603000000,
        "otherExpenses": 218000000,
        "operatingExpenses": 1821000000,
        "costAndExpenses": 5821000000,
        "interestIncome": 0,
        "interestExpense": 70000000,
        "depreciationAndAmortization": 218000000,
        "ebitda": 538000000,
        "ebitdaratio": 0.0876078815,
        "operatingIncome": 316000000,
        "operatingIncomeRatio": 0.0514574174,
        "totalOtherIncomeExpensesNet": -74000000,
        "incomeBeforeTax": 246000000,
        "incomeBeforeTaxRatio": 0.0400586224,
        "incomeTaxExpense": -97000000,
        "netIncome": 343000000,
        "netIncomeRatio": 0.0558540954,
        "eps": 2.23,
        "epsdiluted": 2.2,
        "weightedAverageShsOut": 154000000,
        "weightedAverageShsOutDil": 156000000,
        "link": "https://www.sec.gov/Archives/edgar/data/885639/000156459021014145/0001564590-21-014145-index.htm",
        "finalLink": "https://www.sec.gov/Archives/edgar/data/885639/000156459021014145/kss-10k_20210130.htm"
    },
    {
        "date": "2020-10-31",
        "symbol": "KSS",
        "reportedCurrency": "USD",
        "cik": "0000885639",
        "fillingDate": "2020-12-03",
        "acceptedDate": "2020-12-03 16:00:45",
        "calendarYear": "2020",
        "period": "Q3",
        "revenue": 3979000000,
        "costOfRevenue": 2424000000,
        "grossProfit": 1555000000,
        "grossProfitRatio": 0.390801709,
        "researchAndDevelopmentExpenses": 0,
        "generalAndAdministrativeExpenses": 0,
        "sellingAndMarketingExpenses": 0,
        "sellingGeneralAndAdministrativeExpenses": 1302000000,
        "otherExpenses": 210000000,
        "operatingExpenses": 1512000000,
        "costAndExpenses": 3936000000,
        "interestIncome": 0,
        "interestExpense": 78000000,
        "depreciationAndAmortization": 210000000,
        "ebitda": 232000000,
        "ebitdaratio": 0.0583061071,
        "operatingIncome": 22000000,
        "operatingIncomeRatio": 0.0055290274,
        "totalOtherIncomeExpensesNet": -78000000,
        "incomeBeforeTax": -56000000,
        "incomeBeforeTaxRatio": -0.0140738879,
        "incomeTaxExpense": -44000000,
        "netIncome": -12000000,
        "netIncomeRatio": -0.0030158331,
        "eps": -0.08,
        "epsdiluted": -0.0779,
        "weightedAverageShsOut": 150000000,
        "weightedAverageShsOutDil": 154000000,
        "link": "https://www.sec.gov/Archives/edgar/data/885639/000156459020056061/0001564590-20-056061-index.htm",
        "finalLink": "https://www.sec.gov/Archives/edgar/data/885639/000156459020056061/kss-10q_20201031.htm"
    },
    {
        "date": "2020-08-01",
        "symbol": "KSS",
        "reportedCurrency": "USD",
        "cik": "0000885639",
        "fillingDate": "2020-09-03",
        "acceptedDate": "2020-09-03 16:01:21",
        "calendarYear": "2020",
        "period": "Q2",
        "revenue": 3407000000,
        "costOfRevenue": 2149000000,
        "grossProfit": 1258000000,
        "grossProfitRatio": 0.3692398004,
        "researchAndDevelopmentExpenses": 0,
        "generalAndAdministrativeExpenses": 0,
        "sellingAndMarketingExpenses": 0,
        "sellingGeneralAndAdministrativeExpenses": 1050000000,
        "otherExpenses": 219000000,
        "operatingExpenses": 1269000000,
        "costAndExpenses": 3418000000,
        "interestIncome": 0,
        "interestExpense": 78000000,
        "depreciationAndAmortization": 219000000,
        "ebitda": 337000000,
        "ebitdaratio": 0.0989140006,
        "operatingIncome": 118000000,
        "operatingIncomeRatio": 0.0346345759,
        "totalOtherIncomeExpensesNet": -78000000,
        "incomeBeforeTax": 40000000,
        "incomeBeforeTaxRatio": 0.0117405342,
        "incomeTaxExpense": -7000000,
        "netIncome": 47000000,
        "netIncomeRatio": 0.0137951277,
        "eps": 0.31,
        "epsdiluted": 0.3,
        "weightedAverageShsOut": 154000000,
        "weightedAverageShsOutDil": 155000000,
        "link": "https://www.sec.gov/Archives/edgar/data/885639/000156459020042509/0001564590-20-042509-index.htm",
        "finalLink": "https://www.sec.gov/Archives/edgar/data/885639/000156459020042509/kss-10q_20200801.htm"
    },
    {
        "date": "2020-05-02",
        "symbol": "KSS",
        "reportedCurrency": "USD",
        "cik": "0000885639",
        "fillingDate": "2020-06-05",
        "acceptedDate": "2020-06-05 16:01:17",
        "calendarYear": "2020",
        "period": "Q1",
        "revenue": 2428000000,
        "costOfRevenue": 1787000000,
        "grossProfit": 641000000,
        "grossProfitRatio": 0.2640032949,
        "researchAndDevelopmentExpenses": 0,
        "generalAndAdministrativeExpenses": 0,
        "sellingAndMarketingExpenses": 0,
        "sellingGeneralAndAdministrativeExpenses": 1066000000,
        "otherExpenses": 227000000,
        "operatingExpenses": 1293000000,
        "costAndExpenses": 3080000000,
        "interestIncome": 0,
        "interestExpense": 58000000,
        "depreciationAndAmortization": 227000000,
        "ebitda": -491000000,
        "ebitdaratio": -0.2022240527,
        "operatingIncome": -718000000,
        "operatingIncomeRatio": -0.2957166392,
        "totalOtherIncomeExpensesNet": -58000000,
        "incomeBeforeTax": -776000000,
        "incomeBeforeTaxRatio": -0.3196046129,
        "incomeTaxExpense": -235000000,
        "netIncome": -541000000,
        "netIncomeRatio": -0.2228171334,
        "eps": -3.52,
        "epsdiluted": -3.51,
        "weightedAverageShsOut": 153693181,
        "weightedAverageShsOutDil": 154000000,
        "link": "https://www.sec.gov/Archives/edgar/data/885639/000156459020028487/0001564590-20-028487-index.htm",
        "finalLink": "https://www.sec.gov/Archives/edgar/data/885639/000156459020028487/kss-10q_20200502.htm"
    },
    {
        "date": "2020-02-01",
        "symbol": "KSS",
        "reportedCurrency": "USD",
        "cik": "0000885639",
        "fillingDate": "2020-03-18",
        "acceptedDate": "2020-03-18 07:01:49",
        "calendarYear": "2019",
        "period": "Q4",
        "revenue": 6832000000,
        "costOfRevenue": 4400000000,
        "grossProfit": 2432000000,
        "grossProfitRatio": 0.355971897,
        "researchAndDevelopmentExpenses": 21000000,
        "generalAndAdministrativeExpenses": 716000000,
        "sellingAndMarketingExpenses": 1026000000,
        "sellingGeneralAndAdministrativeExpenses": 1742000000,
        "otherExpenses": 230000000,
        "operatingExpenses": 1974000000,
        "costAndExpenses": 6374000000,
        "interestIncome": 0,
        "interestExpense": 50000000,
        "depreciationAndAmortization": 230000000,
        "ebitda": 689000000,
        "ebitdaratio": 0.1008489461,
        "operatingIncome": 401000000,
        "operatingIncomeRatio": 0.0586943794,
        "totalOtherIncomeExpensesNet": -108000000,
        "incomeBeforeTax": 351000000,
        "incomeBeforeTaxRatio": 0.0513758782,
        "incomeTaxExpense": 86000000,
        "netIncome": 265000000,
        "netIncomeRatio": 0.0387880562,
        "eps": 1.72,
        "epsdiluted": 1.72,
        "weightedAverageShsOut": 154000000,
        "weightedAverageShsOutDil": 154000000,
        "link": "https://www.sec.gov/Archives/edgar/data/885639/000156459020011512/0001564590-20-011512-index.htm",
        "finalLink": "https://www.sec.gov/Archives/edgar/data/885639/000156459020011512/kss-10k_20200201.htm"
    },
    {
        "date": "2019-11-02",
        "symbol": "KSS",
        "reportedCurrency": "USD",
        "cik": "0000885639",
        "fillingDate": "2019-12-06",
        "acceptedDate": "2019-12-06 16:01:49",
        "calendarYear": "2019",
        "period": "Q3",
        "revenue": 4625000000,
        "costOfRevenue": 2775000000,
        "grossProfit": 1850000000,
        "grossProfitRatio": 0.4,
        "researchAndDevelopmentExpenses": 0,
        "generalAndAdministrativeExpenses": 0,
        "sellingAndMarketingExpenses": 0,
        "sellingGeneralAndAdministrativeExpenses": 1419000000,
        "otherExpenses": 227000000,
        "operatingExpenses": 1646000000,
        "costAndExpenses": 4421000000,
        "interestIncome": 0,
        "interestExpense": 52000000,
        "depreciationAndAmortization": 229000000,
        "ebitda": 442000000,
        "ebitdaratio": 0.0955675676,
        "operatingIncome": 204000000,
        "operatingIncomeRatio": 0.0441081081,
        "totalOtherIncomeExpensesNet": -43000000,
        "incomeBeforeTax": 161000000,
        "incomeBeforeTaxRatio": 0.0348108108,
        "incomeTaxExpense": 38000000,
        "netIncome": 123000000,
        "netIncomeRatio": 0.0265945946,
        "eps": 0.79,
        "epsdiluted": 0.78,
        "weightedAverageShsOut": 156000000,
        "weightedAverageShsOutDil": 157000000,
        "link": "https://www.sec.gov/Archives/edgar/data/885639/000156459019045466/0001564590-19-045466-index.htm",
        "finalLink": "https://www.sec.gov/Archives/edgar/data/885639/000156459019045466/kss-10q_20191102.htm"
    },
    {
        "date": "2019-08-03",
        "symbol": "KSS",
        "reportedCurrency": "USD",
        "cik": "0000885639",
        "fillingDate": "2019-09-06",
        "acceptedDate": "2019-09-06 16:01:58",
        "calendarYear": "2019",
        "period": "Q2",
        "revenue": 4430000000,
        "costOfRevenue": 2550000000,
        "grossProfit": 1880000000,
        "grossProfitRatio": 0.4243792325,
        "researchAndDevelopmentExpenses": 0,
        "generalAndAdministrativeExpenses": 0,
        "sellingAndMarketingExpenses": 0,
        "sellingGeneralAndAdministrativeExpenses": 1269000000,
        "otherExpenses": 228000000,
        "operatingExpenses": 1497000000,
        "costAndExpenses": 4047000000,
        "interestIncome": 0,
        "interestExpense": 53000000,
        "depreciationAndAmortization": 228000000,
        "ebitda": 611000000,
        "ebitdaratio": 0.1379232506,
        "operatingIncome": 376000000,
        "operatingIncomeRatio": 0.0848758465,
        "totalOtherIncomeExpensesNet": -53000000,
        "incomeBeforeTax": 323000000,
        "incomeBeforeTaxRatio": 0.0729119639,
        "incomeTaxExpense": 82000000,
        "netIncome": 241000000,
        "netIncomeRatio": 0.0544018059,
        "eps": 1.52,
        "epsdiluted": 1.51,
        "weightedAverageShsOut": 159000000,
        "weightedAverageShsOutDil": 159000000,
        "link": "https://www.sec.gov/Archives/edgar/data/885639/000156459019034259/0001564590-19-034259-index.htm",
        "finalLink": "https://www.sec.gov/Archives/edgar/data/885639/000156459019034259/kss-10q_20190803.htm"
    },
    {
        "date": "2019-05-04",
        "symbol": "KSS",
        "reportedCurrency": "USD",
        "cik": "0000885639",
        "fillingDate": "2019-06-07",
        "acceptedDate": "2019-06-07 16:01:41",
        "calendarYear": "2019",
        "period": "Q1",
        "revenue": 4087000000,
        "costOfRevenue": 2415000000,
        "grossProfit": 1672000000,
        "grossProfitRatio": 0.4091020308,
        "researchAndDevelopmentExpenses": 0,
        "generalAndAdministrativeExpenses": 0,
        "sellingAndMarketingExpenses": 0,
        "sellingGeneralAndAdministrativeExpenses": 1275000000,
        "otherExpenses": 230000000,
        "operatingExpenses": 1505000000,
        "costAndExpenses": 3920000000,
        "interestIncome": 0,
        "interestExpense": 52000000,
        "depreciationAndAmortization": 230000000,
        "ebitda": 397000000,
        "ebitdaratio": 0.0971372645,
        "operatingIncome": 118000000,
        "operatingIncomeRatio": 0.0288720333,
        "totalOtherIncomeExpensesNet": -52000000,
        "incomeBeforeTax": 66000000,
        "incomeBeforeTaxRatio": 0.0161487644,
        "incomeTaxExpense": 4000000,
        "netIncome": 62000000,
        "netIncomeRatio": 0.0151700514,
        "eps": 0.38,
        "epsdiluted": 0.38,
        "weightedAverageShsOut": 161000000,
        "weightedAverageShsOutDil": 162000000,
        "link": "https://www.sec.gov/Archives/edgar/data/885639/000156459019022025/0001564590-19-022025-index.htm",
        "finalLink": "https://www.sec.gov/Archives/edgar/data/885639/000156459019022025/kss-10q_20190504.htm"
    },
    {
        "date": "2019-02-02",
        "symbol": "KSS",
        "reportedCurrency": "USD",
        "cik": "0000885639",
        "fillingDate": "2019-03-22",
        "acceptedDate": "2019-03-22 16:01:52",
        "calendarYear": "2018",
        "period": "Q4",
        "revenue": 6823000000,
        "costOfRevenue": 4345000000,
        "grossProfit": 2478000000,
        "grossProfitRatio": 0.3631833504,
        "researchAndDevelopmentExpenses": 0,
        "generalAndAdministrativeExpenses": 704000000,
        "sellingAndMarketingExpenses": 990000000,
        "sellingGeneralAndAdministrativeExpenses": 1694000000,
        "otherExpenses": 239000000,
        "operatingExpenses": 1933000000,
        "costAndExpenses": 6278000000,
        "interestIncome": 0,
        "interestExpense": 59000000,
        "depreciationAndAmortization": 239000000,
        "ebitda": 659000000,
        "ebitdaratio": 0.0965850799,
        "operatingIncome": 441000000,
        "operatingIncomeRatio": 0.0646343251,
        "totalOtherIncomeExpensesNet": -80000000,
        "incomeBeforeTax": 362000000,
        "incomeBeforeTaxRatio": 0.0530558405,
        "incomeTaxExpense": 90000000,
        "netIncome": 272000000,
        "netIncomeRatio": 0.039865162,
        "eps": 1.68,
        "epsdiluted": 1.67,
        "weightedAverageShsOut": 162000000,
        "weightedAverageShsOutDil": 163000000,
        "link": "https://www.sec.gov/Archives/edgar/data/885639/000156459019009005/0001564590-19-009005-index.htm",
        "finalLink": "https://www.sec.gov/Archives/edgar/data/885639/000156459019009005/kss-10k_20190202.htm"
    },
    {
        "date": "2018-11-03",
        "symbol": "KSS",
        "reportedCurrency": "USD",
        "cik": "0000885639",
        "fillingDate": "2018-12-07",
        "acceptedDate": "2018-12-07 16:01:24",
        "calendarYear": "2018",
        "period": "Q3",
        "revenue": 4628000000,
        "costOfRevenue": 2752000000,
        "grossProfit": 1876000000,
        "grossProfitRatio": 0.4053586863,
        "researchAndDevelopmentExpenses": 0,
        "generalAndAdministrativeExpenses": 0,
        "sellingAndMarketingExpenses": 0,
        "sellingGeneralAndAdministrativeExpenses": 1375000000,
        "otherExpenses": 243000000,
        "operatingExpenses": 1618000000,
        "costAndExpenses": 4370000000,
        "interestIncome": 0,
        "interestExpense": 63000000,
        "depreciationAndAmortization": 242000000,
        "ebitda": 501000000,
        "ebitdaratio": 0.1082541054,
        "operatingIncome": 258000000,
        "operatingIncomeRatio": 0.0557476232,
        "totalOtherIncomeExpensesNet": -63000000,
        "incomeBeforeTax": 195000000,
        "incomeBeforeTaxRatio": 0.0421348315,
        "incomeTaxExpense": 34000000,
        "netIncome": 161000000,
        "netIncomeRatio": 0.0347882455,
        "eps": 0.98,
        "epsdiluted": 0.98,
        "weightedAverageShsOut": 164000000,
        "weightedAverageShsOutDil": 165000000,
        "link": "https://www.sec.gov/Archives/edgar/data/885639/000156459018030670/0001564590-18-030670-index.htm",
        "finalLink": "https://www.sec.gov/Archives/edgar/data/885639/000156459018030670/kss-10q_20181103.htm"
    },
    {
        "date": "2018-08-04",
        "symbol": "KSS",
        "reportedCurrency": "USD",
        "cik": "0000885639",
        "fillingDate": "2018-09-07",
        "acceptedDate": "2018-09-07 16:01:15",
        "calendarYear": "2018",
        "period": "Q2",
        "revenue": 4570000000,
        "costOfRevenue": 2605000000,
        "grossProfit": 1965000000,
        "grossProfitRatio": 0.4299781182,
        "researchAndDevelopmentExpenses": 0,
        "generalAndAdministrativeExpenses": 0,
        "sellingAndMarketingExpenses": 0,
        "sellingGeneralAndAdministrativeExpenses": 1272000000,
        "otherExpenses": 241000000,
        "operatingExpenses": 1513000000,
        "costAndExpenses": 4118000000,
        "interestIncome": 0,
        "interestExpense": 65000000,
        "depreciationAndAmortization": 240000000,
        "ebitda": 693000000,
        "ebitdaratio": 0.1516411379,
        "operatingIncome": 452000000,
        "operatingIncomeRatio": 0.0989059081,
        "totalOtherIncomeExpensesNet": -65000000,
        "incomeBeforeTax": 387000000,
        "incomeBeforeTaxRatio": 0.0846827133,
        "incomeTaxExpense": 95000000,
        "netIncome": 292000000,
        "netIncomeRatio": 0.0638949672,
        "eps": 1.77,
        "epsdiluted": 1.76,
        "weightedAverageShsOut": 165000000,
        "weightedAverageShsOutDil": 166000000,
        "link": "https://www.sec.gov/Archives/edgar/data/885639/000156459018022819/0001564590-18-022819-index.htm",
        "finalLink": "https://www.sec.gov/Archives/edgar/data/885639/000156459018022819/kss-10q_20180804.htm"
    },
    {
        "date": "2018-05-05",
        "symbol": "KSS",
        "reportedCurrency": "USD",
        "cik": "0000885639",
        "fillingDate": "2018-06-08",
        "acceptedDate": "2018-06-08 16:06:42",
        "calendarYear": "2018",
        "period": "Q1",
        "revenue": 4208000000,
        "costOfRevenue": 2496000000,
        "grossProfit": 1712000000,
        "grossProfitRatio": 0.4068441065,
        "researchAndDevelopmentExpenses": 0,
        "generalAndAdministrativeExpenses": 0,
        "sellingAndMarketingExpenses": 0,
        "sellingGeneralAndAdministrativeExpenses": 1259000000,
        "otherExpenses": 243000000,
        "operatingExpenses": 1502000000,
        "costAndExpenses": 3998000000,
        "interestIncome": 0,
        "interestExpense": 71000000,
        "depreciationAndAmortization": 243000000,
        "ebitda": 411000000,
        "ebitdaratio": 0.0976711027,
        "operatingIncome": 210000000,
        "operatingIncomeRatio": 0.049904943,
        "totalOtherIncomeExpensesNet": -113000000,
        "incomeBeforeTax": 97000000,
        "incomeBeforeTaxRatio": 0.0230513308,
        "incomeTaxExpense": 22000000,
        "netIncome": 75000000,
        "netIncomeRatio": 0.0178231939,
        "eps": 0.46,
        "epsdiluted": 0.45,
        "weightedAverageShsOut": 165000000,
        "weightedAverageShsOutDil": 167000000,
        "link": "https://www.sec.gov/Archives/edgar/data/885639/000156459018015303/0001564590-18-015303-index.htm",
        "finalLink": "https://www.sec.gov/Archives/edgar/data/885639/000156459018015303/kss-10q_20180505.htm"
    },
    {
        "date": "2018-02-03",
        "symbol": "KSS",
        "reportedCurrency": "USD",
        "cik": "0000885639",
        "fillingDate": "2018-03-23",
        "acceptedDate": "2018-03-23 16:01:37",
        "calendarYear": "2017",
        "period": "Q4",
        "revenue": 6776000000,
        "costOfRevenue": 4483000000,
        "grossProfit": 2293000000,
        "grossProfitRatio": 0.3384002361,
        "researchAndDevelopmentExpenses": 0,
        "generalAndAdministrativeExpenses": 473000000,
        "sellingAndMarketingExpenses": 986000000,
        "sellingGeneralAndAdministrativeExpenses": 1459000000,
        "otherExpenses": 267000000,
        "operatingExpenses": 1726000000,
        "costAndExpenses": 6209000000,
        "interestIncome": 0,
        "interestExpense": 74000000,
        "depreciationAndAmortization": 267000000,
        "ebitda": 834000000,
        "ebitdaratio": 0.123081464,
        "operatingIncome": 567000000,
        "operatingIncomeRatio": 0.083677686,
        "totalOtherIncomeExpensesNet": -74000000,
        "incomeBeforeTax": 493000000,
        "incomeBeforeTaxRatio": 0.0727567887,
        "incomeTaxExpense": 25000000,
        "netIncome": 468000000,
        "netIncomeRatio": 0.0690672963,
        "eps": 2.83,
        "epsdiluted": 2.81,
        "weightedAverageShsOut": 165000000,
        "weightedAverageShsOutDil": 167000000,
        "link": "https://www.sec.gov/Archives/edgar/data/885639/000156459018006671/0001564590-18-006671-index.htm",
        "finalLink": "https://www.sec.gov/Archives/edgar/data/885639/000156459018006671/kss-10k_20180203.htm"
    },
    {
        "date": "2017-10-28",
        "symbol": "KSS",
        "reportedCurrency": "USD",
        "cik": "0000885639",
        "fillingDate": "2017-12-01",
        "acceptedDate": "2017-12-01 16:03:10",
        "calendarYear": "2017",
        "period": "Q3",
        "revenue": 4332000000,
        "costOfRevenue": 2737000000,
        "grossProfit": 1595000000,
        "grossProfitRatio": 0.3681902124,
        "researchAndDevelopmentExpenses": 0,
        "generalAndAdministrativeExpenses": 0,
        "sellingAndMarketingExpenses": 0,
        "sellingGeneralAndAdministrativeExpenses": 1095000000,
        "otherExpenses": 243000000,
        "operatingExpenses": 1338000000,
        "costAndExpenses": 4075000000,
        "interestIncome": 0,
        "interestExpense": 74000000,
        "depreciationAndAmortization": 242000000,
        "ebitda": 500000000,
        "ebitdaratio": 0.1154201293,
        "operatingIncome": 257000000,
        "operatingIncomeRatio": 0.0593259464,
        "totalOtherIncomeExpensesNet": -74000000,
        "incomeBeforeTax": 183000000,
        "incomeBeforeTaxRatio": 0.0422437673,
        "incomeTaxExpense": 66000000,
        "netIncome": 117000000,
        "netIncomeRatio": 0.0270083102,
        "eps": 0.7,
        "epsdiluted": 0.7,
        "weightedAverageShsOut": 166000000,
        "weightedAverageShsOutDil": 166000000,
        "link": "https://www.sec.gov/Archives/edgar/data/885639/000088563917000030/0000885639-17-000030-index.htm",
        "finalLink": "https://www.sec.gov/Archives/edgar/data/885639/000088563917000030/kohls_10qxq3x2017.htm"
    },
    {
        "date": "2017-07-29",
        "symbol": "KSS",
        "reportedCurrency": "USD",
        "cik": "0000885639",
        "fillingDate": "2017-08-31",
        "acceptedDate": "2017-08-31 16:11:03",
        "calendarYear": "2017",
        "period": "Q2",
        "revenue": 4144000000,
        "costOfRevenue": 2511000000,
        "grossProfit": 1633000000,
        "grossProfitRatio": 0.3940637066,
        "researchAndDevelopmentExpenses": 0,
        "generalAndAdministrativeExpenses": 0,
        "sellingAndMarketingExpenses": 0,
        "sellingGeneralAndAdministrativeExpenses": 983000000,
        "otherExpenses": 243000000,
        "operatingExpenses": 1226000000,
        "costAndExpenses": 3737000000,
        "interestIncome": 0,
        "interestExpense": 75000000,
        "depreciationAndAmortization": 244000000,
        "ebitda": 651000000,
        "ebitdaratio": 0.1570945946,
        "operatingIncome": 407000000,
        "operatingIncomeRatio": 0.0982142857,
        "totalOtherIncomeExpensesNet": -75000000,
        "incomeBeforeTax": 332000000,
        "incomeBeforeTaxRatio": 0.0801158301,
        "incomeTaxExpense": 124000000,
        "netIncome": 208000000,
        "netIncomeRatio": 0.0501930502,
        "eps": 1.24,
        "epsdiluted": 1.24,
        "weightedAverageShsOut": 168000000,
        "weightedAverageShsOutDil": 168000000,
        "link": "https://www.sec.gov/Archives/edgar/data/885639/000088563917000022/0000885639-17-000022-index.htm",
        "finalLink": "https://www.sec.gov/Archives/edgar/data/885639/000088563917000022/kohls_10qxq2x2017.htm"
    },
    {
        "date": "2017-04-29",
        "symbol": "KSS",
        "reportedCurrency": "USD",
        "cik": "0000885639",
        "fillingDate": "2017-06-02",
        "acceptedDate": "2017-06-02 16:05:31",
        "calendarYear": "2017",
        "period": "Q1",
        "revenue": 3843000000,
        "costOfRevenue": 2445000000,
        "grossProfit": 1398000000,
        "grossProfitRatio": 0.3637782982,
        "researchAndDevelopmentExpenses": 0,
        "generalAndAdministrativeExpenses": 0,
        "sellingAndMarketingExpenses": 0,
        "sellingGeneralAndAdministrativeExpenses": 975000000,
        "otherExpenses": 238000000,
        "operatingExpenses": 1213000000,
        "costAndExpenses": 3658000000,
        "interestIncome": 0,
        "interestExpense": 76000000,
        "depreciationAndAmortization": 238000000,
        "ebitda": 423000000,
        "ebitdaratio": 0.1100702576,
        "operatingIncome": 185000000,
        "operatingIncomeRatio": 0.0481394744,
        "totalOtherIncomeExpensesNet": -76000000,
        "incomeBeforeTax": 109000000,
        "incomeBeforeTaxRatio": 0.0283632579,
        "incomeTaxExpense": 43000000,
        "netIncome": 66000000,
        "netIncomeRatio": 0.0171740827,
        "eps": 0.39,
        "epsdiluted": 0.39,
        "weightedAverageShsOut": 170000000,
        "weightedAverageShsOutDil": 171000000,
        "link": "https://www.sec.gov/Archives/edgar/data/885639/000088563917000015/0000885639-17-000015-index.htm",
        "finalLink": "https://www.sec.gov/Archives/edgar/data/885639/000088563917000015/kohls_10qxq1x2017.htm"
    },
    {
        "date": "2017-01-28",
        "symbol": "KSS",
        "reportedCurrency": "USD",
        "cik": "0000885639",
        "fillingDate": "2017-03-17",
        "acceptedDate": "2017-03-17 16:05:23",
        "calendarYear": "2016",
        "period": "Q4",
        "revenue": 6205000000,
        "costOfRevenue": 4133000000,
        "grossProfit": 2072000000,
        "grossProfitRatio": 0.3339242546,
        "researchAndDevelopmentExpenses": 0,
        "generalAndAdministrativeExpenses": 344000000,
        "sellingAndMarketingExpenses": 1016000000,
        "sellingGeneralAndAdministrativeExpenses": 1360000000,
        "otherExpenses": 238000000,
        "operatingExpenses": 1599000000,
        "costAndExpenses": 5732000000,
        "interestIncome": 0,
        "interestExpense": 75000000,
        "depreciationAndAmortization": 238000000,
        "ebitda": 712000000,
        "ebitdaratio": 0.1147461724,
        "operatingIncome": 473000000,
        "operatingIncomeRatio": 0.0762288477,
        "totalOtherIncomeExpensesNet": -75000000,
        "incomeBeforeTax": 398000000,
        "incomeBeforeTaxRatio": 0.0641418211,
        "incomeTaxExpense": 146000000,
        "netIncome": 252000000,
        "netIncomeRatio": 0.0406124093,
        "eps": 1.45,
        "epsdiluted": 1.44,
        "weightedAverageShsOut": 174000000,
        "weightedAverageShsOutDil": 175000000,
        "link": "https://www.sec.gov/Archives/edgar/data/885639/000088563917000007/0000885639-17-000007-index.htm",
        "finalLink": "https://www.sec.gov/Archives/edgar/data/885639/000088563917000007/kohls_10kx2016.htm"
    },
    {
        "date": "2016-10-29",
        "symbol": "KSS",
        "reportedCurrency": "USD",
        "cik": "0000885639",
        "fillingDate": "2016-12-02",
        "acceptedDate": "2016-12-02 16:05:50",
        "calendarYear": "2016",
        "period": "Q3",
        "revenue": 4327000000,
        "costOfRevenue": 2720000000,
        "grossProfit": 1607000000,
        "grossProfitRatio": 0.3713889531,
        "researchAndDevelopmentExpenses": 0,
        "generalAndAdministrativeExpenses": 0,
        "sellingAndMarketingExpenses": 0,
        "sellingGeneralAndAdministrativeExpenses": 1080000000,
        "otherExpenses": 232000000,
        "operatingExpenses": 1312000000,
        "costAndExpenses": 4032000000,
        "interestIncome": 0,
        "interestExpense": 76000000,
        "depreciationAndAmortization": 232000000,
        "ebitda": 533000000,
        "ebitdaratio": 0.1231800324,
        "operatingIncome": 301000000,
        "operatingIncomeRatio": 0.0695632078,
        "totalOtherIncomeExpensesNet": -76000000,
        "incomeBeforeTax": 225000000,
        "incomeBeforeTaxRatio": 0.0519990756,
        "incomeTaxExpense": 79000000,
        "netIncome": 146000000,
        "netIncomeRatio": 0.0337416224,
        "eps": 0.82,
        "epsdiluted": 0.82,
        "weightedAverageShsOut": 177000000,
        "weightedAverageShsOutDil": 177000000,
        "link": "https://www.sec.gov/Archives/edgar/data/885639/000088563916000057/0000885639-16-000057-index.htm",
        "finalLink": "https://www.sec.gov/Archives/edgar/data/885639/000088563916000057/kohls_10qxq3x2016.htm"
    },
    {
        "date": "2016-07-30",
        "symbol": "KSS",
        "reportedCurrency": "USD",
        "cik": "0000885639",
        "fillingDate": "2016-09-02",
        "acceptedDate": "2016-09-02 16:19:29",
        "calendarYear": "2016",
        "period": "Q2",
        "revenue": 4182000000,
        "costOfRevenue": 2532000000,
        "grossProfit": 1650000000,
        "grossProfitRatio": 0.3945480631,
        "researchAndDevelopmentExpenses": 0,
        "generalAndAdministrativeExpenses": 0,
        "sellingAndMarketingExpenses": 0,
        "sellingGeneralAndAdministrativeExpenses": 986000000,
        "otherExpenses": 234000000,
        "operatingExpenses": 1220000000,
        "costAndExpenses": 3752000000,
        "interestIncome": 0,
        "interestExpense": 78000000,
        "depreciationAndAmortization": 234000000,
        "ebitda": 664000000,
        "ebitdaratio": 0.1587757054,
        "operatingIncome": 302000000,
        "operatingIncomeRatio": 0.0722142516,
        "totalOtherIncomeExpensesNet": -78000000,
        "incomeBeforeTax": 224000000,
        "incomeBeforeTaxRatio": 0.0535628886,
        "incomeTaxExpense": 84000000,
        "netIncome": 140000000,
        "netIncomeRatio": 0.0334768054,
        "eps": 0.77,
        "epsdiluted": 0.77,
        "weightedAverageShsOut": 180000000,
        "weightedAverageShsOutDil": 181000000,
        "link": "https://www.sec.gov/Archives/edgar/data/885639/000088563916000051/0000885639-16-000051-index.htm",
        "finalLink": "https://www.sec.gov/Archives/edgar/data/885639/000088563916000051/kohls_10qxq2x2016.htm"
    },
    {
        "date": "2016-04-30",
        "symbol": "KSS",
        "reportedCurrency": "USD",
        "cik": "0000885639",
        "fillingDate": "2016-06-03",
        "acceptedDate": "2016-06-03 16:25:30",
        "calendarYear": "2016",
        "period": "Q1",
        "revenue": 3972000000,
        "costOfRevenue": 2560000000,
        "grossProfit": 1412000000,
        "grossProfitRatio": 0.3554884189,
        "researchAndDevelopmentExpenses": 0,
        "generalAndAdministrativeExpenses": 0,
        "sellingAndMarketingExpenses": 0,
        "sellingGeneralAndAdministrativeExpenses": 1008000000,
        "otherExpenses": 234000000,
        "operatingExpenses": 1242000000,
        "costAndExpenses": 3802000000,
        "interestIncome": 0,
        "interestExpense": 79000000,
        "depreciationAndAmortization": 234000000,
        "ebitda": 340000000,
        "ebitdaratio": 0.0855991944,
        "operatingIncome": 106000000,
        "operatingIncomeRatio": 0.0266868077,
        "totalOtherIncomeExpensesNet": -79000000,
        "incomeBeforeTax": 27000000,
        "incomeBeforeTaxRatio": 0.0067975831,
        "incomeTaxExpense": 10000000,
        "netIncome": 17000000,
        "netIncomeRatio": 0.0042799597,
        "eps": 0.09,
        "epsdiluted": 0.09,
        "weightedAverageShsOut": 183000000,
        "weightedAverageShsOutDil": 184000000,
        "link": "https://www.sec.gov/Archives/edgar/data/885639/000088563916000041/0000885639-16-000041-index.htm",
        "finalLink": "https://www.sec.gov/Archives/edgar/data/885639/000088563916000041/kohls_10qxq1x2016.htm"
    },
    {
        "date": "2016-01-30",
        "symbol": "KSS",
        "reportedCurrency": "USD",
        "cik": "0000885639",
        "fillingDate": "2016-03-18",
        "acceptedDate": "2016-03-18 16:11:09",
        "calendarYear": "2015",
        "period": "Q4",
        "revenue": 6387000000,
        "costOfRevenue": 4275000000,
        "grossProfit": 2112000000,
        "grossProfitRatio": 0.3306716768,
        "researchAndDevelopmentExpenses": 0,
        "generalAndAdministrativeExpenses": 48000000,
        "sellingAndMarketingExpenses": 1011000000,
        "sellingGeneralAndAdministrativeExpenses": 1332000000,
        "otherExpenses": 239000000,
        "operatingExpenses": 1571000000,
        "costAndExpenses": 5846000000,
        "interestIncome": 0,
        "interestExpense": 79000000,
        "depreciationAndAmortization": 239000000,
        "ebitda": 780000000,
        "ebitdaratio": 0.1221230625,
        "operatingIncome": 541000000,
        "operatingIncomeRatio": 0.0847033036,
        "totalOtherIncomeExpensesNet": -79000000,
        "incomeBeforeTax": 462000000,
        "incomeBeforeTaxRatio": 0.0723344293,
        "incomeTaxExpense": 166000000,
        "netIncome": 296000000,
        "netIncomeRatio": 0.0463441365,
        "eps": 1.58,
        "epsdiluted": 1.58,
        "weightedAverageShsOut": 187000000,
        "weightedAverageShsOutDil": 187000000,
        "link": "https://www.sec.gov/Archives/edgar/data/885639/000088563916000033/0000885639-16-000033-index.htm",
        "finalLink": "https://www.sec.gov/Archives/edgar/data/885639/000088563916000033/kohls_10kx2015.htm"
    },
    {
        "date": "2015-10-31",
        "symbol": "KSS",
        "reportedCurrency": "USD",
        "cik": "0000885639",
        "fillingDate": "2015-12-04",
        "acceptedDate": "2015-12-04 16:15:00",
        "calendarYear": "2015",
        "period": "Q3",
        "revenue": 4427000000,
        "costOfRevenue": 2784000000,
        "grossProfit": 1643000000,
        "grossProfitRatio": 0.3711316919,
        "researchAndDevelopmentExpenses": 0,
        "generalAndAdministrativeExpenses": 0,
        "sellingAndMarketingExpenses": 0,
        "sellingGeneralAndAdministrativeExpenses": 1099000000,
        "otherExpenses": 236000000,
        "operatingExpenses": 1335000000,
        "costAndExpenses": 4119000000,
        "interestIncome": 0,
        "interestExpense": 81000000,
        "depreciationAndAmortization": 236000000,
        "ebitda": 506000000,
        "ebitdaratio": 0.1142986221,
        "operatingIncome": 308000000,
        "operatingIncomeRatio": 0.0695730743,
        "totalOtherIncomeExpensesNet": -119000000,
        "incomeBeforeTax": 189000000,
        "incomeBeforeTaxRatio": 0.0426925683,
        "incomeTaxExpense": 69000000,
        "netIncome": 120000000,
        "netIncomeRatio": 0.0271063926,
        "eps": 0.63,
        "epsdiluted": 0.63,
        "weightedAverageShsOut": 191000000,
        "weightedAverageShsOutDil": 192000000,
        "link": "https://www.sec.gov/Archives/edgar/data/885639/000088563915000026/0000885639-15-000026-index.htm",
        "finalLink": "https://www.sec.gov/Archives/edgar/data/885639/000088563915000026/kohls_10qxq3x2015.htm"
    },
    {
        "date": "2015-08-01",
        "symbol": "KSS",
        "reportedCurrency": "USD",
        "cik": "0000885639",
        "fillingDate": "2015-09-04",
        "acceptedDate": "2015-09-04 13:12:39",
        "calendarYear": "2015",
        "period": "Q2",
        "revenue": 4267000000,
        "costOfRevenue": 2605000000,
        "grossProfit": 1662000000,
        "grossProfitRatio": 0.3895008202,
        "researchAndDevelopmentExpenses": 0,
        "generalAndAdministrativeExpenses": 0,
        "sellingAndMarketingExpenses": 0,
        "sellingGeneralAndAdministrativeExpenses": 1005000000,
        "otherExpenses": 233000000,
        "operatingExpenses": 1238000000,
        "costAndExpenses": 3843000000,
        "interestIncome": 0,
        "interestExpense": 84000000,
        "depreciationAndAmortization": 232000000,
        "ebitda": 526000000,
        "ebitdaratio": 0.1232716194,
        "operatingIncome": 424000000,
        "operatingIncomeRatio": 0.0993672369,
        "totalOtherIncomeExpensesNet": -215000000,
        "incomeBeforeTax": 209000000,
        "incomeBeforeTaxRatio": 0.0489805484,
        "incomeTaxExpense": 79000000,
        "netIncome": 130000000,
        "netIncomeRatio": 0.0304663698,
        "eps": 0.66,
        "epsdiluted": 0.66,
        "weightedAverageShsOut": 196000000,
        "weightedAverageShsOutDil": 197000000,
        "link": "https://www.sec.gov/Archives/edgar/data/885639/000088563915000022/0000885639-15-000022-index.htm",
        "finalLink": "https://www.sec.gov/Archives/edgar/data/885639/000088563915000022/kohls_10qxq2x2015.htm"
    },
    {
        "date": "2015-05-02",
        "symbol": "KSS",
        "reportedCurrency": "USD",
        "cik": "0000885639",
        "fillingDate": "2015-06-05",
        "acceptedDate": "2015-06-05 16:29:59",
        "calendarYear": "2015",
        "period": "Q1",
        "revenue": 4123000000,
        "costOfRevenue": 2600000000,
        "grossProfit": 1523000000,
        "grossProfitRatio": 0.36939122,
        "researchAndDevelopmentExpenses": 0,
        "generalAndAdministrativeExpenses": 0,
        "sellingAndMarketingExpenses": 0,
        "sellingGeneralAndAdministrativeExpenses": 1016000000,
        "otherExpenses": 227000000,
        "operatingExpenses": 1243000000,
        "costAndExpenses": 3843000000,
        "interestIncome": 0,
        "interestExpense": 84000000,
        "depreciationAndAmortization": 227000000,
        "ebitda": 507000000,
        "ebitdaratio": 0.1229687121,
        "operatingIncome": 280000000,
        "operatingIncomeRatio": 0.0679117148,
        "totalOtherIncomeExpensesNet": -84000000,
        "incomeBeforeTax": 196000000,
        "incomeBeforeTaxRatio": 0.0475382003,
        "incomeTaxExpense": 69000000,
        "netIncome": 127000000,
        "netIncomeRatio": 0.0308028135,
        "eps": 0.64,
        "epsdiluted": 0.63,
        "weightedAverageShsOut": 200000000,
        "weightedAverageShsOutDil": 202000000,
        "link": "https://www.sec.gov/Archives/edgar/data/885639/000088563915000013/0000885639-15-000013-index.htm",
        "finalLink": "https://www.sec.gov/Archives/edgar/data/885639/000088563915000013/kohls_10qxq1x2015.htm"
    },
    {
        "date": "2015-01-31",
        "symbol": "KSS",
        "reportedCurrency": "USD",
        "cik": "0000885639",
        "fillingDate": "2015-03-20",
        "acceptedDate": "2015-03-20 16:12:12",
        "calendarYear": "2014",
        "period": "Q4",
        "revenue": 6337000000,
        "costOfRevenue": 4190000000,
        "grossProfit": 2147000000,
        "grossProfitRatio": 0.3388038504,
        "researchAndDevelopmentExpenses": 0,
        "generalAndAdministrativeExpenses": 248000000,
        "sellingAndMarketingExpenses": 1024000000,
        "sellingGeneralAndAdministrativeExpenses": 1272000000,
        "otherExpenses": 221000000,
        "operatingExpenses": 1493000000,
        "costAndExpenses": 5683000000,
        "interestIncome": 0,
        "interestExpense": 84000000,
        "depreciationAndAmortization": 221000000,
        "ebitda": 875000000,
        "ebitdaratio": 0.1380779549,
        "operatingIncome": 654000000,
        "operatingIncomeRatio": 0.1032034086,
        "totalOtherIncomeExpensesNet": -85000000,
        "incomeBeforeTax": 570000000,
        "incomeBeforeTaxRatio": 0.0899479249,
        "incomeTaxExpense": 201000000,
        "netIncome": 369000000,
        "netIncomeRatio": 0.0582294461,
        "eps": 1.85,
        "epsdiluted": 1.83,
        "weightedAverageShsOut": 199000000,
        "weightedAverageShsOutDil": 201000000,
        "link": "https://www.sec.gov/Archives/edgar/data/885639/000088563915000007/0000885639-15-000007-index.htm",
        "finalLink": "https://www.sec.gov/Archives/edgar/data/885639/000088563915000007/kohls_10kx2014.htm"
    },
    {
        "date": "2014-11-01",
        "symbol": "KSS",
        "reportedCurrency": "USD",
        "cik": "0000885639",
        "fillingDate": "2014-12-05",
        "acceptedDate": "2014-12-05 16:57:26",
        "calendarYear": "2014",
        "period": "Q3",
        "revenue": 4374000000,
        "costOfRevenue": 2746000000,
        "grossProfit": 1628000000,
        "grossProfitRatio": 0.3721993599,
        "researchAndDevelopmentExpenses": 0,
        "generalAndAdministrativeExpenses": 0,
        "sellingAndMarketingExpenses": 0,
        "sellingGeneralAndAdministrativeExpenses": 1097000000,
        "otherExpenses": 227000000,
        "operatingExpenses": 1324000000,
        "costAndExpenses": 4070000000,
        "interestIncome": 0,
        "interestExpense": 85000000,
        "depreciationAndAmortization": 227000000,
        "ebitda": 531000000,
        "ebitdaratio": 0.121399177,
        "operatingIncome": 304000000,
        "operatingIncomeRatio": 0.0695016004,
        "totalOtherIncomeExpensesNet": -85000000,
        "incomeBeforeTax": 219000000,
        "incomeBeforeTaxRatio": 0.0500685871,
        "incomeTaxExpense": 77000000,
        "netIncome": 142000000,
        "netIncomeRatio": 0.0324645633,
        "eps": 0.7,
        "epsdiluted": 0.7,
        "weightedAverageShsOut": 202000000,
        "weightedAverageShsOutDil": 203000000,
        "link": "https://www.sec.gov/Archives/edgar/data/885639/000088563914000028/0000885639-14-000028-index.htm",
        "finalLink": "https://www.sec.gov/Archives/edgar/data/885639/000088563914000028/kohls_10qxq3x2014.htm"
    },
    {
        "date": "2014-08-02",
        "symbol": "KSS",
        "reportedCurrency": "USD",
        "cik": "0000885639",
        "fillingDate": "2014-09-05",
        "acceptedDate": "2014-09-05 16:13:02",
        "calendarYear": "2014",
        "period": "Q2",
        "revenue": 4242000000,
        "costOfRevenue": 2588000000,
        "grossProfit": 1654000000,
        "grossProfitRatio": 0.3899104196,
        "researchAndDevelopmentExpenses": 0,
        "generalAndAdministrativeExpenses": 0,
        "sellingAndMarketingExpenses": 0,
        "sellingGeneralAndAdministrativeExpenses": 981000000,
        "otherExpenses": 222000000,
        "operatingExpenses": 1203000000,
        "costAndExpenses": 3791000000,
        "interestIncome": 0,
        "interestExpense": 85000000,
        "depreciationAndAmortization": 222000000,
        "ebitda": 673000000,
        "ebitdaratio": 0.1586515794,
        "operatingIncome": 451000000,
        "operatingIncomeRatio": 0.1063177746,
        "totalOtherIncomeExpensesNet": -85000000,
        "incomeBeforeTax": 366000000,
        "incomeBeforeTaxRatio": 0.0862800566,
        "incomeTaxExpense": 134000000,
        "netIncome": 232000000,
        "netIncomeRatio": 0.0546911834,
        "eps": 1.14,
        "epsdiluted": 1.13,
        "weightedAverageShsOut": 204000000,
        "weightedAverageShsOutDil": 205000000,
        "link": "https://www.sec.gov/Archives/edgar/data/885639/000088563914000019/0000885639-14-000019-index.htm",
        "finalLink": "https://www.sec.gov/Archives/edgar/data/885639/000088563914000019/kohls_10qxq2x2014.htm"
    },
    {
        "date": "2014-05-03",
        "symbol": "KSS",
        "reportedCurrency": "USD",
        "cik": "0000885639",
        "fillingDate": "2014-06-06",
        "acceptedDate": "2014-06-06 16:38:02",
        "calendarYear": "2014",
        "period": "Q1",
        "revenue": 4070000000,
        "costOfRevenue": 2574000000,
        "grossProfit": 1496000000,
        "grossProfitRatio": 0.3675675676,
        "researchAndDevelopmentExpenses": 0,
        "generalAndAdministrativeExpenses": 0,
        "sellingAndMarketingExpenses": 0,
        "sellingGeneralAndAdministrativeExpenses": 1000000000,
        "otherExpenses": 216000000,
        "operatingExpenses": 1216000000,
        "costAndExpenses": 3790000000,
        "interestIncome": 0,
        "interestExpense": 85000000,
        "depreciationAndAmortization": 216000000,
        "ebitda": 496000000,
        "ebitdaratio": 0.1218673219,
        "operatingIncome": 280000000,
        "operatingIncomeRatio": 0.0687960688,
        "totalOtherIncomeExpensesNet": -85000000,
        "incomeBeforeTax": 195000000,
        "incomeBeforeTaxRatio": 0.0479115479,
        "incomeTaxExpense": 70000000,
        "netIncome": 125000000,
        "netIncomeRatio": 0.0307125307,
        "eps": 0.6,
        "epsdiluted": 0.6,
        "weightedAverageShsOut": 206000000,
        "weightedAverageShsOutDil": 208000000,
        "link": "https://www.sec.gov/Archives/edgar/data/885639/000088563914000013/0000885639-14-000013-index.htm",
        "finalLink": "https://www.sec.gov/Archives/edgar/data/885639/000088563914000013/kohls_10qxq1x2014.htm"
    },
    {
        "date": "2014-02-01",
        "symbol": "KSS",
        "reportedCurrency": "USD",
        "cik": "0000885639",
        "fillingDate": "2014-03-21",
        "acceptedDate": "2014-03-21 16:31:53",
        "calendarYear": "2013",
        "period": "Q4",
        "revenue": 6099000000,
        "costOfRevenue": 4024000000,
        "grossProfit": 2075000000,
        "grossProfitRatio": 0.3402197081,
        "researchAndDevelopmentExpenses": 0,
        "generalAndAdministrativeExpenses": 229000000,
        "sellingAndMarketingExpenses": 1013000000,
        "sellingGeneralAndAdministrativeExpenses": 1242000000,
        "otherExpenses": 224000000,
        "operatingExpenses": 1466000000,
        "costAndExpenses": 5490000000,
        "interestIncome": 0,
        "interestExpense": 87000000,
        "depreciationAndAmortization": 224000000,
        "ebitda": 833000000,
        "ebitdaratio": 0.1365797672,
        "operatingIncome": 609000000,
        "operatingIncomeRatio": 0.0998524348,
        "totalOtherIncomeExpensesNet": -87000000,
        "incomeBeforeTax": 522000000,
        "incomeBeforeTaxRatio": 0.0855878013,
        "incomeTaxExpense": 188000000,
        "netIncome": 334000000,
        "netIncomeRatio": 0.0547630759,
        "eps": 1.57,
        "epsdiluted": 1.56,
        "weightedAverageShsOut": 213000000,
        "weightedAverageShsOutDil": 215000000,
        "link": "https://www.sec.gov/Archives/edgar/data/885639/000088563914000007/0000885639-14-000007-index.htm",
        "finalLink": "https://www.sec.gov/Archives/edgar/data/885639/000088563914000007/kohls_10kx2013.htm"
    },
    {
        "date": "2013-11-02",
        "symbol": "KSS",
        "reportedCurrency": "USD",
        "cik": "0000885639",
        "fillingDate": "2013-12-06",
        "acceptedDate": "2013-12-06 16:33:55",
        "calendarYear": "2013",
        "period": "Q3",
        "revenue": 4444000000,
        "costOfRevenue": 2778000000,
        "grossProfit": 1666000000,
        "grossProfitRatio": 0.3748874887,
        "researchAndDevelopmentExpenses": 0,
        "generalAndAdministrativeExpenses": 0,
        "sellingAndMarketingExpenses": 0,
        "sellingGeneralAndAdministrativeExpenses": 1073000000,
        "otherExpenses": 228000000,
        "operatingExpenses": 1301000000,
        "costAndExpenses": 4079000000,
        "interestIncome": 0,
        "interestExpense": 84000000,
        "depreciationAndAmortization": 226000000,
        "ebitda": 593000000,
        "ebitdaratio": 0.1334383438,
        "operatingIncome": 365000000,
        "operatingIncomeRatio": 0.0821332133,
        "totalOtherIncomeExpensesNet": -84000000,
        "incomeBeforeTax": 281000000,
        "incomeBeforeTaxRatio": 0.0632313231,
        "incomeTaxExpense": 104000000,
        "netIncome": 177000000,
        "netIncomeRatio": 0.0398289829,
        "eps": 0.82,
        "epsdiluted": 0.81,
        "weightedAverageShsOut": 216000000,
        "weightedAverageShsOutDil": 218000000,
        "link": "https://www.sec.gov/Archives/edgar/data/885639/000088563913000023/0000885639-13-000023-index.htm",
        "finalLink": "https://www.sec.gov/Archives/edgar/data/885639/000088563913000023/kohls_10qxq3x2013.htm"
    },
    {
        "date": "2013-08-03",
        "symbol": "KSS",
        "reportedCurrency": "USD",
        "cik": "0000885639",
        "fillingDate": "2013-09-04",
        "acceptedDate": "2013-09-04 17:24:11",
        "calendarYear": "2013",
        "period": "Q2",
        "revenue": 4289000000,
        "costOfRevenue": 2613000000,
        "grossProfit": 1676000000,
        "grossProfitRatio": 0.3907670786,
        "researchAndDevelopmentExpenses": 0,
        "generalAndAdministrativeExpenses": 0,
        "sellingAndMarketingExpenses": 0,
        "sellingGeneralAndAdministrativeExpenses": 1000000000,
        "otherExpenses": 225000000,
        "operatingExpenses": 1225000000,
        "costAndExpenses": 3838000000,
        "interestIncome": 0,
        "interestExpense": 84000000,
        "depreciationAndAmortization": 225000000,
        "ebitda": 676000000,
        "ebitdaratio": 0.1576124971,
        "operatingIncome": 451000000,
        "operatingIncomeRatio": 0.1051527163,
        "totalOtherIncomeExpensesNet": -84000000,
        "incomeBeforeTax": 367000000,
        "incomeBeforeTaxRatio": 0.0855677314,
        "incomeTaxExpense": 136000000,
        "netIncome": 231000000,
        "netIncomeRatio": 0.0538587083,
        "eps": 1.05,
        "epsdiluted": 1.04,
        "weightedAverageShsOut": 220000000,
        "weightedAverageShsOutDil": 222000000,
        "link": "https://www.sec.gov/Archives/edgar/data/885639/000088563913000018/0000885639-13-000018-index.htm",
        "finalLink": "https://www.sec.gov/Archives/edgar/data/885639/000088563913000018/kohls_10qxq2x2013.htm"
    },
    {
        "date": "2013-05-04",
        "symbol": "KSS",
        "reportedCurrency": "USD",
        "cik": "0000885639",
        "fillingDate": "2013-06-07",
        "acceptedDate": "2013-06-07 16:13:28",
        "calendarYear": "2013",
        "period": "Q1",
        "revenue": 4199000000,
        "costOfRevenue": 2671000000,
        "grossProfit": 1528000000,
        "grossProfitRatio": 0.3638961658,
        "researchAndDevelopmentExpenses": 0,
        "generalAndAdministrativeExpenses": 0,
        "sellingAndMarketingExpenses": 0,
        "sellingGeneralAndAdministrativeExpenses": 997000000,
        "otherExpenses": 214000000,
        "operatingExpenses": 1211000000,
        "costAndExpenses": 3882000000,
        "interestIncome": 0,
        "interestExpense": 83000000,
        "depreciationAndAmortization": 214000000,
        "ebitda": 531000000,
        "ebitdaratio": 0.1264586806,
        "operatingIncome": 317000000,
        "operatingIncomeRatio": 0.0754941653,
        "totalOtherIncomeExpensesNet": -83000000,
        "incomeBeforeTax": 234000000,
        "incomeBeforeTaxRatio": 0.0557275542,
        "incomeTaxExpense": 87000000,
        "netIncome": 147000000,
        "netIncomeRatio": 0.0350083353,
        "eps": 0.66,
        "epsdiluted": 0.66,
        "weightedAverageShsOut": 222000000,
        "weightedAverageShsOutDil": 223000000,
        "link": "https://www.sec.gov/Archives/edgar/data/885639/000088563913000010/0000885639-13-000010-index.htm",
        "finalLink": "https://www.sec.gov/Archives/edgar/data/885639/000088563913000010/kohls_10qxq1x2013.htm"
    },
    {
        "date": "2013-02-02",
        "symbol": "KSS",
        "reportedCurrency": "USD",
        "cik": "0000885639",
        "fillingDate": "2013-03-22",
        "acceptedDate": "2013-03-22 17:03:19",
        "calendarYear": "2012",
        "period": "Q4",
        "revenue": 6342000000,
        "costOfRevenue": 4230000000,
        "grossProfit": 2112000000,
        "grossProfitRatio": 0.3330179754,
        "researchAndDevelopmentExpenses": 0,
        "generalAndAdministrativeExpenses": 219000000,
        "sellingAndMarketingExpenses": 993000000,
        "sellingGeneralAndAdministrativeExpenses": 1212000000,
        "otherExpenses": 213000000,
        "operatingExpenses": 1426000000,
        "costAndExpenses": 5656000000,
        "interestIncome": 0,
        "interestExpense": 85000000,
        "depreciationAndAmortization": 213000000,
        "ebitda": 900000000,
        "ebitdaratio": 0.1419110691,
        "operatingIncome": 686000000,
        "operatingIncomeRatio": 0.1081677704,
        "totalOtherIncomeExpensesNet": -86000000,
        "incomeBeforeTax": 601000000,
        "incomeBeforeTaxRatio": 0.0947650583,
        "incomeTaxExpense": 223000000,
        "netIncome": 378000000,
        "netIncomeRatio": 0.059602649,
        "eps": 1.66,
        "epsdiluted": 1.66,
        "weightedAverageShsOut": 227000000,
        "weightedAverageShsOutDil": 228000000,
        "link": "https://www.sec.gov/Archives/edgar/data/885639/000088563913000004/0000885639-13-000004-index.htm",
        "finalLink": "https://www.sec.gov/Archives/edgar/data/885639/000088563913000004/kohls_10kx2012.htm"
    },
    {
        "date": "2012-10-27",
        "symbol": "KSS",
        "reportedCurrency": "USD",
        "cik": "0000885639",
        "fillingDate": "2012-11-30",
        "acceptedDate": "2012-11-30 16:21:10",
        "calendarYear": "2012",
        "period": "Q3",
        "revenue": 4490000000,
        "costOfRevenue": 2778000000,
        "grossProfit": 1712000000,
        "grossProfitRatio": 0.3812917595,
        "researchAndDevelopmentExpenses": 0,
        "generalAndAdministrativeExpenses": 0,
        "sellingAndMarketingExpenses": 0,
        "sellingGeneralAndAdministrativeExpenses": 1077000000,
        "otherExpenses": 210000000,
        "operatingExpenses": 1287000000,
        "costAndExpenses": 4065000000,
        "interestIncome": 0,
        "interestExpense": 80000000,
        "depreciationAndAmortization": 209000000,
        "ebitda": 635000000,
        "ebitdaratio": 0.1414253898,
        "operatingIncome": 425000000,
        "operatingIncomeRatio": 0.0946547884,
        "totalOtherIncomeExpensesNet": -80000000,
        "incomeBeforeTax": 345000000,
        "incomeBeforeTaxRatio": 0.0768374165,
        "incomeTaxExpense": 130000000,
        "netIncome": 215000000,
        "netIncomeRatio": 0.0478841871,
        "eps": 0.92,
        "epsdiluted": 0.91,
        "weightedAverageShsOut": 233000000,
        "weightedAverageShsOutDil": 235000000,
        "link": "https://www.sec.gov/Archives/edgar/data/885639/000144530512003775/0001445305-12-003775-index.htm",
        "finalLink": "https://www.sec.gov/Archives/edgar/data/885639/000144530512003775/kohls_10qxq3.htm"
    },
    {
        "date": "2012-07-28",
        "symbol": "KSS",
        "reportedCurrency": "USD",
        "cik": "0000885639",
        "fillingDate": "2012-08-31",
        "acceptedDate": "2012-08-31 16:19:15",
        "calendarYear": "2012",
        "period": "Q2",
        "revenue": 4205000000,
        "costOfRevenue": 2563000000,
        "grossProfit": 1642000000,
        "grossProfitRatio": 0.3904875149,
        "researchAndDevelopmentExpenses": 0,
        "generalAndAdministrativeExpenses": 0,
        "sellingAndMarketingExpenses": 0,
        "sellingGeneralAndAdministrativeExpenses": 975000000,
        "otherExpenses": 210000000,
        "operatingExpenses": 1185000000,
        "costAndExpenses": 3748000000,
        "interestIncome": 0,
        "interestExpense": 80000000,
        "depreciationAndAmortization": 210000000,
        "ebitda": 667000000,
        "ebitdaratio": 0.1586206897,
        "operatingIncome": 457000000,
        "operatingIncomeRatio": 0.1086801427,
        "totalOtherIncomeExpensesNet": -80000000,
        "incomeBeforeTax": 377000000,
        "incomeBeforeTaxRatio": 0.0896551724,
        "incomeTaxExpense": 137000000,
        "netIncome": 240000000,
        "netIncomeRatio": 0.0570749108,
        "eps": 1.01,
        "epsdiluted": 1,
        "weightedAverageShsOut": 238000000,
        "weightedAverageShsOutDil": 239000000,
        "link": "https://www.sec.gov/Archives/edgar/data/885639/000119312512377585/0001193125-12-377585-index.htm",
        "finalLink": "https://www.sec.gov/Archives/edgar/data/885639/000119312512377585/d385147d10q.htm"
    },
    {
        "date": "2012-04-28",
        "symbol": "KSS",
        "reportedCurrency": "USD",
        "cik": "0000885639",
        "fillingDate": "2012-06-01",
        "acceptedDate": "2012-06-01 16:22:25",
        "calendarYear": "2012",
        "period": "Q1",
        "revenue": 4243000000,
        "costOfRevenue": 2719000000,
        "grossProfit": 1524000000,
        "grossProfitRatio": 0.3591798256,
        "researchAndDevelopmentExpenses": 0,
        "generalAndAdministrativeExpenses": 0,
        "sellingAndMarketingExpenses": 0,
        "sellingGeneralAndAdministrativeExpenses": 1002000000,
        "otherExpenses": 201000000,
        "operatingExpenses": 1203000000,
        "costAndExpenses": 3922000000,
        "interestIncome": 0,
        "interestExpense": 82000000,
        "depreciationAndAmortization": 201000000,
        "ebitda": 522000000,
        "ebitdaratio": 0.1230261607,
        "operatingIncome": 321000000,
        "operatingIncomeRatio": 0.0756540184,
        "totalOtherIncomeExpensesNet": -82000000,
        "incomeBeforeTax": 239000000,
        "incomeBeforeTaxRatio": 0.0563280698,
        "incomeTaxExpense": 85000000,
        "netIncome": 154000000,
        "netIncomeRatio": 0.0362950742,
        "eps": 0.63,
        "epsdiluted": 0.63,
        "weightedAverageShsOut": 243000000,
        "weightedAverageShsOutDil": 245000000,
        "link": "https://www.sec.gov/Archives/edgar/data/885639/000119312512257240/0001193125-12-257240-index.htm",
        "finalLink": "https://www.sec.gov/Archives/edgar/data/885639/000119312512257240/d344285d10q.htm"
    },
    {
        "date": "2012-01-31",
        "symbol": "KSS",
        "reportedCurrency": "USD",
        "cik": "0000885639",
        "fillingDate": "2012-01-31",
        "acceptedDate": "2012-01-30 19:00:00",
        "calendarYear": "2011",
        "period": "Q4",
        "revenue": 6018000000,
        "costOfRevenue": 3841000000,
        "grossProfit": 2177000000,
        "grossProfitRatio": 0.3617480891,
        "researchAndDevelopmentExpenses": 0,
        "generalAndAdministrativeExpenses": 0,
        "sellingAndMarketingExpenses": 0,
        "sellingGeneralAndAdministrativeExpenses": 1177000000,
        "otherExpenses": 195000000,
        "operatingExpenses": 1372000000,
        "costAndExpenses": 5213000000,
        "interestIncome": 0,
        "interestExpense": 0,
        "depreciationAndAmortization": 195000000,
        "ebitda": 1004000000,
        "ebitdaratio": 0.1668328348,
        "operatingIncome": 805000000,
        "operatingIncomeRatio": 0.1337653706,
        "totalOtherIncomeExpensesNet": -76000000,
        "incomeBeforeTax": 729000000,
        "incomeBeforeTaxRatio": 0.1211365902,
        "incomeTaxExpense": 273000000,
        "netIncome": 456000000,
        "netIncomeRatio": 0.075772682,
        "eps": 1.73,
        "epsdiluted": 1.73,
        "weightedAverageShsOut": 252000000,
        "weightedAverageShsOutDil": 264000000,
        "link": "",
        "finalLink": ""
    },
    {
        "date": "2011-10-29",
        "symbol": "KSS",
        "reportedCurrency": "USD",
        "cik": "0000885639",
        "fillingDate": "2011-12-02",
        "acceptedDate": "2011-12-02 16:56:41",
        "calendarYear": "2011",
        "period": "Q3",
        "revenue": 4376000000,
        "costOfRevenue": 2688000000,
        "grossProfit": 1688000000,
        "grossProfitRatio": 0.3857404022,
        "researchAndDevelopmentExpenses": 0,
        "generalAndAdministrativeExpenses": 0,
        "sellingAndMarketingExpenses": 0,
        "sellingGeneralAndAdministrativeExpenses": 1071000000,
        "otherExpenses": 202000000,
        "operatingExpenses": 1273000000,
        "costAndExpenses": 3961000000,
        "interestIncome": 0,
        "interestExpense": 75000000,
        "depreciationAndAmortization": 264000000,
        "ebitda": 617000000,
        "ebitdaratio": 0.1409963437,
        "operatingIncome": 415000000,
        "operatingIncomeRatio": 0.0948354662,
        "totalOtherIncomeExpensesNet": -75000000,
        "incomeBeforeTax": 340000000,
        "incomeBeforeTaxRatio": 0.0776965265,
        "incomeTaxExpense": 129000000,
        "netIncome": 211000000,
        "netIncomeRatio": 0.0482175503,
        "eps": 0.8,
        "epsdiluted": 0.8,
        "weightedAverageShsOut": 264000000,
        "weightedAverageShsOutDil": 265000000,
        "link": "https://www.sec.gov/Archives/edgar/data/885639/000119312511328862/0001193125-11-328862-index.htm",
        "finalLink": "https://www.sec.gov/Archives/edgar/data/885639/000119312511328862/d245452d10q.htm"
    },
    {
        "date": "2011-07-30",
        "symbol": "KSS",
        "reportedCurrency": "USD",
        "cik": "0000885639",
        "fillingDate": "2011-09-13",
        "acceptedDate": "2011-09-13 16:07:53",
        "calendarYear": "2011",
        "period": "Q2",
        "revenue": 4248000000,
        "costOfRevenue": 2520000000,
        "grossProfit": 1728000000,
        "grossProfitRatio": 0.406779661,
        "researchAndDevelopmentExpenses": 0,
        "generalAndAdministrativeExpenses": 0,
        "sellingAndMarketingExpenses": 0,
        "sellingGeneralAndAdministrativeExpenses": 1055000000,
        "otherExpenses": 190000000,
        "operatingExpenses": 1218000000,
        "costAndExpenses": 3738000000,
        "interestIncome": 0,
        "interestExpense": 72000000,
        "depreciationAndAmortization": 163000000,
        "ebitda": 737000000,
        "ebitdaratio": 0.1734934087,
        "operatingIncome": 547000000,
        "operatingIncomeRatio": 0.1287664783,
        "totalOtherIncomeExpensesNet": -72000000,
        "incomeBeforeTax": 483000000,
        "incomeBeforeTaxRatio": 0.113700565,
        "incomeTaxExpense": 180000000,
        "netIncome": 303000000,
        "netIncomeRatio": 0.0713276836,
        "eps": 1.1,
        "epsdiluted": 1.09,
        "weightedAverageShsOut": 276000000,
        "weightedAverageShsOutDil": 278000000,
        "link": "https://www.sec.gov/Archives/edgar/data/885639/000119312511246861/0001193125-11-246861-index.htm",
        "finalLink": "https://www.sec.gov/Archives/edgar/data/885639/000119312511246861/d218885d10q.htm"
    },
    {
        "date": "2011-04-30",
        "symbol": "KSS",
        "reportedCurrency": "USD",
        "cik": "0000885639",
        "fillingDate": "2011-06-01",
        "acceptedDate": "2011-06-01 16:08:36",
        "calendarYear": "2011",
        "period": "Q1",
        "revenue": 4162000000,
        "costOfRevenue": 2576000000,
        "grossProfit": 1586000000,
        "grossProfitRatio": 0.3810667948,
        "researchAndDevelopmentExpenses": 0,
        "generalAndAdministrativeExpenses": 0,
        "sellingAndMarketingExpenses": 0,
        "sellingGeneralAndAdministrativeExpenses": 1068000000,
        "otherExpenses": 156000000,
        "operatingExpenses": 1224000000,
        "costAndExpenses": 3800000000,
        "interestIncome": 0,
        "interestExpense": 29000000,
        "depreciationAndAmortization": 156000000,
        "ebitda": 518000000,
        "ebitdaratio": 0.1244593945,
        "operatingIncome": 362000000,
        "operatingIncomeRatio": 0.0869774147,
        "totalOtherIncomeExpensesNet": -76000000,
        "incomeBeforeTax": 333000000,
        "incomeBeforeTaxRatio": 0.0800096108,
        "incomeTaxExpense": 122000000,
        "netIncome": 211000000,
        "netIncomeRatio": 0.0506967804,
        "eps": 0.73,
        "epsdiluted": 0.73,
        "weightedAverageShsOut": 288000000,
        "weightedAverageShsOutDil": 290000000,
        "link": "https://www.sec.gov/Archives/edgar/data/885639/000119312511156160/0001193125-11-156160-index.htm",
        "finalLink": "https://www.sec.gov/Archives/edgar/data/885639/000119312511156160/d10q.htm"
    },
    {
        "date": "2011-01-29",
        "symbol": "KSS",
        "reportedCurrency": "USD",
        "cik": "0000885639",
        "fillingDate": "2011-03-18",
        "acceptedDate": "2011-03-18 16:25:01",
        "calendarYear": "2010",
        "period": "Q4",
        "revenue": 6038000000,
        "costOfRevenue": 3816000000,
        "grossProfit": 2222000000,
        "grossProfitRatio": 0.3680026499,
        "researchAndDevelopmentExpenses": 0,
        "generalAndAdministrativeExpenses": 0,
        "sellingAndMarketingExpenses": 0,
        "sellingGeneralAndAdministrativeExpenses": 1241000000,
        "otherExpenses": 161000000,
        "operatingExpenses": 1402000000,
        "costAndExpenses": 5218000000,
        "interestIncome": 9000000,
        "interestExpense": 41000000,
        "depreciationAndAmortization": 161000000,
        "ebitda": 990000000,
        "ebitdaratio": 0.1639615767,
        "operatingIncome": 820000000,
        "operatingIncomeRatio": 0.1358065585,
        "totalOtherIncomeExpensesNet": -32000000,
        "incomeBeforeTax": 788000000,
        "incomeBeforeTaxRatio": 0.1305067903,
        "incomeTaxExpense": 296000000,
        "netIncome": 492000000,
        "netIncomeRatio": 0.0814839351,
        "eps": 1.64,
        "epsdiluted": 1.63,
        "weightedAverageShsOut": 304000000,
        "weightedAverageShsOutDil": 306000000,
        "link": "https://www.sec.gov/Archives/edgar/data/885639/000119312511071252/0001193125-11-071252-index.htm",
        "finalLink": "https://www.sec.gov/Archives/edgar/data/885639/000119312511071252/d10k.htm"
    },
    {
        "date": "2010-10-30",
        "symbol": "KSS",
        "reportedCurrency": "USD",
        "cik": "0000885639",
        "fillingDate": "2010-12-09",
        "acceptedDate": "2010-12-09 13:31:06",
        "calendarYear": "2010",
        "period": "Q3",
        "revenue": 4218000000,
        "costOfRevenue": 2596000000,
        "grossProfit": 1622000000,
        "grossProfitRatio": 0.3845424372,
        "researchAndDevelopmentExpenses": 0,
        "generalAndAdministrativeExpenses": 0,
        "sellingAndMarketingExpenses": 0,
        "sellingGeneralAndAdministrativeExpenses": 1122000000,
        "otherExpenses": 207000000,
        "operatingExpenses": 1287000000,
        "costAndExpenses": 3883000000,
        "interestIncome": -41000000,
        "interestExpense": 38000000,
        "depreciationAndAmortization": 165000000,
        "ebitda": 564000000,
        "ebitdaratio": 0.13371266,
        "operatingIncome": 356000000,
        "operatingIncomeRatio": 0.0844001897,
        "totalOtherIncomeExpensesNet": -79000000,
        "incomeBeforeTax": 304000000,
        "incomeBeforeTaxRatio": 0.0720720721,
        "incomeTaxExpense": 110000000,
        "netIncome": 194000000,
        "netIncomeRatio": 0.0459933618,
        "eps": 0.63,
        "epsdiluted": 0.63,
        "weightedAverageShsOut": 307000000,
        "weightedAverageShsOutDil": 308000000,
        "link": "https://www.sec.gov/Archives/edgar/data/885639/000119312510277331/0001193125-10-277331-index.htm",
        "finalLink": "https://www.sec.gov/Archives/edgar/data/885639/000119312510277331/d10q.htm"
    },
    {
        "date": "2010-07-31",
        "symbol": "KSS",
        "reportedCurrency": "USD",
        "cik": "0000885639",
        "fillingDate": "2010-09-03",
        "acceptedDate": "2010-09-03 16:04:44",
        "calendarYear": "2010",
        "period": "Q2",
        "revenue": 4100000000,
        "costOfRevenue": 2449000000,
        "grossProfit": 1651000000,
        "grossProfitRatio": 0.4026829268,
        "researchAndDevelopmentExpenses": 0,
        "generalAndAdministrativeExpenses": 0,
        "sellingAndMarketingExpenses": 0,
        "sellingGeneralAndAdministrativeExpenses": 1049000000,
        "otherExpenses": 155000000,
        "operatingExpenses": 1202000000,
        "costAndExpenses": 3651000000,
        "interestIncome": 109000000,
        "interestExpense": 31000000,
        "depreciationAndAmortization": 153000000,
        "ebitda": 668000000,
        "ebitdaratio": 0.1629268293,
        "operatingIncome": 449000000,
        "operatingIncomeRatio": 0.1095121951,
        "totalOtherIncomeExpensesNet": -78000000,
        "incomeBeforeTax": 418000000,
        "incomeBeforeTaxRatio": 0.1019512195,
        "incomeTaxExpense": 158000000,
        "netIncome": 260000000,
        "netIncomeRatio": 0.0634146341,
        "eps": 0.84,
        "epsdiluted": 0.84,
        "weightedAverageShsOut": 307000000,
        "weightedAverageShsOutDil": 308000000,
        "link": "https://www.sec.gov/Archives/edgar/data/885639/000119312510204835/0001193125-10-204835-index.htm",
        "finalLink": "https://www.sec.gov/Archives/edgar/data/885639/000119312510204835/d10q.htm"
    },
    {
        "date": "2010-05-01",
        "symbol": "KSS",
        "reportedCurrency": "USD",
        "cik": "0000885639",
        "fillingDate": "2010-06-04",
        "acceptedDate": "2010-06-04 16:03:40",
        "calendarYear": "2010",
        "period": "Q1",
        "revenue": 4035000000,
        "costOfRevenue": 2498000000,
        "grossProfit": 1537000000,
        "grossProfitRatio": 0.3809169765,
        "researchAndDevelopmentExpenses": 0,
        "generalAndAdministrativeExpenses": 0,
        "sellingAndMarketingExpenses": 0,
        "sellingGeneralAndAdministrativeExpenses": 1035000000,
        "otherExpenses": 151000000,
        "operatingExpenses": 1186000000,
        "costAndExpenses": 3684000000,
        "interestIncome": 108000000,
        "interestExpense": 31000000,
        "depreciationAndAmortization": 151000000,
        "ebitda": 502000000,
        "ebitdaratio": 0.1244114002,
        "operatingIncome": 351000000,
        "operatingIncomeRatio": 0.0869888476,
        "totalOtherIncomeExpensesNet": -77000000,
        "incomeBeforeTax": 320000000,
        "incomeBeforeTaxRatio": 0.0793060719,
        "incomeTaxExpense": 121000000,
        "netIncome": 199000000,
        "netIncomeRatio": 0.0493184634,
        "eps": 0.65,
        "epsdiluted": 0.64,
        "weightedAverageShsOut": 307000000,
        "weightedAverageShsOutDil": 309000000,
        "link": "https://www.sec.gov/Archives/edgar/data/885639/000119312510132984/0001193125-10-132984-index.htm",
        "finalLink": "https://www.sec.gov/Archives/edgar/data/885639/000119312510132984/d10q.htm"
    },
    {
        "date": "2010-01-30",
        "symbol": "KSS",
        "reportedCurrency": "USD",
        "cik": "0000885639",
        "fillingDate": "2010-03-19",
        "acceptedDate": "2010-03-19 15:59:56",
        "calendarYear": "2009",
        "period": "Q4",
        "revenue": 5682000000,
        "costOfRevenue": 3612000000,
        "grossProfit": 2070000000,
        "grossProfitRatio": 0.3643083421,
        "researchAndDevelopmentExpenses": 0,
        "generalAndAdministrativeExpenses": 0,
        "sellingAndMarketingExpenses": 0,
        "sellingGeneralAndAdministrativeExpenses": 1193000000,
        "otherExpenses": 155000000,
        "operatingExpenses": 1348000000,
        "costAndExpenses": 4960000000,
        "interestIncome": 10000000,
        "interestExpense": 41000000,
        "depreciationAndAmortization": 155000000,
        "ebitda": 887000000,
        "ebitdaratio": 0.1561070046,
        "operatingIncome": 722000000,
        "operatingIncomeRatio": 0.1270679338,
        "totalOtherIncomeExpensesNet": -31000000,
        "incomeBeforeTax": 691000000,
        "incomeBeforeTaxRatio": 0.1216121084,
        "incomeTaxExpense": 260000000,
        "netIncome": 431000000,
        "netIncomeRatio": 0.0758535727,
        "eps": 1.35,
        "epsdiluted": 1.35,
        "weightedAverageShsOut": 305000000,
        "weightedAverageShsOutDil": 305000000,
        "link": "https://www.sec.gov/Archives/edgar/data/885639/000119312510061795/0001193125-10-061795-index.htm",
        "finalLink": "https://www.sec.gov/Archives/edgar/data/885639/000119312510061795/d10k.htm"
    },
    {
        "date": "2009-10-31",
        "symbol": "KSS",
        "reportedCurrency": "USD",
        "cik": "0000885639",
        "fillingDate": "2009-12-04",
        "acceptedDate": "2009-12-04 12:21:45",
        "calendarYear": "2009",
        "period": "Q3",
        "revenue": 4051000000,
        "costOfRevenue": 2512000000,
        "grossProfit": 1539000000,
        "grossProfitRatio": 0.379906196,
        "researchAndDevelopmentExpenses": 0,
        "generalAndAdministrativeExpenses": 0,
        "sellingAndMarketingExpenses": 0,
        "sellingGeneralAndAdministrativeExpenses": 1050000000,
        "otherExpenses": 150000000,
        "operatingExpenses": 1200000000,
        "costAndExpenses": 3712000000,
        "interestIncome": 0,
        "interestExpense": 31000000,
        "depreciationAndAmortization": 150000000,
        "ebitda": 489000000,
        "ebitdaratio": 0.1207109356,
        "operatingIncome": 339000000,
        "operatingIncomeRatio": 0.0836830412,
        "totalOtherIncomeExpensesNet": -31000000,
        "incomeBeforeTax": 308000000,
        "incomeBeforeTaxRatio": 0.0760306097,
        "incomeTaxExpense": 115000000,
        "netIncome": 193000000,
        "netIncomeRatio": 0.0476425574,
        "eps": 0.63,
        "epsdiluted": 0.63,
        "weightedAverageShsOut": 305000000,
        "weightedAverageShsOutDil": 308000000,
        "link": "https://www.sec.gov/Archives/edgar/data/885639/000119312509247407/0001193125-09-247407-index.htm",
        "finalLink": "https://www.sec.gov/Archives/edgar/data/885639/000119312509247407/d10q.htm"
    },
    {
        "date": "2009-08-01",
        "symbol": "KSS",
        "reportedCurrency": "USD",
        "cik": "0000885639",
        "fillingDate": "2009-09-04",
        "acceptedDate": "2009-09-04 13:44:42",
        "calendarYear": "2009",
        "period": "Q2",
        "revenue": 3806000000,
        "costOfRevenue": 2286000000,
        "grossProfit": 1520000000,
        "grossProfitRatio": 0.3993694167,
        "researchAndDevelopmentExpenses": 0,
        "generalAndAdministrativeExpenses": 0,
        "sellingAndMarketingExpenses": 0,
        "sellingGeneralAndAdministrativeExpenses": 977000000,
        "otherExpenses": 144000000,
        "operatingExpenses": 1121000000,
        "costAndExpenses": 3407000000,
        "interestIncome": 0,
        "interestExpense": 31000000,
        "depreciationAndAmortization": 144000000,
        "ebitda": 543000000,
        "ebitdaratio": 0.1426694693,
        "operatingIncome": 399000000,
        "operatingIncomeRatio": 0.1048344719,
        "totalOtherIncomeExpensesNet": -31000000,
        "incomeBeforeTax": 368000000,
        "incomeBeforeTaxRatio": 0.0966894377,
        "incomeTaxExpense": 139000000,
        "netIncome": 229000000,
        "netIncomeRatio": 0.0601681555,
        "eps": 0.76,
        "epsdiluted": 0.75,
        "weightedAverageShsOut": 305000000,
        "weightedAverageShsOutDil": 306000000,
        "link": "https://www.sec.gov/Archives/edgar/data/885639/000119312509187625/0001193125-09-187625-index.htm",
        "finalLink": "https://www.sec.gov/Archives/edgar/data/885639/000119312509187625/d10q.htm"
    },
    {
        "date": "2009-05-02",
        "symbol": "KSS",
        "reportedCurrency": "USD",
        "cik": "0000885639",
        "fillingDate": "2009-06-05",
        "acceptedDate": "2009-06-05 16:26:11",
        "calendarYear": "2009",
        "period": "Q1",
        "revenue": 3638000000,
        "costOfRevenue": 2270000000,
        "grossProfit": 1368000000,
        "grossProfitRatio": 0.3760307861,
        "researchAndDevelopmentExpenses": 0,
        "generalAndAdministrativeExpenses": 0,
        "sellingAndMarketingExpenses": 0,
        "sellingGeneralAndAdministrativeExpenses": 976000000,
        "otherExpenses": 141000000,
        "operatingExpenses": 1117000000,
        "costAndExpenses": 3387000000,
        "interestIncome": 0,
        "interestExpense": 32000000,
        "depreciationAndAmortization": 141000000,
        "ebitda": 392000000,
        "ebitdaratio": 0.1077515118,
        "operatingIncome": 251000000,
        "operatingIncomeRatio": 0.0689939527,
        "totalOtherIncomeExpensesNet": -32000000,
        "incomeBeforeTax": 219000000,
        "incomeBeforeTaxRatio": 0.0601979109,
        "incomeTaxExpense": 82000000,
        "netIncome": 137000000,
        "netIncomeRatio": 0.0376580539,
        "eps": 0.45,
        "epsdiluted": 0.45,
        "weightedAverageShsOut": 305000000,
        "weightedAverageShsOutDil": 306000000,
        "link": "https://www.sec.gov/Archives/edgar/data/885639/000119312509126201/0001193125-09-126201-index.htm",
        "finalLink": "https://www.sec.gov/Archives/edgar/data/885639/000119312509126201/d10q.htm"
    },
    {
        "date": "2009-01-31",
        "symbol": "KSS",
        "reportedCurrency": "USD",
        "cik": "0000885639",
        "fillingDate": "2009-03-20",
        "acceptedDate": "2009-03-20 16:05:24",
        "calendarYear": "2008",
        "period": "Q4",
        "revenue": 5235602000,
        "costOfRevenue": 3413387000,
        "grossProfit": 1822215000,
        "grossProfitRatio": 0.3480430713,
        "researchAndDevelopmentExpenses": 0,
        "generalAndAdministrativeExpenses": 0,
        "sellingAndMarketingExpenses": 0,
        "sellingGeneralAndAdministrativeExpenses": 1106679000,
        "otherExpenses": 142851000,
        "operatingExpenses": 1249530000,
        "costAndExpenses": 4662917000,
        "interestIncome": 0,
        "interestExpense": 0,
        "depreciationAndAmortization": 143629000,
        "ebitda": 716314000,
        "ebitdaratio": 0.1368159765,
        "operatingIncome": 572685000,
        "operatingIncomeRatio": 0.109382837,
        "totalOtherIncomeExpensesNet": -29544000,
        "incomeBeforeTax": 543141000,
        "incomeBeforeTaxRatio": 0.1037399329,
        "incomeTaxExpense": 207268000,
        "netIncome": 335873000,
        "netIncomeRatio": 0.0641517442,
        "eps": 1.1,
        "epsdiluted": 1.1,
        "weightedAverageShsOut": 305073000,
        "weightedAverageShsOutDil": 305400000,
        "link": "https://www.sec.gov/Archives/edgar/data/885639/000119312509059797/0001193125-09-059797-index.htm",
        "finalLink": "https://www.sec.gov/Archives/edgar/data/885639/000119312509059797/d10k.htm"
    },
    {
        "date": "2008-11-01",
        "symbol": "KSS",
        "reportedCurrency": "USD",
        "cik": "0000885639",
        "fillingDate": "2008-12-05",
        "acceptedDate": "2008-12-05 16:10:06",
        "calendarYear": "2008",
        "period": "Q3",
        "revenue": 3803649000,
        "costOfRevenue": 2380852000,
        "grossProfit": 1422797000,
        "grossProfitRatio": 0.3740610661,
        "researchAndDevelopmentExpenses": 0,
        "generalAndAdministrativeExpenses": 0,
        "sellingAndMarketingExpenses": 0,
        "sellingGeneralAndAdministrativeExpenses": 1001967000,
        "otherExpenses": 135491000,
        "operatingExpenses": 1137458000,
        "costAndExpenses": 3518310000,
        "interestIncome": 0,
        "interestExpense": 28265000,
        "depreciationAndAmortization": 135908000,
        "ebitda": 420830000,
        "ebitdaratio": 0.1106384948,
        "operatingIncome": 285339000,
        "operatingIncomeRatio": 0.0750171743,
        "totalOtherIncomeExpensesNet": -28265000,
        "incomeBeforeTax": 257074000,
        "incomeBeforeTaxRatio": 0.0675861521,
        "incomeTaxExpense": 96917000,
        "netIncome": 160157000,
        "netIncomeRatio": 0.042106146,
        "eps": 0.53,
        "epsdiluted": 0.52,
        "weightedAverageShsOut": 304567000,
        "weightedAverageShsOutDil": 305386000,
        "link": "https://www.sec.gov/Archives/edgar/data/885639/000119312508248817/0001193125-08-248817-index.htm",
        "finalLink": "https://www.sec.gov/Archives/edgar/data/885639/000119312508248817/d10q.htm"
    },
    {
        "date": "2008-08-02",
        "symbol": "KSS",
        "reportedCurrency": "USD",
        "cik": "0000885639",
        "fillingDate": "2008-09-05",
        "acceptedDate": "2008-09-05 16:55:05",
        "calendarYear": "2008",
        "period": "Q2",
        "revenue": 3725490000,
        "costOfRevenue": 2250552000,
        "grossProfit": 1474938000,
        "grossProfitRatio": 0.3959044314,
        "researchAndDevelopmentExpenses": 0,
        "generalAndAdministrativeExpenses": 0,
        "sellingAndMarketingExpenses": 0,
        "sellingGeneralAndAdministrativeExpenses": 935708000,
        "otherExpenses": 132681000,
        "operatingExpenses": 1068389000,
        "costAndExpenses": 3318941000,
        "interestIncome": 0,
        "interestExpense": 26493000,
        "depreciationAndAmortization": 133079000,
        "ebitda": 539000000,
        "ebitdaratio": 0.144678955,
        "operatingIncome": 406549000,
        "operatingIncomeRatio": 0.1091263163,
        "totalOtherIncomeExpensesNet": -26549000,
        "incomeBeforeTax": 380056000,
        "incomeBeforeTaxRatio": 0.1020150369,
        "incomeTaxExpense": 144041000,
        "netIncome": 236015000,
        "netIncomeRatio": 0.0633513981,
        "eps": 0.77,
        "epsdiluted": 0.77,
        "weightedAverageShsOut": 306000000,
        "weightedAverageShsOutDil": 307000000,
        "link": "https://www.sec.gov/Archives/edgar/data/885639/000119312508191169/0001193125-08-191169-index.htm",
        "finalLink": "https://www.sec.gov/Archives/edgar/data/885639/000119312508191169/d10q.htm"
    },
    {
        "date": "2008-05-03",
        "symbol": "KSS",
        "reportedCurrency": "USD",
        "cik": "0000885639",
        "fillingDate": "2008-06-06",
        "acceptedDate": "2008-06-06 16:12:38",
        "calendarYear": "2008",
        "period": "Q1",
        "revenue": 3624259000,
        "costOfRevenue": 2289209000,
        "grossProfit": 1335050000,
        "grossProfitRatio": 0.368364954,
        "researchAndDevelopmentExpenses": 0,
        "generalAndAdministrativeExpenses": 0,
        "sellingAndMarketingExpenses": 0,
        "sellingGeneralAndAdministrativeExpenses": 933646000,
        "otherExpenses": 130004000,
        "operatingExpenses": 1063650000,
        "costAndExpenses": 3352859000,
        "interestIncome": 0,
        "interestExpense": 26698000,
        "depreciationAndAmortization": 130384000,
        "ebitda": 401784000,
        "ebitdaratio": 0.1108596268,
        "operatingIncome": 271400000,
        "operatingIncomeRatio": 0.0748842729,
        "totalOtherIncomeExpensesNet": -26671000,
        "incomeBeforeTax": 244729000,
        "incomeBeforeTaxRatio": 0.0675252514,
        "incomeTaxExpense": 91774000,
        "netIncome": 152955000,
        "netIncomeRatio": 0.0422031097,
        "eps": 0.5,
        "epsdiluted": 0.49,
        "weightedAverageShsOut": 308531000,
        "weightedAverageShsOutDil": 309396000,
        "link": "https://www.sec.gov/Archives/edgar/data/885639/000119312508129648/0001193125-08-129648-index.htm",
        "finalLink": "https://www.sec.gov/Archives/edgar/data/885639/000119312508129648/d10q.htm"
    },
    {
        "date": "2008-02-02",
        "symbol": "KSS",
        "reportedCurrency": "USD",
        "cik": "0000885639",
        "fillingDate": "2008-03-21",
        "acceptedDate": "2008-03-21 12:33:24",
        "calendarYear": "2007",
        "period": "Q4",
        "revenue": 5487322000,
        "costOfRevenue": 3605412000,
        "grossProfit": 1881910000,
        "grossProfitRatio": 0.3429559993,
        "researchAndDevelopmentExpenses": 0,
        "generalAndAdministrativeExpenses": 0,
        "sellingAndMarketingExpenses": 0,
        "sellingGeneralAndAdministrativeExpenses": 1072002000,
        "otherExpenses": 126104000,
        "operatingExpenses": 1198106000,
        "costAndExpenses": 4803518000,
        "interestIncome": 0,
        "interestExpense": 0,
        "depreciationAndAmortization": 126430000,
        "ebitda": 810234000,
        "ebitdaratio": 0.1476556324,
        "operatingIncome": 683804000,
        "operatingIncomeRatio": 0.1246152495,
        "totalOtherIncomeExpensesNet": -23020000,
        "incomeBeforeTax": 660784000,
        "incomeBeforeTaxRatio": 0.1204201248,
        "incomeTaxExpense": 249115000,
        "netIncome": 411669000,
        "netIncomeRatio": 0.0750218413,
        "eps": 1.31,
        "epsdiluted": 1.31,
        "weightedAverageShsOut": 312789000,
        "weightedAverageShsOutDil": 314000000,
        "link": "https://www.sec.gov/Archives/edgar/data/885639/000119312508062622/0001193125-08-062622-index.htm",
        "finalLink": "https://www.sec.gov/Archives/edgar/data/885639/000119312508062622/d10k.htm"
    },
    {
        "date": "2007-11-03",
        "symbol": "KSS",
        "reportedCurrency": "USD",
        "cik": "0000885639",
        "fillingDate": "2007-12-07",
        "acceptedDate": "2007-12-07 16:02:53",
        "calendarYear": "2007",
        "period": "Q3",
        "revenue": 3825162000,
        "costOfRevenue": 2407131000,
        "grossProfit": 1418031000,
        "grossProfitRatio": 0.3707113581,
        "researchAndDevelopmentExpenses": 0,
        "generalAndAdministrativeExpenses": 0,
        "sellingAndMarketingExpenses": 0,
        "sellingGeneralAndAdministrativeExpenses": 971961000,
        "otherExpenses": 115207000,
        "operatingExpenses": 1087168000,
        "costAndExpenses": 3494299000,
        "interestIncome": 0,
        "interestExpense": 18708000,
        "depreciationAndAmortization": 115533000,
        "ebitda": 446070000,
        "ebitdaratio": 0.1166146689,
        "operatingIncome": 330863000,
        "operatingIncomeRatio": 0.0864964673,
        "totalOtherIncomeExpensesNet": -18708000,
        "incomeBeforeTax": 312155000,
        "incomeBeforeTaxRatio": 0.0816056941,
        "incomeTaxExpense": 118150000,
        "netIncome": 194005000,
        "netIncomeRatio": 0.0507181134,
        "eps": 0.61,
        "epsdiluted": 0.61,
        "weightedAverageShsOut": 316948000,
        "weightedAverageShsOutDil": 318593000,
        "link": "https://www.sec.gov/Archives/edgar/data/885639/000119312507261368/0001193125-07-261368-index.htm",
        "finalLink": "https://www.sec.gov/Archives/edgar/data/885639/000119312507261368/d10q.htm"
    },
    {
        "date": "2007-08-04",
        "symbol": "KSS",
        "reportedCurrency": "USD",
        "cik": "0000885639",
        "fillingDate": "2007-09-07",
        "acceptedDate": "2007-09-07 16:02:28",
        "calendarYear": "2007",
        "period": "Q2",
        "revenue": 3589210000,
        "costOfRevenue": 2192801000,
        "grossProfit": 1396409000,
        "grossProfitRatio": 0.3890574806,
        "researchAndDevelopmentExpenses": 0,
        "generalAndAdministrativeExpenses": 0,
        "sellingAndMarketingExpenses": 0,
        "sellingGeneralAndAdministrativeExpenses": 846538000,
        "otherExpenses": 106146000,
        "operatingExpenses": 952684000,
        "costAndExpenses": 3145485000,
        "interestIncome": 0,
        "interestExpense": 10541000,
        "depreciationAndAmortization": 106334000,
        "ebitda": 549871000,
        "ebitdaratio": 0.1532011223,
        "operatingIncome": 443725000,
        "operatingIncomeRatio": 0.1236274835,
        "totalOtherIncomeExpensesNet": -10541000,
        "incomeBeforeTax": 433184000,
        "incomeBeforeTaxRatio": 0.1206906255,
        "incomeTaxExpense": 163960000,
        "netIncome": 269224000,
        "netIncomeRatio": 0.0750092639,
        "eps": 0.84,
        "epsdiluted": 0.83,
        "weightedAverageShsOut": 320488000,
        "weightedAverageShsOutDil": 323213000,
        "link": "https://www.sec.gov/Archives/edgar/data/885639/000119312507197449/0001193125-07-197449-index.htm",
        "finalLink": "https://www.sec.gov/Archives/edgar/data/885639/000119312507197449/d10q.htm"
    },
    {
        "date": "2007-05-05",
        "symbol": "KSS",
        "reportedCurrency": "USD",
        "cik": "0000885639",
        "fillingDate": "2007-06-08",
        "acceptedDate": "2007-06-08 13:53:12",
        "calendarYear": "2007",
        "period": "Q1",
        "revenue": 3572040000,
        "costOfRevenue": 2255719000,
        "grossProfit": 1316321000,
        "grossProfitRatio": 0.3685067916,
        "researchAndDevelopmentExpenses": 0,
        "generalAndAdministrativeExpenses": 0,
        "sellingAndMarketingExpenses": 0,
        "sellingGeneralAndAdministrativeExpenses": 865548000,
        "otherExpenses": 104688000,
        "operatingExpenses": 970236000,
        "costAndExpenses": 3225955000,
        "interestIncome": 0,
        "interestExpense": 0,
        "depreciationAndAmortization": 104874000,
        "ebitda": 450773000,
        "ebitdaratio": 0.1261948354,
        "operatingIncome": 346085000,
        "operatingIncomeRatio": 0.0968872129,
        "totalOtherIncomeExpensesNet": -10147000,
        "incomeBeforeTax": 335938000,
        "incomeBeforeTaxRatio": 0.0940465392,
        "incomeTaxExpense": 126985000,
        "netIncome": 208953000,
        "netIncomeRatio": 0.0584968253,
        "eps": 0.65,
        "epsdiluted": 0.64,
        "weightedAverageShsOut": 321775000,
        "weightedAverageShsOutDil": 325068000,
        "link": "https://www.sec.gov/Archives/edgar/data/885639/000119312507132443/0001193125-07-132443-index.htm",
        "finalLink": "https://www.sec.gov/Archives/edgar/data/885639/000119312507132443/d10q.htm"
    },
    {
        "date": "2007-02-03",
        "symbol": "KSS",
        "reportedCurrency": "USD",
        "cik": "0000885639",
        "fillingDate": "2007-03-23",
        "acceptedDate": "2007-03-23 16:11:31",
        "calendarYear": "2006",
        "period": "Q4",
        "revenue": 5430757000,
        "costOfRevenue": 3512455000,
        "grossProfit": 1918302000,
        "grossProfitRatio": 0.3532292091,
        "researchAndDevelopmentExpenses": 0,
        "generalAndAdministrativeExpenses": 0,
        "sellingAndMarketingExpenses": 0,
        "sellingGeneralAndAdministrativeExpenses": 1026539000,
        "otherExpenses": 104008000,
        "operatingExpenses": 1130547000,
        "costAndExpenses": 4643002000,
        "interestIncome": 0,
        "interestExpense": 66743000,
        "depreciationAndAmortization": 104168000,
        "ebitda": 891923000,
        "ebitdaratio": 0.1642354832,
        "operatingIncome": 787755000,
        "operatingIncomeRatio": 0.1450543635,
        "totalOtherIncomeExpensesNet": -9932000,
        "incomeBeforeTax": 777823000,
        "incomeBeforeTaxRatio": 0.1432255209,
        "incomeTaxExpense": 293240000,
        "netIncome": 484583000,
        "netIncomeRatio": 0.0892293653,
        "eps": 1.49,
        "epsdiluted": 1.49,
        "weightedAverageShsOut": 322317677,
        "weightedAverageShsOutDil": 326300000,
        "link": "https://www.sec.gov/Archives/edgar/data/885639/000119312507062937/0001193125-07-062937-index.htm",
        "finalLink": "https://www.sec.gov/Archives/edgar/data/885639/000119312507062937/d10k.htm"
    },
    {
        "date": "2006-10-28",
        "symbol": "KSS",
        "reportedCurrency": "USD",
        "cik": "0000885639",
        "fillingDate": "2006-12-01",
        "acceptedDate": "2006-12-01 16:26:20",
        "calendarYear": "2006",
        "period": "Q3",
        "revenue": 3637272000,
        "costOfRevenue": 2288141000,
        "grossProfit": 1349131000,
        "grossProfitRatio": 0.3709183696,
        "researchAndDevelopmentExpenses": 0,
        "generalAndAdministrativeExpenses": 0,
        "sellingAndMarketingExpenses": 0,
        "sellingGeneralAndAdministrativeExpenses": 885429000,
        "otherExpenses": 94318000,
        "operatingExpenses": 979747000,
        "costAndExpenses": 3267888000,
        "interestIncome": 0,
        "interestExpense": 10189000,
        "depreciationAndAmortization": 94594000,
        "ebitda": 463702000,
        "ebitdaratio": 0.1274862039,
        "operatingIncome": 369384000,
        "operatingIncomeRatio": 0.1015552315,
        "totalOtherIncomeExpensesNet": -10189000,
        "incomeBeforeTax": 359195000,
        "incomeBeforeTaxRatio": 0.0987539563,
        "incomeTaxExpense": 134699000,
        "netIncome": 224496000,
        "netIncomeRatio": 0.0617209821,
        "eps": 0.69,
        "epsdiluted": 0.68,
        "weightedAverageShsOut": 326904000,
        "weightedAverageShsOutDil": 329814000,
        "link": "https://www.sec.gov/Archives/edgar/data/885639/000119312506245334/0001193125-06-245334-index.htm",
        "finalLink": "https://www.sec.gov/Archives/edgar/data/885639/000119312506245334/d10q.htm"
    },
    {
        "date": "2006-07-29",
        "symbol": "KSS",
        "reportedCurrency": "USD",
        "cik": "0000885639",
        "fillingDate": "2006-09-01",
        "acceptedDate": "2006-09-01 16:25:57",
        "calendarYear": "2006",
        "period": "Q2",
        "revenue": 3291431000,
        "costOfRevenue": 2053385000,
        "grossProfit": 1238046000,
        "grossProfitRatio": 0.3761421704,
        "researchAndDevelopmentExpenses": 0,
        "generalAndAdministrativeExpenses": 0,
        "sellingAndMarketingExpenses": 0,
        "sellingGeneralAndAdministrativeExpenses": 766522000,
        "otherExpenses": 96105000,
        "operatingExpenses": 862627000,
        "costAndExpenses": 2916012000,
        "interestIncome": 0,
        "interestExpense": 6011000,
        "depreciationAndAmortization": 96310000,
        "ebitda": 471524000,
        "ebitdaratio": 0.143258054,
        "operatingIncome": 375419000,
        "operatingIncomeRatio": 0.1140595079,
        "totalOtherIncomeExpensesNet": -6011000,
        "incomeBeforeTax": 369408000,
        "incomeBeforeTaxRatio": 0.1122332505,
        "incomeTaxExpense": 137050000,
        "netIncome": 232358000,
        "netIncomeRatio": 0.0705948264,
        "eps": 0.7,
        "epsdiluted": 0.69,
        "weightedAverageShsOut": 333394000,
        "weightedAverageShsOutDil": 335694000,
        "link": "https://www.sec.gov/Archives/edgar/data/885639/000119312506184506/0001193125-06-184506-index.htm",
        "finalLink": "https://www.sec.gov/Archives/edgar/data/885639/000119312506184506/d10q.htm"
    },
    {
        "date": "2006-04-29",
        "symbol": "KSS",
        "reportedCurrency": "USD",
        "cik": "0000885639",
        "fillingDate": "2006-06-02",
        "acceptedDate": "2006-06-02 16:15:09",
        "calendarYear": "2006",
        "period": "Q1",
        "revenue": 3184725000,
        "costOfRevenue": 2036532000,
        "grossProfit": 1148193000,
        "grossProfitRatio": 0.3605312861,
        "researchAndDevelopmentExpenses": 0,
        "generalAndAdministrativeExpenses": 0,
        "sellingAndMarketingExpenses": 0,
        "sellingGeneralAndAdministrativeExpenses": 772706000,
        "otherExpenses": 93272000,
        "operatingExpenses": 865978000,
        "costAndExpenses": 2902510000,
        "interestIncome": 0,
        "interestExpense": 14195000,
        "depreciationAndAmortization": 93443000,
        "ebitda": 375487000,
        "ebitdaratio": 0.1179024877,
        "operatingIncome": 282215000,
        "operatingIncomeRatio": 0.0886151866,
        "totalOtherIncomeExpensesNet": -14195000,
        "incomeBeforeTax": 268020000,
        "incomeBeforeTaxRatio": 0.0841579728,
        "incomeTaxExpense": 100775000,
        "netIncome": 167245000,
        "netIncomeRatio": 0.0525147383,
        "eps": 0.48,
        "epsdiluted": 0.48,
        "weightedAverageShsOut": 345277000,
        "weightedAverageShsOutDil": 347285000,
        "link": "https://www.sec.gov/Archives/edgar/data/885639/000119312506123623/0001193125-06-123623-index.htm",
        "finalLink": "https://www.sec.gov/Archives/edgar/data/885639/000119312506123623/d10q.htm"
    },
    {
        "date": "2006-01-28",
        "symbol": "KSS",
        "reportedCurrency": "USD",
        "cik": "0000885639",
        "fillingDate": "2006-03-17",
        "acceptedDate": "2006-03-17 17:30:42",
        "calendarYear": "2005",
        "period": "Q4",
        "revenue": 4651941000,
        "costOfRevenue": 3073381000,
        "grossProfit": 1578560000,
        "grossProfitRatio": 0.3393336244,
        "researchAndDevelopmentExpenses": 0,
        "generalAndAdministrativeExpenses": 0,
        "sellingAndMarketingExpenses": 0,
        "sellingGeneralAndAdministrativeExpenses": 865736000,
        "otherExpenses": 91175000,
        "operatingExpenses": 956911000,
        "costAndExpenses": 4030292000,
        "interestIncome": 0,
        "interestExpense": 0,
        "depreciationAndAmortization": 91395000,
        "ebitda": 713044000,
        "ebitdaratio": 0.1532788142,
        "operatingIncome": 621649000,
        "operatingIncomeRatio": 0.1336321763,
        "totalOtherIncomeExpensesNet": -18894000,
        "incomeBeforeTax": 602755000,
        "incomeBeforeTaxRatio": 0.1295706459,
        "incomeTaxExpense": 227842000,
        "netIncome": 374913000,
        "netIncomeRatio": 0.0805928106,
        "eps": 1.08,
        "epsdiluted": 1.08,
        "weightedAverageShsOut": 342595571,
        "weightedAverageShsOutDil": 346600000,
        "link": "https://www.sec.gov/Archives/edgar/data/885639/000119312506058252/0001193125-06-058252-index.htm",
        "finalLink": "https://www.sec.gov/Archives/edgar/data/885639/000119312506058252/d10k.htm"
    },
    {
        "date": "2005-10-29",
        "symbol": "KSS",
        "reportedCurrency": "USD",
        "cik": "0000885639",
        "fillingDate": "2005-12-02",
        "acceptedDate": "2005-12-02 16:01:30",
        "calendarYear": "2005",
        "period": "Q3",
        "revenue": 3119360000,
        "costOfRevenue": 1986766000,
        "grossProfit": 1132594000,
        "grossProfitRatio": 0.3630853765,
        "researchAndDevelopmentExpenses": 0,
        "generalAndAdministrativeExpenses": 0,
        "sellingAndMarketingExpenses": 0,
        "sellingGeneralAndAdministrativeExpenses": 780051000,
        "otherExpenses": 85112000,
        "operatingExpenses": 865163000,
        "costAndExpenses": 2851929000,
        "interestIncome": 0,
        "interestExpense": 0,
        "depreciationAndAmortization": 85328000,
        "ebitda": 352543000,
        "ebitdaratio": 0.1130177344,
        "operatingIncome": 267431000,
        "operatingIncomeRatio": 0.0857326503,
        "totalOtherIncomeExpensesNet": -18031000,
        "incomeBeforeTax": 249400000,
        "incomeBeforeTaxRatio": 0.0799522979,
        "incomeTaxExpense": 94273000,
        "netIncome": 155127000,
        "netIncomeRatio": 0.0497303934,
        "eps": 0.45,
        "epsdiluted": 0.45,
        "weightedAverageShsOut": 344441000,
        "weightedAverageShsOutDil": 346778000,
        "link": "https://www.sec.gov/Archives/edgar/data/885639/000119312505235881/0001193125-05-235881-index.htm",
        "finalLink": "https://www.sec.gov/Archives/edgar/data/885639/000119312505235881/d10q.htm"
    },
    {
        "date": "2005-07-30",
        "symbol": "KSS",
        "reportedCurrency": "USD",
        "cik": "0000885639",
        "fillingDate": "2005-09-02",
        "acceptedDate": "2005-09-02 16:58:51",
        "calendarYear": "2005",
        "period": "Q2",
        "revenue": 2888078000,
        "costOfRevenue": 1819493000,
        "grossProfit": 1068585000,
        "grossProfitRatio": 0.3699986635,
        "researchAndDevelopmentExpenses": 0,
        "generalAndAdministrativeExpenses": 0,
        "sellingAndMarketingExpenses": 0,
        "sellingGeneralAndAdministrativeExpenses": 676562000,
        "otherExpenses": 82623000,
        "operatingExpenses": 759185000,
        "costAndExpenses": 2578678000,
        "interestIncome": 0,
        "interestExpense": 0,
        "depreciationAndAmortization": 82861000,
        "ebitda": 392261000,
        "ebitdaratio": 0.1358207777,
        "operatingIncome": 309400000,
        "operatingIncomeRatio": 0.1071300706,
        "totalOtherIncomeExpensesNet": -16303000,
        "incomeBeforeTax": 293097000,
        "incomeBeforeTaxRatio": 0.1014851399,
        "incomeTaxExpense": 105911000,
        "netIncome": 187186000,
        "netIncomeRatio": 0.0648133465,
        "eps": 0.54,
        "epsdiluted": 0.54,
        "weightedAverageShsOut": 344066000,
        "weightedAverageShsOutDil": 346772000,
        "link": "https://www.sec.gov/Archives/edgar/data/885639/000119312505179949/0001193125-05-179949-index.htm",
        "finalLink": "https://www.sec.gov/Archives/edgar/data/885639/000119312505179949/d10q.htm"
    },
    {
        "date": "2005-04-30",
        "symbol": "KSS",
        "reportedCurrency": "USD",
        "cik": "0000885639",
        "fillingDate": "2005-06-03",
        "acceptedDate": "2005-06-03 16:12:26",
        "calendarYear": "2005",
        "period": "Q1",
        "revenue": 2742838000,
        "costOfRevenue": 1759638000,
        "grossProfit": 983200000,
        "grossProfitRatio": 0.3584608351,
        "researchAndDevelopmentExpenses": 0,
        "generalAndAdministrativeExpenses": 0,
        "sellingAndMarketingExpenses": 0,
        "sellingGeneralAndAdministrativeExpenses": 685494000,
        "otherExpenses": 80006000,
        "operatingExpenses": 765500000,
        "costAndExpenses": 2525138000,
        "interestIncome": 0,
        "interestExpense": 0,
        "depreciationAndAmortization": 80242000,
        "ebitda": 297706000,
        "ebitdaratio": 0.1085394033,
        "operatingIncome": 217700000,
        "operatingIncomeRatio": 0.0793703456,
        "totalOtherIncomeExpensesNet": -17162000,
        "incomeBeforeTax": 200538000,
        "incomeBeforeTaxRatio": 0.0731133228,
        "incomeTaxExpense": 75804000,
        "netIncome": 124734000,
        "netIncomeRatio": 0.0454762549,
        "eps": 0.36,
        "epsdiluted": 0.36,
        "weightedAverageShsOut": 343526000,
        "weightedAverageShsOutDil": 345906000,
        "link": "https://www.sec.gov/Archives/edgar/data/885639/000119312505120086/0001193125-05-120086-index.htm",
        "finalLink": "https://www.sec.gov/Archives/edgar/data/885639/000119312505120086/d10q.htm"
    },
    {
        "date": "2005-01-29",
        "symbol": "KSS",
        "reportedCurrency": "USD",
        "cik": "0000885639",
        "fillingDate": "2005-03-18",
        "acceptedDate": "2005-03-18 16:15:59",
        "calendarYear": "2004",
        "period": "Q4",
        "revenue": 4078706000,
        "costOfRevenue": 2708116000,
        "grossProfit": 1370590000,
        "grossProfitRatio": 0.3360354975,
        "researchAndDevelopmentExpenses": 0,
        "generalAndAdministrativeExpenses": 0,
        "sellingAndMarketingExpenses": 0,
        "sellingGeneralAndAdministrativeExpenses": 763665000,
        "otherExpenses": 79828000,
        "operatingExpenses": 843493000,
        "costAndExpenses": 3551609000,
        "interestIncome": 0,
        "interestExpense": 64147000,
        "depreciationAndAmortization": 80064000,
        "ebitda": 607161000,
        "ebitdaratio": 0.1488611829,
        "operatingIncome": 527097000,
        "operatingIncomeRatio": 0.1292314278,
        "totalOtherIncomeExpensesNet": -17394000,
        "incomeBeforeTax": 509703000,
        "incomeBeforeTaxRatio": 0.12496684,
        "incomeTaxExpense": 192668000,
        "netIncome": 317035000,
        "netIncomeRatio": 0.0777293092,
        "eps": 0.92,
        "epsdiluted": 0.92,
        "weightedAverageShsOut": 342053184,
        "weightedAverageShsOutDil": 346100000,
        "link": "https://www.sec.gov/Archives/edgar/data/885639/000119312505055302/0001193125-05-055302-index.htm",
        "finalLink": "https://www.sec.gov/Archives/edgar/data/885639/000119312505055302/d10k.htm"
    },
    {
        "date": "2004-10-30",
        "symbol": "KSS",
        "reportedCurrency": "USD",
        "cik": "0000885639",
        "fillingDate": "2004-12-03",
        "acceptedDate": "2004-12-03 16:19:12",
        "calendarYear": "2004",
        "period": "Q3",
        "revenue": 2743882000,
        "costOfRevenue": 1758331000,
        "grossProfit": 985551000,
        "grossProfitRatio": 0.3591812622,
        "researchAndDevelopmentExpenses": 0,
        "generalAndAdministrativeExpenses": 0,
        "sellingAndMarketingExpenses": 0,
        "sellingGeneralAndAdministrativeExpenses": 667785000,
        "otherExpenses": 71544000,
        "operatingExpenses": 739329000,
        "costAndExpenses": 2497660000,
        "interestIncome": 0,
        "interestExpense": 15071000,
        "depreciationAndAmortization": 71776000,
        "ebitda": 317998000,
        "ebitdaratio": 0.1158934677,
        "operatingIncome": 246222000,
        "operatingIncomeRatio": 0.0897349084,
        "totalOtherIncomeExpensesNet": -15071000,
        "incomeBeforeTax": 231151000,
        "incomeBeforeTaxRatio": 0.0842423253,
        "incomeTaxExpense": 87375000,
        "netIncome": 143776000,
        "netIncomeRatio": 0.0523987548,
        "eps": 0.39,
        "epsdiluted": 0.39,
        "weightedAverageShsOut": 342312000,
        "weightedAverageShsOutDil": 344896000,
        "link": "https://www.sec.gov/Archives/edgar/data/885639/000119312504207323/0001193125-04-207323-index.htm",
        "finalLink": "https://www.sec.gov/Archives/edgar/data/885639/000119312504207323/d10q.htm"
    },
    {
        "date": "2004-07-31",
        "symbol": "KSS",
        "reportedCurrency": "USD",
        "cik": "0000885639",
        "fillingDate": "2004-09-03",
        "acceptedDate": "2004-09-03 16:02:17",
        "calendarYear": "2004",
        "period": "Q2",
        "revenue": 2497858000,
        "costOfRevenue": 1587809000,
        "grossProfit": 910049000,
        "grossProfitRatio": 0.3643317595,
        "researchAndDevelopmentExpenses": 0,
        "generalAndAdministrativeExpenses": 0,
        "sellingAndMarketingExpenses": 0,
        "sellingGeneralAndAdministrativeExpenses": 573824000,
        "otherExpenses": 70825000,
        "operatingExpenses": 644649000,
        "costAndExpenses": 2232458000,
        "interestIncome": 0,
        "interestExpense": 14983000,
        "depreciationAndAmortization": 71033000,
        "ebitda": 336433000,
        "ebitdaratio": 0.1346886012,
        "operatingIncome": 265400000,
        "operatingIncomeRatio": 0.1062510359,
        "totalOtherIncomeExpensesNet": -14957000,
        "incomeBeforeTax": 250443000,
        "incomeBeforeTaxRatio": 0.1002631054,
        "incomeTaxExpense": 94668000,
        "netIncome": 155775000,
        "netIncomeRatio": 0.062363433,
        "eps": 0.43,
        "epsdiluted": 0.43,
        "weightedAverageShsOut": 341030000,
        "weightedAverageShsOutDil": 344195000,
        "link": "https://www.sec.gov/Archives/edgar/data/885639/000119312504152174/0001193125-04-152174-index.htm",
        "finalLink": "https://www.sec.gov/Archives/edgar/data/885639/000119312504152174/d10q.htm"
    },
    {
        "date": "2004-05-01",
        "symbol": "KSS",
        "reportedCurrency": "USD",
        "cik": "0000885639",
        "fillingDate": "2004-06-04",
        "acceptedDate": "2004-06-04 16:23:19",
        "calendarYear": "2004",
        "period": "Q1",
        "revenue": 2380173000,
        "costOfRevenue": 1532736000,
        "grossProfit": 847437000,
        "grossProfitRatio": 0.3560400862,
        "researchAndDevelopmentExpenses": 0,
        "generalAndAdministrativeExpenses": 0,
        "sellingAndMarketingExpenses": 0,
        "sellingGeneralAndAdministrativeExpenses": 583478000,
        "otherExpenses": 66002000,
        "operatingExpenses": 649480000,
        "costAndExpenses": 2182216000,
        "interestIncome": 0,
        "interestExpense": 0,
        "depreciationAndAmortization": 66235000,
        "ebitda": 264192000,
        "ebitdaratio": 0.1109969737,
        "operatingIncome": 197957000,
        "operatingIncomeRatio": 0.0831691646,
        "totalOtherIncomeExpensesNet": -15004000,
        "incomeBeforeTax": 182953000,
        "incomeBeforeTaxRatio": 0.0768654211,
        "incomeTaxExpense": 69159000,
        "netIncome": 113794000,
        "netIncomeRatio": 0.0478091298,
        "eps": 0.3,
        "epsdiluted": 0.3,
        "weightedAverageShsOut": 340434000,
        "weightedAverageShsOutDil": 343858000,
        "link": "https://www.sec.gov/Archives/edgar/data/885639/000119312504098989/0001193125-04-098989-index.htm",
        "finalLink": "https://www.sec.gov/Archives/edgar/data/885639/000119312504098989/d10q.htm"
    },
    {
        "date": "2004-01-31",
        "symbol": "KSS",
        "reportedCurrency": "USD",
        "cik": "0000885639",
        "fillingDate": "2004-03-19",
        "acceptedDate": "2004-03-19 16:10:58",
        "calendarYear": "2003",
        "period": "Q4",
        "revenue": 3561941000,
        "costOfRevenue": 2460290000,
        "grossProfit": 1101651000,
        "grossProfitRatio": 0.3092838989,
        "researchAndDevelopmentExpenses": 0,
        "generalAndAdministrativeExpenses": 0,
        "sellingAndMarketingExpenses": 0,
        "sellingGeneralAndAdministrativeExpenses": 624108000,
        "otherExpenses": 64522000,
        "operatingExpenses": 688630000,
        "costAndExpenses": 3148920000,
        "interestIncome": 0,
        "interestExpense": 75240000,
        "depreciationAndAmortization": 64780000,
        "ebitda": 477801000,
        "ebitdaratio": 0.1341406273,
        "operatingIncome": 413021000,
        "operatingIncomeRatio": 0.1159539139,
        "totalOtherIncomeExpensesNet": -16202000,
        "incomeBeforeTax": 396819000,
        "incomeBeforeTaxRatio": 0.1114052703,
        "incomeTaxExpense": 149995000,
        "netIncome": 246824000,
        "netIncomeRatio": 0.069294803,
        "eps": 0.72,
        "epsdiluted": 0.72,
        "weightedAverageShsOut": 344400000,
        "weightedAverageShsOutDil": 344400000,
        "link": "https://www.sec.gov/Archives/edgar/data/885639/000119312504045654/0001193125-04-045654-index.htm",
        "finalLink": "https://www.sec.gov/Archives/edgar/data/885639/000119312504045654/d10k.htm"
    },
    {
        "date": "2003-11-01",
        "symbol": "KSS",
        "reportedCurrency": "USD",
        "cik": "0000885639",
        "fillingDate": "2003-12-04",
        "acceptedDate": "2003-12-04 15:18:47",
        "calendarYear": "2003",
        "period": "Q3",
        "revenue": 2393950000,
        "costOfRevenue": 1578608000,
        "grossProfit": 815342000,
        "grossProfitRatio": 0.3405843898,
        "researchAndDevelopmentExpenses": 0,
        "generalAndAdministrativeExpenses": 0,
        "sellingAndMarketingExpenses": 0,
        "sellingGeneralAndAdministrativeExpenses": 544863000,
        "otherExpenses": 59916000,
        "operatingExpenses": 604779000,
        "costAndExpenses": 2183387000,
        "interestIncome": 0,
        "interestExpense": 15755000,
        "depreciationAndAmortization": 60181000,
        "ebitda": 270479000,
        "ebitdaratio": 0.1129843982,
        "operatingIncome": 210563000,
        "operatingIncomeRatio": 0.0879563065,
        "totalOtherIncomeExpensesNet": -15755000,
        "incomeBeforeTax": 194808000,
        "incomeBeforeTaxRatio": 0.0813751331,
        "incomeTaxExpense": 73638000,
        "netIncome": 121170000,
        "netIncomeRatio": 0.0506150922,
        "eps": 0.36,
        "epsdiluted": 0.35,
        "weightedAverageShsOut": 339751000,
        "weightedAverageShsOutDil": 344447000,
        "link": "https://www.sec.gov/Archives/edgar/data/885639/000119312503089376/0001193125-03-089376-index.htm",
        "finalLink": "https://www.sec.gov/Archives/edgar/data/885639/000119312503089376/d10q.htm"
    },
    {
        "date": "2003-08-02",
        "symbol": "KSS",
        "reportedCurrency": "USD",
        "cik": "0000885639",
        "fillingDate": "2003-09-03",
        "acceptedDate": "2003-09-03 15:44:09",
        "calendarYear": "2003",
        "period": "Q2",
        "revenue": 2208459000,
        "costOfRevenue": 1471656000,
        "grossProfit": 736803000,
        "grossProfitRatio": 0.3336276562,
        "researchAndDevelopmentExpenses": 0,
        "generalAndAdministrativeExpenses": 0,
        "sellingAndMarketingExpenses": 0,
        "sellingGeneralAndAdministrativeExpenses": 476315000,
        "otherExpenses": 57009000,
        "operatingExpenses": 533324000,
        "costAndExpenses": 2004980000,
        "interestIncome": 0,
        "interestExpense": 23208000,
        "depreciationAndAmortization": 64412000,
        "ebitda": 260488000,
        "ebitdaratio": 0.1179501182,
        "operatingIncome": 203479000,
        "operatingIncomeRatio": 0.0921361909,
        "totalOtherIncomeExpensesNet": -23208000,
        "incomeBeforeTax": 180271000,
        "incomeBeforeTaxRatio": 0.0816275059,
        "incomeTaxExpense": 68126000,
        "netIncome": 112145000,
        "netIncomeRatio": 0.0507797519,
        "eps": 0.33,
        "epsdiluted": 0.33,
        "weightedAverageShsOut": 338954000,
        "weightedAverageShsOutDil": 343665000,
        "link": "https://www.sec.gov/Archives/edgar/data/885639/000119312503045024/0001193125-03-045024-index.htm",
        "finalLink": "https://www.sec.gov/Archives/edgar/data/885639/000119312503045024/d10q.htm"
    },
    {
        "date": "2003-05-03",
        "symbol": "KSS",
        "reportedCurrency": "USD",
        "cik": "0000885639",
        "fillingDate": "2003-06-04",
        "acceptedDate": "2003-06-04 15:49:32",
        "calendarYear": "2003",
        "period": "Q1",
        "revenue": 2117744000,
        "costOfRevenue": 1376479000,
        "grossProfit": 741265000,
        "grossProfitRatio": 0.3500257822,
        "researchAndDevelopmentExpenses": 0,
        "generalAndAdministrativeExpenses": 0,
        "sellingAndMarketingExpenses": 0,
        "sellingGeneralAndAdministrativeExpenses": 489607000,
        "otherExpenses": 55417000,
        "operatingExpenses": 545024000,
        "costAndExpenses": 1921503000,
        "interestIncome": 0,
        "interestExpense": 17766000,
        "depreciationAndAmortization": 58103000,
        "ebitda": 251658000,
        "ebitdaratio": 0.1188330601,
        "operatingIncome": 196241000,
        "operatingIncomeRatio": 0.0926651191,
        "totalOtherIncomeExpensesNet": -17766000,
        "incomeBeforeTax": 178475000,
        "incomeBeforeTaxRatio": 0.0842760031,
        "incomeTaxExpense": 67462000,
        "netIncome": 111013000,
        "netIncomeRatio": 0.0524204059,
        "eps": 0.33,
        "epsdiluted": 0.32,
        "weightedAverageShsOut": 338013000,
        "weightedAverageShsOutDil": 342847000,
        "link": "https://www.sec.gov/Archives/edgar/data/885639/000119312503008227/0001193125-03-008227-index.htm",
        "finalLink": "https://www.sec.gov/Archives/edgar/data/885639/000119312503008227/d10q.htm"
    },
    {
        "date": "2003-02-01",
        "symbol": "KSS",
        "reportedCurrency": "USD",
        "cik": "0000885639",
        "fillingDate": "2003-03-21",
        "acceptedDate": "2003-03-21 17:10:00",
        "calendarYear": "2002",
        "period": "Q4",
        "revenue": 3184479000,
        "costOfRevenue": 2133528000,
        "grossProfit": 1050951000,
        "grossProfitRatio": 0.3300229017,
        "researchAndDevelopmentExpenses": 0,
        "generalAndAdministrativeExpenses": 0,
        "sellingAndMarketingExpenses": 0,
        "sellingGeneralAndAdministrativeExpenses": 534889000,
        "otherExpenses": 50979000,
        "operatingExpenses": 585868000,
        "costAndExpenses": 2719396000,
        "interestIncome": 0,
        "interestExpense": 59449000,
        "depreciationAndAmortization": 53647000,
        "ebitda": 518730000,
        "ebitdaratio": 0.162893208,
        "operatingIncome": 465083000,
        "operatingIncomeRatio": 0.1460468102,
        "totalOtherIncomeExpensesNet": -16612000,
        "incomeBeforeTax": 448471000,
        "incomeBeforeTaxRatio": 0.1408302583,
        "incomeTaxExpense": 169520000,
        "netIncome": 278951000,
        "netIncomeRatio": 0.0875970606,
        "eps": 0.8,
        "epsdiluted": 0.8,
        "weightedAverageShsOut": 337177000,
        "weightedAverageShsOutDil": 346900000,
        "link": "https://www.sec.gov/Archives/edgar/data/885639/000095013103001529/0000950131-03-001529-index.htm",
        "finalLink": "https://www.sec.gov/Archives/edgar/data/885639/000095013103001529/d10k.htm"
    },
    {
        "date": "2002-11-02",
        "symbol": "KSS",
        "reportedCurrency": "USD",
        "cik": "0000885639",
        "fillingDate": "2002-12-09",
        "acceptedDate": "2002-12-09 17:18:54",
        "calendarYear": "2002",
        "period": "Q3",
        "revenue": 2143390000,
        "costOfRevenue": 1399097000,
        "grossProfit": 744293000,
        "grossProfitRatio": 0.3472503837,
        "researchAndDevelopmentExpenses": 0,
        "generalAndAdministrativeExpenses": 0,
        "sellingAndMarketingExpenses": 0,
        "sellingGeneralAndAdministrativeExpenses": 466954000,
        "otherExpenses": 49065000,
        "operatingExpenses": 516019000,
        "costAndExpenses": 1915116000,
        "interestIncome": 0,
        "interestExpense": 0,
        "depreciationAndAmortization": 51676000,
        "ebitda": 279950000,
        "ebitdaratio": 0.1306108548,
        "operatingIncome": 228274000,
        "operatingIncomeRatio": 0.1065013833,
        "totalOtherIncomeExpensesNet": -13769000,
        "incomeBeforeTax": 214505000,
        "incomeBeforeTaxRatio": 0.1000774474,
        "incomeTaxExpense": 81084000,
        "netIncome": 133421000,
        "netIncomeRatio": 0.0622476544,
        "eps": 0.4,
        "epsdiluted": 0.39,
        "weightedAverageShsOut": 336923000,
        "weightedAverageShsOutDil": 346766000,
        "link": "https://www.sec.gov/Archives/edgar/data/885639/000095013102004786/0000950131-02-004786-index.htm",
        "finalLink": "https://www.sec.gov/Archives/edgar/data/885639/000095013102004786/d10q.txt"
    },
    {
        "date": "2002-08-03",
        "symbol": "KSS",
        "reportedCurrency": "USD",
        "cik": "0000885639",
        "fillingDate": "2002-09-16",
        "acceptedDate": "2002-09-16 17:11:37",
        "calendarYear": "2002",
        "period": "Q2",
        "revenue": 1921830000,
        "costOfRevenue": 1234773000,
        "grossProfit": 687057000,
        "grossProfitRatio": 0.3575014439,
        "researchAndDevelopmentExpenses": 0,
        "generalAndAdministrativeExpenses": 0,
        "sellingAndMarketingExpenses": 0,
        "sellingGeneralAndAdministrativeExpenses": 426637000,
        "otherExpenses": 47426000,
        "operatingExpenses": 474063000,
        "costAndExpenses": 1708836000,
        "interestIncome": 0,
        "interestExpense": 0,
        "depreciationAndAmortization": 49978000,
        "ebitda": 262972000,
        "ebitdaratio": 0.1368341633,
        "operatingIncome": 212994000,
        "operatingIncomeRatio": 0.1108287414,
        "totalOtherIncomeExpensesNet": -13013000,
        "incomeBeforeTax": 199981000,
        "incomeBeforeTaxRatio": 0.1040575909,
        "incomeTaxExpense": 75593000,
        "netIncome": 124388000,
        "netIncomeRatio": 0.0647237269,
        "eps": 0.37,
        "epsdiluted": 0.36,
        "weightedAverageShsOut": 336662000,
        "weightedAverageShsOutDil": 343439000,
        "link": "https://www.sec.gov/Archives/edgar/data/885639/000095013102003544/0000950131-02-003544-index.htm",
        "finalLink": "https://www.sec.gov/Archives/edgar/data/885639/000095013102003544/d10q.txt"
    },
    {
        "date": "2002-05-04",
        "symbol": "KSS",
        "reportedCurrency": "USD",
        "cik": "0000885639",
        "fillingDate": "2002-06-18",
        "acceptedDate": "2002-06-18 16:04:48",
        "calendarYear": "2002",
        "period": "Q1",
        "revenue": 1870588000,
        "costOfRevenue": 1213821000,
        "grossProfit": 656767000,
        "grossProfitRatio": 0.3511018995,
        "researchAndDevelopmentExpenses": 0,
        "generalAndAdministrativeExpenses": 0,
        "sellingAndMarketingExpenses": 0,
        "sellingGeneralAndAdministrativeExpenses": 428766000,
        "otherExpenses": 46212000,
        "operatingExpenses": 474978000,
        "costAndExpenses": 1688799000,
        "interestIncome": 0,
        "interestExpense": 0,
        "depreciationAndAmortization": 46490000,
        "ebitda": 228279000,
        "ebitdaratio": 0.1220359587,
        "operatingIncome": 181789000,
        "operatingIncomeRatio": 0.097182811,
        "totalOtherIncomeExpensesNet": -12615000,
        "incomeBeforeTax": 171417000,
        "incomeBeforeTaxRatio": 0.0916380304,
        "incomeTaxExpense": 64796000,
        "netIncome": 106621000,
        "netIncomeRatio": 0.056998655,
        "eps": 0.32,
        "epsdiluted": 0.31,
        "weightedAverageShsOut": 335858000,
        "weightedAverageShsOutDil": 342615000,
        "link": "https://www.sec.gov/Archives/edgar/data/885639/000095013102002410/0000950131-02-002410-index.htm",
        "finalLink": "https://www.sec.gov/Archives/edgar/data/885639/000095013102002410/d10q.txt"
    },
    {
        "date": "2002-02-02",
        "symbol": "KSS",
        "reportedCurrency": "USD",
        "cik": "0000885639",
        "fillingDate": "2002-04-15",
        "acceptedDate": "2002-04-15 00:00:00",
        "calendarYear": "2001",
        "period": "Q4",
        "revenue": 2724225000,
        "costOfRevenue": 1825039000,
        "grossProfit": 899186000,
        "grossProfitRatio": 0.330070387,
        "researchAndDevelopmentExpenses": 0,
        "generalAndAdministrativeExpenses": 0,
        "sellingAndMarketingExpenses": 0,
        "sellingGeneralAndAdministrativeExpenses": 468193000,
        "otherExpenses": 41713000,
        "operatingExpenses": 509906000,
        "costAndExpenses": 2334945000,
        "interestIncome": 0,
        "interestExpense": 0,
        "depreciationAndAmortization": 44213000,
        "ebitda": 433493000,
        "ebitdaratio": 0.1591252558,
        "operatingIncome": 389280000,
        "operatingIncomeRatio": 0.1428956859,
        "totalOtherIncomeExpensesNet": -13128000,
        "incomeBeforeTax": 376152000,
        "incomeBeforeTaxRatio": 0.1380767007,
        "incomeTaxExpense": 142330000,
        "netIncome": 233822000,
        "netIncomeRatio": 0.0858306491,
        "eps": 0.68,
        "epsdiluted": 0.68,
        "weightedAverageShsOut": 338994988,
        "weightedAverageShsOutDil": 346100000,
        "link": "https://www.sec.gov/Archives/edgar/data/885639/000095013102001494/0000950131-02-001494-index.htm",
        "finalLink": "https://www.sec.gov/Archives/edgar/data/885639/000095013102001494/d10k.txt"
    },
    {
        "date": "2001-11-03",
        "symbol": "KSS",
        "reportedCurrency": "USD",
        "cik": "0000885639",
        "fillingDate": "2001-12-07",
        "acceptedDate": "2001-12-07 00:00:00",
        "calendarYear": "2001",
        "period": "Q3",
        "revenue": 1760346000,
        "costOfRevenue": 1152038000,
        "grossProfit": 608308000,
        "grossProfitRatio": 0.3455616112,
        "researchAndDevelopmentExpenses": 0,
        "generalAndAdministrativeExpenses": 0,
        "sellingAndMarketingExpenses": 0,
        "sellingGeneralAndAdministrativeExpenses": 392210000,
        "otherExpenses": 40263000,
        "operatingExpenses": 432473000,
        "costAndExpenses": 1584511000,
        "interestIncome": 0,
        "interestExpense": 0,
        "depreciationAndAmortization": 42738000,
        "ebitda": 218573000,
        "ebitdaratio": 0.1241647949,
        "operatingIncome": 175835000,
        "operatingIncomeRatio": 0.0998866132,
        "totalOtherIncomeExpensesNet": -13651000,
        "incomeBeforeTax": 162184000,
        "incomeBeforeTaxRatio": 0.0921318877,
        "incomeTaxExpense": 61954000,
        "netIncome": 100230000,
        "netIncomeRatio": 0.0569376702,
        "eps": 0.3,
        "epsdiluted": 0.29,
        "weightedAverageShsOut": 334616000,
        "weightedAverageShsOutDil": 342292000,
        "link": "https://www.sec.gov/Archives/edgar/data/885639/000095013101504439/0000950131-01-504439-index.htm",
        "finalLink": "https://www.sec.gov/Archives/edgar/data/885639/000095013101504439/d10q.txt"
    },
    {
        "date": "2001-08-04",
        "symbol": "KSS",
        "reportedCurrency": "USD",
        "cik": "0000885639",
        "fillingDate": "2001-09-05",
        "acceptedDate": "2001-09-05 00:00:00",
        "calendarYear": "2001",
        "period": "Q2",
        "revenue": 1515750000,
        "costOfRevenue": 978915000,
        "grossProfit": 536835000,
        "grossProfitRatio": 0.3541712024,
        "researchAndDevelopmentExpenses": 0,
        "generalAndAdministrativeExpenses": 0,
        "sellingAndMarketingExpenses": 0,
        "sellingGeneralAndAdministrativeExpenses": 346106000,
        "otherExpenses": 38379000,
        "operatingExpenses": 384485000,
        "costAndExpenses": 1363400000,
        "interestIncome": 0,
        "interestExpense": 0,
        "depreciationAndAmortization": 40849000,
        "ebitda": 193199000,
        "ebitdaratio": 0.1274609929,
        "operatingIncome": 152350000,
        "operatingIncomeRatio": 0.100511298,
        "totalOtherIncomeExpensesNet": -12756000,
        "incomeBeforeTax": 139594000,
        "incomeBeforeTaxRatio": 0.0920956622,
        "incomeTaxExpense": 53081000,
        "netIncome": 86513000,
        "netIncomeRatio": 0.057076035,
        "eps": 0.26,
        "epsdiluted": 0.25,
        "weightedAverageShsOut": 334159000,
        "weightedAverageShsOutDil": 342118000,
        "link": "https://www.sec.gov/Archives/edgar/data/885639/000102140801506304/0001021408-01-506304-index.htm",
        "finalLink": "https://www.sec.gov/Archives/edgar/data/885639/000102140801506304/d10q.txt"
    },
    {
        "date": "2001-05-05",
        "symbol": "KSS",
        "reportedCurrency": "USD",
        "cik": "0000885639",
        "fillingDate": "2001-06-15",
        "acceptedDate": "2001-06-15 00:00:00",
        "calendarYear": "2001",
        "period": "Q1",
        "revenue": 1488333000,
        "costOfRevenue": 965098000,
        "grossProfit": 523235000,
        "grossProfitRatio": 0.3515577495,
        "researchAndDevelopmentExpenses": 0,
        "generalAndAdministrativeExpenses": 0,
        "sellingAndMarketingExpenses": 0,
        "sellingGeneralAndAdministrativeExpenses": 351476000,
        "otherExpenses": 39249000,
        "operatingExpenses": 390725000,
        "costAndExpenses": 1355823000,
        "interestIncome": 0,
        "interestExpense": 0,
        "depreciationAndAmortization": 39249000,
        "ebitda": 171759000,
        "ebitdaratio": 0.1154036093,
        "operatingIncome": 132510000,
        "operatingIncomeRatio": 0.0890324947,
        "totalOtherIncomeExpensesNet": -10576000,
        "incomeBeforeTax": 121934000,
        "incomeBeforeTaxRatio": 0.0819265581,
        "incomeTaxExpense": 46823000,
        "netIncome": 75111000,
        "netIncomeRatio": 0.0504665287,
        "eps": 0.23,
        "epsdiluted": 0.22,
        "weightedAverageShsOut": 332784000,
        "weightedAverageShsOutDil": 341142000,
        "link": "https://www.sec.gov/Archives/edgar/data/885639/000095013101501886/0000950131-01-501886-index.htm",
        "finalLink": "https://www.sec.gov/Archives/edgar/data/885639/000095013101501886/d10q.txt"
    },
    {
        "date": "2001-02-03",
        "symbol": "KSS",
        "reportedCurrency": "USD",
        "cik": "0000885639",
        "fillingDate": "2001-04-17",
        "acceptedDate": "2001-04-17 00:00:00",
        "calendarYear": "2000",
        "period": "Q4",
        "revenue": 2223041000,
        "costOfRevenue": 1483809000,
        "grossProfit": 739232000,
        "grossProfitRatio": 0.3325318786,
        "researchAndDevelopmentExpenses": 0,
        "generalAndAdministrativeExpenses": 0,
        "sellingAndMarketingExpenses": 0,
        "sellingGeneralAndAdministrativeExpenses": 395864000,
        "otherExpenses": 36624000,
        "operatingExpenses": 432488000,
        "costAndExpenses": 1916297000,
        "interestIncome": 0,
        "interestExpense": 0,
        "depreciationAndAmortization": 36624000,
        "ebitda": 343368000,
        "ebitdaratio": 0.1544586897,
        "operatingIncome": 306744000,
        "operatingIncomeRatio": 0.1379839598,
        "totalOtherIncomeExpensesNet": -17026000,
        "incomeBeforeTax": 289718000,
        "incomeBeforeTaxRatio": 0.1303250817,
        "incomeTaxExpense": 111224000,
        "netIncome": 178494000,
        "netIncomeRatio": 0.0802927161,
        "eps": 0.52,
        "epsdiluted": 0.52,
        "weightedAverageShsOut": 343602880,
        "weightedAverageShsOutDil": 344100000,
        "link": "https://www.sec.gov/Archives/edgar/data/885639/000095013101500717/0000950131-01-500717-index.htm",
        "finalLink": "https://www.sec.gov/Archives/edgar/data/885639/000095013101500717/d10k405.txt"
    },
    {
        "date": "2000-10-28",
        "symbol": "KSS",
        "reportedCurrency": "USD",
        "cik": "0000885639",
        "fillingDate": "2000-12-08",
        "acceptedDate": "2000-12-08 00:00:00",
        "calendarYear": "2000",
        "period": "Q3",
        "revenue": 1444929000,
        "costOfRevenue": 947245000,
        "grossProfit": 497684000,
        "grossProfitRatio": 0.3444349169,
        "researchAndDevelopmentExpenses": 0,
        "generalAndAdministrativeExpenses": 0,
        "sellingAndMarketingExpenses": 0,
        "sellingGeneralAndAdministrativeExpenses": 326155000,
        "otherExpenses": 35551000,
        "operatingExpenses": 361706000,
        "costAndExpenses": 1308951000,
        "interestIncome": 0,
        "interestExpense": 0,
        "depreciationAndAmortization": 35551000,
        "ebitda": 171529000,
        "ebitdaratio": 0.1187110232,
        "operatingIncome": 135978000,
        "operatingIncomeRatio": 0.0941070461,
        "totalOtherIncomeExpensesNet": -10981000,
        "incomeBeforeTax": 124997000,
        "incomeBeforeTaxRatio": 0.0865073647,
        "incomeTaxExpense": 48251000,
        "netIncome": 76746000,
        "netIncomeRatio": 0.0531140284,
        "eps": 0.23,
        "epsdiluted": 0.23,
        "weightedAverageShsOut": 331196000,
        "weightedAverageShsOutDil": 339693000,
        "link": "https://www.sec.gov/Archives/edgar/data/885639/000095013100006726/0000950131-00-006726-index.htm",
        "finalLink": "https://www.sec.gov/Archives/edgar/data/885639/000095013100006726/0000950131-00-006726-0001.txt"
    },
    {
        "date": "2000-07-29",
        "symbol": "KSS",
        "reportedCurrency": "USD",
        "cik": "0000885639",
        "fillingDate": "2000-09-08",
        "acceptedDate": "2000-09-08 00:00:00",
        "calendarYear": "2000",
        "period": "Q2",
        "revenue": 1255360000,
        "costOfRevenue": 816139000,
        "grossProfit": 439221000,
        "grossProfitRatio": 0.3498765294,
        "researchAndDevelopmentExpenses": 0,
        "generalAndAdministrativeExpenses": 0,
        "sellingAndMarketingExpenses": 0,
        "sellingGeneralAndAdministrativeExpenses": 292152000,
        "otherExpenses": 32470000,
        "operatingExpenses": 324622000,
        "costAndExpenses": 1140761000,
        "interestIncome": 0,
        "interestExpense": 0,
        "depreciationAndAmortization": 32470000,
        "ebitda": 147069000,
        "ebitdaratio": 0.1171528486,
        "operatingIncome": 114599000,
        "operatingIncomeRatio": 0.0912877581,
        "totalOtherIncomeExpensesNet": -9963000,
        "incomeBeforeTax": 104636000,
        "incomeBeforeTaxRatio": 0.0833513892,
        "incomeTaxExpense": 40346000,
        "netIncome": 64290000,
        "netIncomeRatio": 0.0512124012,
        "eps": 0.19,
        "epsdiluted": 0.19,
        "weightedAverageShsOut": 329848000,
        "weightedAverageShsOutDil": 338973000,
        "link": "https://www.sec.gov/Archives/edgar/data/885639/000095013100005253/0000950131-00-005253-index.htm",
        "finalLink": "https://www.sec.gov/Archives/edgar/data/885639/000095013100005253/0000950131-00-005253-0001.txt"
    },
    {
        "date": "2000-04-29",
        "symbol": "KSS",
        "reportedCurrency": "USD",
        "cik": "0000885639",
        "fillingDate": "2000-06-05",
        "acceptedDate": "2000-06-05 00:00:00",
        "calendarYear": "2000",
        "period": "Q1",
        "revenue": 1228666000,
        "costOfRevenue": 802658000,
        "grossProfit": 426008000,
        "grossProfitRatio": 0.346724008,
        "researchAndDevelopmentExpenses": 0,
        "generalAndAdministrativeExpenses": 0,
        "sellingAndMarketingExpenses": 0,
        "sellingGeneralAndAdministrativeExpenses": 303385000,
        "otherExpenses": 28628000,
        "operatingExpenses": 332013000,
        "costAndExpenses": 1134671000,
        "interestIncome": 0,
        "interestExpense": 0,
        "depreciationAndAmortization": 28628000,
        "ebitda": 122623000,
        "ebitdaratio": 0.0998017362,
        "operatingIncome": 93995000,
        "operatingIncomeRatio": 0.0765016693,
        "totalOtherIncomeExpensesNet": -8230000,
        "incomeBeforeTax": 85765000,
        "incomeBeforeTaxRatio": 0.0698033477,
        "incomeTaxExpense": 33147000,
        "netIncome": 52618000,
        "netIncomeRatio": 0.0428253081,
        "eps": 0.16,
        "epsdiluted": 0.16,
        "weightedAverageShsOut": 327806000,
        "weightedAverageShsOutDil": 336353000,
        "link": "https://www.sec.gov/Archives/edgar/data/885639/000095013100003738/0000950131-00-003738-index.htm",
        "finalLink": "https://www.sec.gov/Archives/edgar/data/885639/000095013100003738/0000950131-00-003738-0001.txt"
    },
    {
        "date": "2000-01-29",
        "symbol": "KSS",
        "reportedCurrency": "USD",
        "cik": "0000885639",
        "fillingDate": "2000-04-17",
        "acceptedDate": "2000-04-17 00:00:00",
        "calendarYear": "1999",
        "period": "Q4",
        "revenue": 1607512000,
        "costOfRevenue": 1078459000,
        "grossProfit": 529053000,
        "grossProfitRatio": 0.3291129397,
        "researchAndDevelopmentExpenses": 0,
        "generalAndAdministrativeExpenses": 0,
        "sellingAndMarketingExpenses": 0,
        "sellingGeneralAndAdministrativeExpenses": 300441000,
        "otherExpenses": 24337000,
        "operatingExpenses": 324778000,
        "costAndExpenses": 1403237000,
        "interestIncome": 0,
        "interestExpense": 0,
        "depreciationAndAmortization": 24337000,
        "ebitda": 228612000,
        "ebitdaratio": 0.1422148015,
        "operatingIncome": 204275000,
        "operatingIncomeRatio": 0.1270752567,
        "totalOtherIncomeExpensesNet": -7563000,
        "incomeBeforeTax": 196712000,
        "incomeBeforeTaxRatio": 0.1223704706,
        "incomeTaxExpense": 76170000,
        "netIncome": 120542000,
        "netIncomeRatio": 0.0749866875,
        "eps": 0.36,
        "epsdiluted": 0.36,
        "weightedAverageShsOut": 326074000,
        "weightedAverageShsOutDil": 335100000,
        "link": "https://www.sec.gov/Archives/edgar/data/885639/000095013100002652/0000950131-00-002652-index.html",
        "finalLink": "https://www.sec.gov/Archives/edgar/data/885639/000095013100002652/"
    },
    {
        "date": "1999-10-30",
        "symbol": "KSS",
        "reportedCurrency": "USD",
        "cik": "0000885639",
        "fillingDate": "1999-12-14",
        "acceptedDate": "1999-12-14 00:00:00",
        "calendarYear": "1999",
        "period": "Q3",
        "revenue": 1099900000,
        "costOfRevenue": 724200000,
        "grossProfit": 375700000,
        "grossProfitRatio": 0.341576507,
        "researchAndDevelopmentExpenses": 0,
        "generalAndAdministrativeExpenses": 0,
        "sellingAndMarketingExpenses": 0,
        "sellingGeneralAndAdministrativeExpenses": 257800000,
        "otherExpenses": 23400000,
        "operatingExpenses": 281200000,
        "costAndExpenses": 1005400000,
        "interestIncome": 0,
        "interestExpense": 0,
        "depreciationAndAmortization": 23400000,
        "ebitda": 117900000,
        "ebitdaratio": 0.1071915629,
        "operatingIncome": 94500000,
        "operatingIncomeRatio": 0.0859169015,
        "totalOtherIncomeExpensesNet": -8000000,
        "incomeBeforeTax": 86500000,
        "incomeBeforeTaxRatio": 0.078643513,
        "incomeTaxExpense": 33500000,
        "netIncome": 53000000,
        "netIncomeRatio": 0.0481861987,
        "eps": 0.16,
        "epsdiluted": 0.16,
        "weightedAverageShsOut": 325906000,
        "weightedAverageShsOutDil": 335350000,
        "link": "https://www.sec.gov/Archives/edgar/data/885639/000095013199006660/0000950131-99-006660-index.html",
        "finalLink": "https://www.sec.gov/Archives/edgar/data/885639/000095013199006660/"
    },
    {
        "date": "1999-07-31",
        "symbol": "KSS",
        "reportedCurrency": "USD",
        "cik": "0000885639",
        "fillingDate": "1999-09-14",
        "acceptedDate": "1999-09-14 00:00:00",
        "calendarYear": "1999",
        "period": "Q2",
        "revenue": 939500000,
        "costOfRevenue": 614000000,
        "grossProfit": 325500000,
        "grossProfitRatio": 0.3464608834,
        "researchAndDevelopmentExpenses": 0,
        "generalAndAdministrativeExpenses": 0,
        "sellingAndMarketingExpenses": 0,
        "sellingGeneralAndAdministrativeExpenses": 224000000,
        "otherExpenses": 21200000,
        "operatingExpenses": 245200000,
        "costAndExpenses": 859200000,
        "interestIncome": 0,
        "interestExpense": 0,
        "depreciationAndAmortization": 21200000,
        "ebitda": 101500000,
        "ebitdaratio": 0.1080361895,
        "operatingIncome": 80300000,
        "operatingIncomeRatio": 0.0854709952,
        "totalOtherIncomeExpensesNet": -6500000,
        "incomeBeforeTax": 73800000,
        "incomeBeforeTaxRatio": 0.0785524215,
        "incomeTaxExpense": 28600000,
        "netIncome": 45200000,
        "netIncomeRatio": 0.0481106972,
        "eps": 0.14,
        "epsdiluted": 0.14,
        "weightedAverageShsOut": 325646000,
        "weightedAverageShsOutDil": 335096000,
        "link": "https://www.sec.gov/Archives/edgar/data/885639/000095013199005320/0000950131-99-005320-index.html",
        "finalLink": "https://www.sec.gov/Archives/edgar/data/885639/000095013199005320/"
    },
    {
        "date": "1999-05-01",
        "symbol": "KSS",
        "reportedCurrency": "USD",
        "cik": "0000885639",
        "fillingDate": "1999-06-14",
        "acceptedDate": "1999-06-14 00:00:00",
        "calendarYear": "1999",
        "period": "Q1",
        "revenue": 910300000,
        "costOfRevenue": 597100000,
        "grossProfit": 313200000,
        "grossProfitRatio": 0.344062397,
        "researchAndDevelopmentExpenses": 0,
        "generalAndAdministrativeExpenses": 0,
        "sellingAndMarketingExpenses": 0,
        "sellingGeneralAndAdministrativeExpenses": 223900000,
        "otherExpenses": 19900000,
        "operatingExpenses": 243800000,
        "costAndExpenses": 840900000,
        "interestIncome": 0,
        "interestExpense": 0,
        "depreciationAndAmortization": 19900000,
        "ebitda": 89300000,
        "ebitdaratio": 0.0980995276,
        "operatingIncome": 69400000,
        "operatingIncomeRatio": 0.0762386027,
        "totalOtherIncomeExpensesNet": -5256000,
        "incomeBeforeTax": 64100000,
        "incomeBeforeTaxRatio": 0.0704163463,
        "incomeTaxExpense": 24800000,
        "netIncome": 39300000,
        "netIncomeRatio": 0.0431725805,
        "eps": 0.13,
        "epsdiluted": 0.12,
        "weightedAverageShsOut": 320872000,
        "weightedAverageShsOutDil": 330752000,
        "link": "https://www.sec.gov/Archives/edgar/data/885639/000095013199003777/0000950131-99-003777-index.html",
        "finalLink": "https://www.sec.gov/Archives/edgar/data/885639/000095013199003777/"
    },
    {
        "date": "1999-01-30",
        "symbol": "KSS",
        "reportedCurrency": "USD",
        "cik": "0000885639",
        "fillingDate": "1999-04-19",
        "acceptedDate": "1999-04-19 00:00:00",
        "calendarYear": "1998",
        "period": "Q4",
        "revenue": 1289600000,
        "costOfRevenue": 864800000,
        "grossProfit": 424800000,
        "grossProfitRatio": 0.3294044665,
        "researchAndDevelopmentExpenses": 0,
        "generalAndAdministrativeExpenses": 0,
        "sellingAndMarketingExpenses": 0,
        "sellingGeneralAndAdministrativeExpenses": 245700000,
        "otherExpenses": 18700000,
        "operatingExpenses": 264400000,
        "costAndExpenses": 1129200000,
        "interestIncome": 0,
        "interestExpense": 0,
        "depreciationAndAmortization": 18700000,
        "ebitda": 179100000,
        "ebitdaratio": 0.138880273,
        "operatingIncome": 160400000,
        "operatingIncomeRatio": 0.1243796526,
        "totalOtherIncomeExpensesNet": -5400000,
        "incomeBeforeTax": 155000000,
        "incomeBeforeTaxRatio": 0.1201923077,
        "incomeTaxExpense": 60900000,
        "netIncome": 94100000,
        "netIncomeRatio": 0.0729683623,
        "eps": 0.29,
        "epsdiluted": 0.29,
        "weightedAverageShsOut": 314213419,
        "weightedAverageShsOutDil": 325800000,
        "link": "https://www.sec.gov/Archives/edgar/data/885639/000095013199002389/0000950131-99-002389-index.html",
        "finalLink": "https://www.sec.gov/Archives/edgar/data/885639/"
    },
    {
        "date": "1998-10-31",
        "symbol": "KSS",
        "reportedCurrency": "USD",
        "cik": "0000885639",
        "fillingDate": "1998-12-09",
        "acceptedDate": "1998-12-09 00:00:00",
        "calendarYear": "1998",
        "period": "Q3",
        "revenue": 888900000,
        "costOfRevenue": 589300000,
        "grossProfit": 299600000,
        "grossProfitRatio": 0.3370457869,
        "researchAndDevelopmentExpenses": 0,
        "generalAndAdministrativeExpenses": 0,
        "sellingAndMarketingExpenses": 0,
        "sellingGeneralAndAdministrativeExpenses": 210200000,
        "otherExpenses": 18100000,
        "operatingExpenses": 228300000,
        "costAndExpenses": 817600000,
        "interestIncome": 0,
        "interestExpense": 0,
        "depreciationAndAmortization": 18200000,
        "ebitda": 89500000,
        "ebitdaratio": 0.1006862414,
        "operatingIncome": 71300000,
        "operatingIncomeRatio": 0.0802114974,
        "totalOtherIncomeExpensesNet": -5400000,
        "incomeBeforeTax": 65900000,
        "incomeBeforeTaxRatio": 0.0741365733,
        "incomeTaxExpense": 25900000,
        "netIncome": 40000000,
        "netIncomeRatio": 0.0449994375,
        "eps": 0.13,
        "epsdiluted": 0.13,
        "weightedAverageShsOut": 307692308,
        "weightedAverageShsOutDil": 307692308,
        "link": "https://www.sec.gov/Archives/edgar/data/885639/000095013198006408/0000950131-98-006408-index.html",
        "finalLink": "https://www.sec.gov/Archives/edgar/data/885639/"
    },
    {
        "date": "1998-08-01",
        "symbol": "KSS",
        "reportedCurrency": "USD",
        "cik": "0000885639",
        "fillingDate": "1998-09-14",
        "acceptedDate": "1998-09-14 00:00:00",
        "calendarYear": "1998",
        "period": "Q2",
        "revenue": 758700000,
        "costOfRevenue": 502200000,
        "grossProfit": 256500000,
        "grossProfitRatio": 0.3380782918,
        "researchAndDevelopmentExpenses": 0,
        "generalAndAdministrativeExpenses": 0,
        "sellingAndMarketingExpenses": 0,
        "sellingGeneralAndAdministrativeExpenses": 182800000,
        "otherExpenses": 17000000,
        "operatingExpenses": 199800000,
        "costAndExpenses": 702000000,
        "interestIncome": 0,
        "interestExpense": 0,
        "depreciationAndAmortization": 17000000,
        "ebitda": 73700000,
        "ebitdaratio": 0.0971398445,
        "operatingIncome": 56700000,
        "operatingIncomeRatio": 0.0747330961,
        "totalOtherIncomeExpensesNet": -5100000,
        "incomeBeforeTax": 51600000,
        "incomeBeforeTaxRatio": 0.0680110716,
        "incomeTaxExpense": 20300000,
        "netIncome": 31300000,
        "netIncomeRatio": 0.0412547779,
        "eps": 0.1,
        "epsdiluted": 0.1,
        "weightedAverageShsOut": 313000000,
        "weightedAverageShsOutDil": 313000000,
        "link": "https://www.sec.gov/Archives/edgar/data/885639/000095013198005179/0000950131-98-005179-index.html",
        "finalLink": "https://www.sec.gov/Archives/edgar/data/885639/"
    },
    {
        "date": "1998-05-02",
        "symbol": "KSS",
        "reportedCurrency": "USD",
        "cik": "0000885639",
        "fillingDate": "1998-06-09",
        "acceptedDate": "1998-06-09 00:00:00",
        "calendarYear": "1998",
        "period": "Q1",
        "revenue": 744600000,
        "costOfRevenue": 491100000,
        "grossProfit": 253500000,
        "grossProfitRatio": 0.340451249,
        "researchAndDevelopmentExpenses": 0,
        "generalAndAdministrativeExpenses": 0,
        "sellingAndMarketingExpenses": 0,
        "sellingGeneralAndAdministrativeExpenses": 180400000,
        "otherExpenses": 16300000,
        "operatingExpenses": 196700000,
        "costAndExpenses": 687800000,
        "interestIncome": 0,
        "interestExpense": 0,
        "depreciationAndAmortization": 16300000,
        "ebitda": 73100000,
        "ebitdaratio": 0.098173516,
        "operatingIncome": 56800000,
        "operatingIncomeRatio": 0.0762825678,
        "totalOtherIncomeExpensesNet": -12600000,
        "incomeBeforeTax": 44200000,
        "incomeBeforeTaxRatio": 0.0593607306,
        "incomeTaxExpense": 17400000,
        "netIncome": 26800000,
        "netIncomeRatio": 0.0359924792,
        "eps": 0.09,
        "epsdiluted": 0.09,
        "weightedAverageShsOut": 297777778,
        "weightedAverageShsOutDil": 297777778,
        "link": "https://www.sec.gov/Archives/edgar/data/885639/000095013198003787/0000950131-98-003787-index.html",
        "finalLink": "https://www.sec.gov/Archives/edgar/data/885639/"
    },
    {
        "date": "1998-01-31",
        "symbol": "KSS",
        "reportedCurrency": "USD",
        "cik": "0000885639",
        "fillingDate": "1998-04-23",
        "acceptedDate": "1998-04-23 00:00:00",
        "calendarYear": "1997",
        "period": "Q4",
        "revenue": 1077800000,
        "costOfRevenue": 729700000,
        "grossProfit": 348100000,
        "grossProfitRatio": 0.3229727222,
        "researchAndDevelopmentExpenses": 0,
        "generalAndAdministrativeExpenses": 0,
        "sellingAndMarketingExpenses": 0,
        "sellingGeneralAndAdministrativeExpenses": 206700000,
        "otherExpenses": 15600000,
        "operatingExpenses": 222300000,
        "costAndExpenses": 952000000,
        "interestIncome": 0,
        "interestExpense": 0,
        "depreciationAndAmortization": 15600000,
        "ebitda": 141400000,
        "ebitdaratio": 0.1311931713,
        "operatingIncome": 125800000,
        "operatingIncomeRatio": 0.1167192429,
        "totalOtherIncomeExpensesNet": -5000000,
        "incomeBeforeTax": 120800000,
        "incomeBeforeTaxRatio": 0.1120801633,
        "incomeTaxExpense": 48200000,
        "netIncome": 72600000,
        "netIncomeRatio": 0.0673594359,
        "eps": 0.23,
        "epsdiluted": 0.23,
        "weightedAverageShsOut": 315856000,
        "weightedAverageShsOutDil": 320000000,
        "link": "https://www.sec.gov/Archives/edgar/data/885639/000095013198002734/0000950131-98-002734-index.html",
        "finalLink": "https://www.sec.gov/Archives/edgar/data/885639/"
    },
    {
        "date": "1997-11-01",
        "symbol": "KSS",
        "reportedCurrency": "USD",
        "cik": "0000885639",
        "fillingDate": "1997-12-15",
        "acceptedDate": "1997-12-15 00:00:00",
        "calendarYear": "1997",
        "period": "Q3",
        "revenue": 757800000,
        "costOfRevenue": 503900000,
        "grossProfit": 253900000,
        "grossProfitRatio": 0.3350488255,
        "researchAndDevelopmentExpenses": 0,
        "generalAndAdministrativeExpenses": 0,
        "sellingAndMarketingExpenses": 0,
        "sellingGeneralAndAdministrativeExpenses": 179500000,
        "otherExpenses": 14700000,
        "operatingExpenses": 194200000,
        "costAndExpenses": 698100000,
        "interestIncome": 0,
        "interestExpense": 0,
        "depreciationAndAmortization": 14700000,
        "ebitda": 74400000,
        "ebitdaratio": 0.098178939,
        "operatingIncome": 59700000,
        "operatingIncomeRatio": 0.0787806809,
        "totalOtherIncomeExpensesNet": -5600000,
        "incomeBeforeTax": 54100000,
        "incomeBeforeTaxRatio": 0.0713908683,
        "incomeTaxExpense": 21600000,
        "netIncome": 32500000,
        "netIncomeRatio": 0.0428873054,
        "eps": 0.11,
        "epsdiluted": 0.11,
        "weightedAverageShsOut": 295454545,
        "weightedAverageShsOutDil": 295454545,
        "link": "https://www.sec.gov/Archives/edgar/data/885639/000095013197007271/0000950131-97-007271-index.html",
        "finalLink": "https://www.sec.gov/Archives/edgar/data/885639/"
    },
    {
        "date": "1997-08-02",
        "symbol": "KSS",
        "reportedCurrency": "USD",
        "cik": "0000885639",
        "fillingDate": "1997-09-15",
        "acceptedDate": "1997-09-15 00:00:00",
        "calendarYear": "1997",
        "period": "Q2",
        "revenue": 623900000,
        "costOfRevenue": 415700000,
        "grossProfit": 208200000,
        "grossProfitRatio": 0.3337073249,
        "researchAndDevelopmentExpenses": 0,
        "generalAndAdministrativeExpenses": 0,
        "sellingAndMarketingExpenses": 0,
        "sellingGeneralAndAdministrativeExpenses": 152200000,
        "otherExpenses": 14300000,
        "operatingExpenses": 166500000,
        "costAndExpenses": 582200000,
        "interestIncome": 0,
        "interestExpense": 0,
        "depreciationAndAmortization": 14300000,
        "ebitda": 56000000,
        "ebitdaratio": 0.089757974,
        "operatingIncome": 41700000,
        "operatingIncomeRatio": 0.0668376342,
        "totalOtherIncomeExpensesNet": -7100000,
        "incomeBeforeTax": 34600000,
        "incomeBeforeTaxRatio": 0.0554576054,
        "incomeTaxExpense": 13800000,
        "netIncome": 20800000,
        "netIncomeRatio": 0.0333386761,
        "eps": 0.07,
        "epsdiluted": 0.07,
        "weightedAverageShsOut": 297142857,
        "weightedAverageShsOutDil": 297142857,
        "link": "https://www.sec.gov/Archives/edgar/data/885639/000095013197005580/0000950131-97-005580-index.html",
        "finalLink": "https://www.sec.gov/Archives/edgar/data/885639/"
    },
    {
        "date": "1997-05-03",
        "symbol": "KSS",
        "reportedCurrency": "USD",
        "cik": "0000885639",
        "fillingDate": "1997-06-16",
        "acceptedDate": "1997-06-16 00:00:00",
        "calendarYear": "1997",
        "period": "Q1",
        "revenue": 600500000,
        "costOfRevenue": 397300000,
        "grossProfit": 203200000,
        "grossProfitRatio": 0.3383846794,
        "researchAndDevelopmentExpenses": 0,
        "generalAndAdministrativeExpenses": 0,
        "sellingAndMarketingExpenses": 0,
        "sellingGeneralAndAdministrativeExpenses": 158900000,
        "otherExpenses": 13100000,
        "operatingExpenses": 172000000,
        "costAndExpenses": 569300000,
        "interestIncome": 0,
        "interestExpense": 0,
        "depreciationAndAmortization": 13100000,
        "ebitda": 44300000,
        "ebitdaratio": 0.0737718568,
        "operatingIncome": 31200000,
        "operatingIncomeRatio": 0.0519567027,
        "totalOtherIncomeExpensesNet": -5700000,
        "incomeBeforeTax": 25500000,
        "incomeBeforeTaxRatio": 0.0424646128,
        "incomeTaxExpense": 10200000,
        "netIncome": 15300000,
        "netIncomeRatio": 0.0254787677,
        "eps": 0.06,
        "epsdiluted": 0.06,
        "weightedAverageShsOut": 255000000,
        "weightedAverageShsOutDil": 255000000,
        "link": "https://www.sec.gov/Archives/edgar/data/885639/000095013197003998/0000950131-97-003998-index.html",
        "finalLink": "https://www.sec.gov/Archives/edgar/data/885639/"
    },
    {
        "date": "1997-02-01",
        "symbol": "KSS",
        "reportedCurrency": "USD",
        "cik": "0000885639",
        "fillingDate": "1997-04-29",
        "acceptedDate": "1997-04-29 00:00:00",
        "calendarYear": "1996",
        "period": "Q4",
        "revenue": 846900000,
        "costOfRevenue": 579300000,
        "grossProfit": 267600000,
        "grossProfitRatio": 0.3159759122,
        "researchAndDevelopmentExpenses": 0,
        "generalAndAdministrativeExpenses": 0,
        "sellingAndMarketingExpenses": 0,
        "sellingGeneralAndAdministrativeExpenses": 164500000,
        "otherExpenses": 12100000,
        "operatingExpenses": 176600000,
        "costAndExpenses": 755900000,
        "interestIncome": 0,
        "interestExpense": 0,
        "depreciationAndAmortization": 12100000,
        "ebitda": 103100000,
        "ebitdaratio": 0.1217381037,
        "operatingIncome": 91000000,
        "operatingIncomeRatio": 0.1074507026,
        "totalOtherIncomeExpensesNet": -4400000,
        "incomeBeforeTax": 86600000,
        "incomeBeforeTaxRatio": 0.102255284,
        "incomeTaxExpense": 34600000,
        "netIncome": 52000000,
        "netIncomeRatio": 0.0614004015,
        "eps": 0.18,
        "epsdiluted": 0.18,
        "weightedAverageShsOut": 295700000,
        "weightedAverageShsOutDil": 295700000,
        "link": "https://www.sec.gov/Archives/edgar/data/885639/000095013197002889/0000950131-97-002889-index.html",
        "finalLink": "https://www.sec.gov/Archives/edgar/data/885639/"
    },
    {
        "date": "1996-11-02",
        "symbol": "KSS",
        "reportedCurrency": "USD",
        "cik": "0000885639",
        "fillingDate": "1996-12-16",
        "acceptedDate": "1996-12-16 00:00:00",
        "calendarYear": "1996",
        "period": "Q3",
        "revenue": 598100000,
        "costOfRevenue": 399600000,
        "grossProfit": 198500000,
        "grossProfitRatio": 0.3318843003,
        "researchAndDevelopmentExpenses": 0,
        "generalAndAdministrativeExpenses": 0,
        "sellingAndMarketingExpenses": 0,
        "sellingGeneralAndAdministrativeExpenses": 144900000,
        "otherExpenses": 11600000,
        "operatingExpenses": 156500000,
        "costAndExpenses": 556100000,
        "interestIncome": 0,
        "interestExpense": 0,
        "depreciationAndAmortization": 11700000,
        "ebitda": 53700000,
        "ebitdaratio": 0.089784317,
        "operatingIncome": 42000000,
        "operatingIncomeRatio": 0.0702223708,
        "totalOtherIncomeExpensesNet": -5400000,
        "incomeBeforeTax": 36600000,
        "incomeBeforeTaxRatio": 0.0611937803,
        "incomeTaxExpense": 14700000,
        "netIncome": 21900000,
        "netIncomeRatio": 0.0366159505,
        "eps": 0.08,
        "epsdiluted": 0.08,
        "weightedAverageShsOut": 273750000,
        "weightedAverageShsOutDil": 273750000,
        "link": "https://www.sec.gov/Archives/edgar/data/885639/000095013196006338/0000950131-96-006338-index.html",
        "finalLink": "https://www.sec.gov/Archives/edgar/data/885639/"
    },
    {
        "date": "1996-08-03",
        "symbol": "KSS",
        "reportedCurrency": "USD",
        "cik": "0000885639",
        "fillingDate": "1996-09-16",
        "acceptedDate": "1996-09-16 00:00:00",
        "calendarYear": "1996",
        "period": "Q2",
        "revenue": 474600000,
        "costOfRevenue": 318000000,
        "grossProfit": 156600000,
        "grossProfitRatio": 0.3299620733,
        "researchAndDevelopmentExpenses": 0,
        "generalAndAdministrativeExpenses": 0,
        "sellingAndMarketingExpenses": 0,
        "sellingGeneralAndAdministrativeExpenses": 117500000,
        "otherExpenses": 10400000,
        "operatingExpenses": 127900000,
        "costAndExpenses": 445900000,
        "interestIncome": 0,
        "interestExpense": 0,
        "depreciationAndAmortization": 10400000,
        "ebitda": 39100000,
        "ebitdaratio": 0.0823851665,
        "operatingIncome": 28700000,
        "operatingIncomeRatio": 0.0604719764,
        "totalOtherIncomeExpensesNet": -3700000,
        "incomeBeforeTax": 25000000,
        "incomeBeforeTaxRatio": 0.0526759376,
        "incomeTaxExpense": 10200000,
        "netIncome": 14800000,
        "netIncomeRatio": 0.0311841551,
        "eps": 0.05,
        "epsdiluted": 0.05,
        "weightedAverageShsOut": 296000000,
        "weightedAverageShsOutDil": 296000000,
        "link": "https://www.sec.gov/Archives/edgar/data/885639/000095013196004535/0000950131-96-004535-index.html",
        "finalLink": "https://www.sec.gov/Archives/edgar/data/885639/"
    },
    {
        "date": "1996-05-04",
        "symbol": "KSS",
        "reportedCurrency": "USD",
        "cik": "0000885639",
        "fillingDate": "1996-06-18",
        "acceptedDate": "1996-06-18 00:00:00",
        "calendarYear": "1996",
        "period": "Q1",
        "revenue": 468600000,
        "costOfRevenue": 311800000,
        "grossProfit": 156800000,
        "grossProfitRatio": 0.3346137431,
        "researchAndDevelopmentExpenses": 0,
        "generalAndAdministrativeExpenses": 0,
        "sellingAndMarketingExpenses": 0,
        "sellingGeneralAndAdministrativeExpenses": 119500000,
        "otherExpenses": 10000000,
        "operatingExpenses": 129500000,
        "costAndExpenses": 441300000,
        "interestIncome": 0,
        "interestExpense": 0,
        "depreciationAndAmortization": 10000000,
        "ebitda": 37300000,
        "ebitdaratio": 0.079598805,
        "operatingIncome": 27300000,
        "operatingIncomeRatio": 0.0582586428,
        "totalOtherIncomeExpensesNet": -4100000,
        "incomeBeforeTax": 23200000,
        "incomeBeforeTaxRatio": 0.0495091763,
        "incomeTaxExpense": 9400000,
        "netIncome": 13800000,
        "netIncomeRatio": 0.0294494238,
        "eps": 0.05,
        "epsdiluted": 0.05,
        "weightedAverageShsOut": 276000000,
        "weightedAverageShsOutDil": 276000000,
        "link": "https://www.sec.gov/Archives/edgar/data/885639/000095013196002830/0000950131-96-002830-index.html",
        "finalLink": "https://www.sec.gov/Archives/edgar/data/885639/"
    },
    {
        "date": "1996-01-31",
        "symbol": "KSS",
        "reportedCurrency": "USD",
        "cik": "0000885639",
        "fillingDate": "1996-01-31",
        "acceptedDate": "1996-01-31 00:00:00",
        "calendarYear": "1995",
        "period": "Q4",
        "revenue": 707000000,
        "costOfRevenue": 482300000,
        "grossProfit": 224700000,
        "grossProfitRatio": 0.3178217822,
        "researchAndDevelopmentExpenses": 0,
        "generalAndAdministrativeExpenses": 0,
        "sellingAndMarketingExpenses": 0,
        "sellingGeneralAndAdministrativeExpenses": 149700000,
        "otherExpenses": 9500000,
        "operatingExpenses": 159200000,
        "costAndExpenses": 641500000,
        "interestIncome": 0,
        "interestExpense": 0,
        "depreciationAndAmortization": 9500000,
        "ebitda": 75000000,
        "ebitdaratio": 0.1060820368,
        "operatingIncome": 65500000,
        "operatingIncomeRatio": 0.0926449788,
        "totalOtherIncomeExpensesNet": 5600000,
        "incomeBeforeTax": 71100000,
        "incomeBeforeTaxRatio": 0.1005657709,
        "incomeTaxExpense": 29000000,
        "netIncome": 42100000,
        "netIncomeRatio": 0.0595473833,
        "eps": 0.17,
        "epsdiluted": 0.17,
        "weightedAverageShsOut": 253333333,
        "weightedAverageShsOutDil": 253333333,
        "link": null,
        "finalLink": null
    },
    {
        "date": "1995-10-31",
        "symbol": "KSS",
        "reportedCurrency": "USD",
        "cik": "0000885639",
        "fillingDate": "1995-10-31",
        "acceptedDate": "1995-10-31 00:00:00",
        "calendarYear": "1995",
        "period": "Q3",
        "revenue": 486800000,
        "costOfRevenue": 326100000,
        "grossProfit": 160700000,
        "grossProfitRatio": 0.330115037,
        "researchAndDevelopmentExpenses": 0,
        "generalAndAdministrativeExpenses": 0,
        "sellingAndMarketingExpenses": 0,
        "sellingGeneralAndAdministrativeExpenses": 113500000,
        "otherExpenses": 8800000,
        "operatingExpenses": 122300000,
        "costAndExpenses": 448400000,
        "interestIncome": 0,
        "interestExpense": 0,
        "depreciationAndAmortization": 8700000,
        "ebitda": 47200000,
        "ebitdaratio": 0.0969597371,
        "operatingIncome": 38400000,
        "operatingIncomeRatio": 0.0788824979,
        "totalOtherIncomeExpensesNet": -25500000,
        "incomeBeforeTax": 12900000,
        "incomeBeforeTaxRatio": 0.0264995892,
        "incomeTaxExpense": 5300000,
        "netIncome": 7600000,
        "netIncomeRatio": 0.0156121611,
        "eps": 0.03,
        "epsdiluted": 0.03,
        "weightedAverageShsOut": 253333333,
        "weightedAverageShsOutDil": 253333333,
        "link": null,
        "finalLink": null
    },
    {
        "date": "1995-07-31",
        "symbol": "KSS",
        "reportedCurrency": "USD",
        "cik": "0000885639",
        "fillingDate": "1995-07-31",
        "acceptedDate": "1995-07-31 00:00:00",
        "calendarYear": "1995",
        "period": "Q2",
        "revenue": 363500000,
        "costOfRevenue": 242300000,
        "grossProfit": 121200000,
        "grossProfitRatio": 0.3334250344,
        "researchAndDevelopmentExpenses": 0,
        "generalAndAdministrativeExpenses": 0,
        "sellingAndMarketingExpenses": 0,
        "sellingGeneralAndAdministrativeExpenses": 91400000,
        "otherExpenses": 7800000,
        "operatingExpenses": 99200000,
        "costAndExpenses": 341500000,
        "interestIncome": 0,
        "interestExpense": 0,
        "depreciationAndAmortization": 7800000,
        "ebitda": 29800000,
        "ebitdaratio": 0.0819807428,
        "operatingIncome": 22000000,
        "operatingIncomeRatio": 0.060522696,
        "totalOtherIncomeExpensesNet": -3200000,
        "incomeBeforeTax": 18800000,
        "incomeBeforeTaxRatio": 0.0517193948,
        "incomeTaxExpense": 7700000,
        "netIncome": 11100000,
        "netIncomeRatio": 0.0305364512,
        "eps": 0.04,
        "epsdiluted": 0.04,
        "weightedAverageShsOut": 277500000,
        "weightedAverageShsOutDil": 277500000,
        "link": null,
        "finalLink": null
    },
    {
        "date": "1995-04-30",
        "symbol": "KSS",
        "reportedCurrency": "USD",
        "cik": "0000885639",
        "fillingDate": "1995-04-30",
        "acceptedDate": "1995-04-30 00:00:00",
        "calendarYear": "1995",
        "period": "Q1",
        "revenue": 368400000,
        "costOfRevenue": 244000000,
        "grossProfit": 124400000,
        "grossProfitRatio": 0.3376764387,
        "researchAndDevelopmentExpenses": 0,
        "generalAndAdministrativeExpenses": 0,
        "sellingAndMarketingExpenses": 0,
        "sellingGeneralAndAdministrativeExpenses": 92600000,
        "otherExpenses": 8000000,
        "operatingExpenses": 100600000,
        "costAndExpenses": 344600000,
        "interestIncome": 0,
        "interestExpense": 0,
        "depreciationAndAmortization": 8000000,
        "ebitda": 31800000,
        "ebitdaratio": 0.0863192182,
        "operatingIncome": 23800000,
        "operatingIncomeRatio": 0.0646036916,
        "totalOtherIncomeExpensesNet": -3900000,
        "incomeBeforeTax": 19900000,
        "incomeBeforeTaxRatio": 0.0540173724,
        "incomeTaxExpense": 8100000,
        "netIncome": 11800000,
        "netIncomeRatio": 0.0320304017,
        "eps": 0.04,
        "epsdiluted": 0.04,
        "weightedAverageShsOut": 295000000,
        "weightedAverageShsOutDil": 295000000,
        "link": null,
        "finalLink": null
    },
    {
        "date": "1995-01-31",
        "symbol": "KSS",
        "reportedCurrency": "USD",
        "cik": "0000885639",
        "fillingDate": "1995-01-31",
        "acceptedDate": "1995-01-31 00:00:00",
        "calendarYear": "1994",
        "period": "Q4",
        "revenue": 564300000,
        "costOfRevenue": 382400000,
        "grossProfit": 181900000,
        "grossProfitRatio": 0.3223462697,
        "researchAndDevelopmentExpenses": 0,
        "generalAndAdministrativeExpenses": 0,
        "sellingAndMarketingExpenses": 0,
        "sellingGeneralAndAdministrativeExpenses": 114300000,
        "otherExpenses": 7600000,
        "operatingExpenses": 121900000,
        "costAndExpenses": 504300000,
        "interestIncome": 0,
        "interestExpense": 0,
        "depreciationAndAmortization": 7600000,
        "ebitda": 67600000,
        "ebitdaratio": 0.1197944356,
        "operatingIncome": 60000000,
        "operatingIncomeRatio": 0.1063264221,
        "totalOtherIncomeExpensesNet": -2100000,
        "incomeBeforeTax": 57900000,
        "incomeBeforeTaxRatio": 0.1026049973,
        "incomeTaxExpense": 24000000,
        "netIncome": 33900000,
        "netIncomeRatio": 0.0600744285,
        "eps": 0.12,
        "epsdiluted": 0.12,
        "weightedAverageShsOut": 276000000,
        "weightedAverageShsOutDil": 276000000,
        "link": null,
        "finalLink": null
    },
    {
        "date": "1994-10-31",
        "symbol": "KSS",
        "reportedCurrency": "USD",
        "cik": "0000885639",
        "fillingDate": "1994-10-31",
        "acceptedDate": "1994-10-31 00:00:00",
        "calendarYear": "1994",
        "period": "Q3",
        "revenue": 389500000,
        "costOfRevenue": 260400000,
        "grossProfit": 129100000,
        "grossProfitRatio": 0.3314505777,
        "researchAndDevelopmentExpenses": 0,
        "generalAndAdministrativeExpenses": 0,
        "sellingAndMarketingExpenses": 0,
        "sellingGeneralAndAdministrativeExpenses": 96100000,
        "otherExpenses": 7300000,
        "operatingExpenses": 103400000,
        "costAndExpenses": 363800000,
        "interestIncome": 0,
        "interestExpense": 0,
        "depreciationAndAmortization": 7400000,
        "ebitda": 33100000,
        "ebitdaratio": 0.0849807445,
        "operatingIncome": 25700000,
        "operatingIncomeRatio": 0.0659820282,
        "totalOtherIncomeExpensesNet": -2100000,
        "incomeBeforeTax": 23600000,
        "incomeBeforeTaxRatio": 0.0605905006,
        "incomeTaxExpense": 9800000,
        "netIncome": 13800000,
        "netIncomeRatio": 0.0354300385,
        "eps": 0.05,
        "epsdiluted": 0.05,
        "weightedAverageShsOut": 276000000,
        "weightedAverageShsOutDil": 276000000,
        "link": null,
        "finalLink": null
    },
    {
        "date": "1994-07-31",
        "symbol": "KSS",
        "reportedCurrency": "USD",
        "cik": "0000885639",
        "fillingDate": "1994-07-31",
        "acceptedDate": "1994-07-31 00:00:00",
        "calendarYear": "1994",
        "period": "Q2",
        "revenue": 292400000,
        "costOfRevenue": 191200000,
        "grossProfit": 101200000,
        "grossProfitRatio": 0.3461012312,
        "researchAndDevelopmentExpenses": 0,
        "generalAndAdministrativeExpenses": 0,
        "sellingAndMarketingExpenses": 0,
        "sellingGeneralAndAdministrativeExpenses": 77400000,
        "otherExpenses": 6200000,
        "operatingExpenses": 83600000,
        "costAndExpenses": 274800000,
        "interestIncome": 0,
        "interestExpense": 0,
        "depreciationAndAmortization": 6100000,
        "ebitda": 23800000,
        "ebitdaratio": 0.0813953488,
        "operatingIncome": 17600000,
        "operatingIncomeRatio": 0.0601915185,
        "totalOtherIncomeExpensesNet": -1200000,
        "incomeBeforeTax": 16400000,
        "incomeBeforeTaxRatio": 0.0560875513,
        "incomeTaxExpense": 6900000,
        "netIncome": 9500000,
        "netIncomeRatio": 0.0324897401,
        "eps": 0.04,
        "epsdiluted": 0.04,
        "weightedAverageShsOut": 237500000,
        "weightedAverageShsOutDil": 237500000,
        "link": null,
        "finalLink": null
    },
    {
        "date": "1994-04-30",
        "symbol": "KSS",
        "reportedCurrency": "USD",
        "cik": "0000885639",
        "fillingDate": "1994-04-30",
        "acceptedDate": "1994-04-30 00:00:00",
        "calendarYear": "1994",
        "period": "Q1",
        "revenue": 307900000,
        "costOfRevenue": 201100000,
        "grossProfit": 106800000,
        "grossProfitRatio": 0.3468658655,
        "researchAndDevelopmentExpenses": 0,
        "generalAndAdministrativeExpenses": 0,
        "sellingAndMarketingExpenses": 0,
        "sellingGeneralAndAdministrativeExpenses": 80000000,
        "otherExpenses": 6300000,
        "operatingExpenses": 86300000,
        "costAndExpenses": 287400000,
        "interestIncome": 0,
        "interestExpense": 0,
        "depreciationAndAmortization": 6300000,
        "ebitda": 26800000,
        "ebitdaratio": 0.0870412472,
        "operatingIncome": 20500000,
        "operatingIncomeRatio": 0.0665800585,
        "totalOtherIncomeExpensesNet": -900000,
        "incomeBeforeTax": 19600000,
        "incomeBeforeTaxRatio": 0.0636570315,
        "incomeTaxExpense": 8300000,
        "netIncome": 11300000,
        "netIncomeRatio": 0.0367002273,
        "eps": 0.04,
        "epsdiluted": 0.04,
        "weightedAverageShsOut": 282500000,
        "weightedAverageShsOutDil": 282500000,
        "link": null,
        "finalLink": null
    },
    {
        "date": "1994-01-31",
        "symbol": "KSS",
        "reportedCurrency": "USD",
        "cik": "0000885639",
        "fillingDate": "1994-01-31",
        "acceptedDate": "1994-01-31 00:00:00",
        "calendarYear": "1993",
        "period": "Q4",
        "revenue": 457000000,
        "costOfRevenue": 307500000,
        "grossProfit": 149500000,
        "grossProfitRatio": 0.3271334792,
        "researchAndDevelopmentExpenses": 0,
        "generalAndAdministrativeExpenses": 0,
        "sellingAndMarketingExpenses": 0,
        "sellingGeneralAndAdministrativeExpenses": 93300000,
        "otherExpenses": 6300000,
        "operatingExpenses": 99600000,
        "costAndExpenses": 407100000,
        "interestIncome": 0,
        "interestExpense": 0,
        "depreciationAndAmortization": 6300000,
        "ebitda": 56200000,
        "ebitdaratio": 0.12297593,
        "operatingIncome": 49900000,
        "operatingIncomeRatio": 0.109190372,
        "totalOtherIncomeExpensesNet": -1100000,
        "incomeBeforeTax": 48800000,
        "incomeBeforeTaxRatio": 0.1067833698,
        "incomeTaxExpense": 20600000,
        "netIncome": 26400000,
        "netIncomeRatio": 0.0577680525,
        "eps": 0.1,
        "epsdiluted": 0.1,
        "weightedAverageShsOut": 262000000,
        "weightedAverageShsOutDil": 262000000,
        "link": null,
        "finalLink": null
    },
    {
        "date": "1993-10-31",
        "symbol": "KSS",
        "reportedCurrency": "USD",
        "cik": "0000885639",
        "fillingDate": "1993-10-31",
        "acceptedDate": "1993-10-31 00:00:00",
        "calendarYear": "1993",
        "period": "Q3",
        "revenue": 341000000,
        "costOfRevenue": 228100000,
        "grossProfit": 112900000,
        "grossProfitRatio": 0.331085044,
        "researchAndDevelopmentExpenses": 0,
        "generalAndAdministrativeExpenses": 0,
        "sellingAndMarketingExpenses": 0,
        "sellingGeneralAndAdministrativeExpenses": 82200000,
        "otherExpenses": 5900000,
        "operatingExpenses": 88100000,
        "costAndExpenses": 316200000,
        "interestIncome": 0,
        "interestExpense": 0,
        "depreciationAndAmortization": 6200000,
        "ebitda": 31000000,
        "ebitdaratio": 0.0909090909,
        "operatingIncome": 24800000,
        "operatingIncomeRatio": 0.0727272727,
        "totalOtherIncomeExpensesNet": -1700000,
        "incomeBeforeTax": 23100000,
        "incomeBeforeTaxRatio": 0.0677419355,
        "incomeTaxExpense": 10000000,
        "netIncome": 13100000,
        "netIncomeRatio": 0.0384164223,
        "eps": 0.05,
        "epsdiluted": 0.05,
        "weightedAverageShsOut": 262000000,
        "weightedAverageShsOutDil": 262000000,
        "link": null,
        "finalLink": null
    },
    {
        "date": "1993-07-31",
        "symbol": "KSS",
        "reportedCurrency": "USD",
        "cik": "0000885639",
        "fillingDate": "1993-07-31",
        "acceptedDate": "1993-07-31 00:00:00",
        "calendarYear": "1993",
        "period": "Q2",
        "revenue": 257400000,
        "costOfRevenue": 167900000,
        "grossProfit": 89500000,
        "grossProfitRatio": 0.3477078477,
        "researchAndDevelopmentExpenses": 0,
        "generalAndAdministrativeExpenses": 0,
        "sellingAndMarketingExpenses": 0,
        "sellingGeneralAndAdministrativeExpenses": 70600000,
        "otherExpenses": 5700000,
        "operatingExpenses": 76300000,
        "costAndExpenses": 244200000,
        "interestIncome": 0,
        "interestExpense": 0,
        "depreciationAndAmortization": 5800000,
        "ebitda": 19000000,
        "ebitdaratio": 0.0738150738,
        "operatingIncome": 13200000,
        "operatingIncomeRatio": 0.0512820513,
        "totalOtherIncomeExpensesNet": -1400000,
        "incomeBeforeTax": 11800000,
        "incomeBeforeTaxRatio": 0.0458430458,
        "incomeTaxExpense": 4900000,
        "netIncome": 6900000,
        "netIncomeRatio": 0.0268065268,
        "eps": 0.03,
        "epsdiluted": 0.03,
        "weightedAverageShsOut": 230000000,
        "weightedAverageShsOutDil": 230000000,
        "link": null,
        "finalLink": null
    },
    {
        "date": "1993-04-30",
        "symbol": "KSS",
        "reportedCurrency": "USD",
        "cik": "0000885639",
        "fillingDate": "1993-04-30",
        "acceptedDate": "1993-04-30 00:00:00",
        "calendarYear": "1993",
        "period": "Q1",
        "revenue": 250200000,
        "costOfRevenue": 164000000,
        "grossProfit": 86200000,
        "grossProfitRatio": 0.3445243805,
        "researchAndDevelopmentExpenses": 0,
        "generalAndAdministrativeExpenses": 0,
        "sellingAndMarketingExpenses": 0,
        "sellingGeneralAndAdministrativeExpenses": 66200000,
        "otherExpenses": 5700000,
        "operatingExpenses": 71900000,
        "costAndExpenses": 235900000,
        "interestIncome": 0,
        "interestExpense": 0,
        "depreciationAndAmortization": 5700000,
        "ebitda": 20000000,
        "ebitdaratio": 0.0799360512,
        "operatingIncome": 14300000,
        "operatingIncomeRatio": 0.0571542766,
        "totalOtherIncomeExpensesNet": -1400000,
        "incomeBeforeTax": 12900000,
        "incomeBeforeTaxRatio": 0.051558753,
        "incomeTaxExpense": 5400000,
        "netIncome": 7500000,
        "netIncomeRatio": 0.0299760192,
        "eps": 0.03,
        "epsdiluted": 0.03,
        "weightedAverageShsOut": 250000000,
        "weightedAverageShsOutDil": 250000000,
        "link": null,
        "finalLink": null
    },
    {
        "date": "1993-01-31",
        "symbol": "KSS",
        "reportedCurrency": "USD",
        "cik": "0000885639",
        "fillingDate": "1993-01-31",
        "acceptedDate": "1993-01-31 00:00:00",
        "calendarYear": "1992",
        "period": "Q4",
        "revenue": 382400000,
        "costOfRevenue": 254400000,
        "grossProfit": 128000000,
        "grossProfitRatio": 0.3347280335,
        "researchAndDevelopmentExpenses": 0,
        "generalAndAdministrativeExpenses": 0,
        "sellingAndMarketingExpenses": 0,
        "sellingGeneralAndAdministrativeExpenses": 81600000,
        "otherExpenses": 5100000,
        "operatingExpenses": 86700000,
        "costAndExpenses": 341100000,
        "interestIncome": 0,
        "interestExpense": 0,
        "depreciationAndAmortization": 5100000,
        "ebitda": 46400000,
        "ebitdaratio": 0.1213389121,
        "operatingIncome": 41300000,
        "operatingIncomeRatio": 0.1080020921,
        "totalOtherIncomeExpensesNet": -4800000,
        "incomeBeforeTax": 36500000,
        "incomeBeforeTaxRatio": 0.0954497908,
        "incomeTaxExpense": 16100000,
        "netIncome": 22500000,
        "netIncomeRatio": 0.0588389121,
        "eps": 0.0891,
        "epsdiluted": 0.0891,
        "weightedAverageShsOut": 252500000,
        "weightedAverageShsOutDil": 252500000,
        "link": null,
        "finalLink": null
    },
    {
        "date": "1992-10-31",
        "symbol": "KSS",
        "reportedCurrency": "USD",
        "cik": "0000885639",
        "fillingDate": "1992-10-31",
        "acceptedDate": "1992-10-30 19:00:00",
        "calendarYear": "1992",
        "period": "Q3",
        "revenue": 285200000,
        "costOfRevenue": 186300000,
        "grossProfit": 98900000,
        "grossProfitRatio": 0.3467741935,
        "researchAndDevelopmentExpenses": 0,
        "generalAndAdministrativeExpenses": 0,
        "sellingAndMarketingExpenses": 0,
        "sellingGeneralAndAdministrativeExpenses": 73200000,
        "otherExpenses": 5200000,
        "operatingExpenses": 78400000,
        "costAndExpenses": 264700000,
        "interestIncome": 0,
        "interestExpense": 0,
        "depreciationAndAmortization": 5200000,
        "ebitda": 25700000,
        "ebitdaratio": 0.090112202,
        "operatingIncome": 20500000,
        "operatingIncomeRatio": 0.0718793829,
        "totalOtherIncomeExpensesNet": -2700000,
        "incomeBeforeTax": 17800000,
        "incomeBeforeTaxRatio": 0.0624123422,
        "incomeTaxExpense": 7700000,
        "netIncome": 10100000,
        "netIncomeRatio": 0.0354137447,
        "eps": 0.04,
        "epsdiluted": 0.04,
        "weightedAverageShsOut": 252500000,
        "weightedAverageShsOutDil": 252500000,
        "link": "",
        "finalLink": ""
    },
    {
        "date": "1992-08-31",
        "symbol": "KSS",
        "reportedCurrency": "USD",
        "cik": "0000885639",
        "fillingDate": "1992-08-31",
        "acceptedDate": "1992-08-31 00:00:00",
        "calendarYear": "1992",
        "period": "Q2",
        "revenue": 247000000,
        "costOfRevenue": 161000000,
        "grossProfit": 86000000,
        "grossProfitRatio": 0.3481781377,
        "researchAndDevelopmentExpenses": 0,
        "generalAndAdministrativeExpenses": 0,
        "sellingAndMarketingExpenses": 0,
        "sellingGeneralAndAdministrativeExpenses": 67800000,
        "otherExpenses": 5200000,
        "operatingExpenses": 73000000,
        "costAndExpenses": 234000000,
        "interestIncome": 0,
        "interestExpense": 0,
        "depreciationAndAmortization": 5200000,
        "ebitda": 18200000,
        "ebitdaratio": 0.0736842105,
        "operatingIncome": 13000000,
        "operatingIncomeRatio": 0.0526315789,
        "totalOtherIncomeExpensesNet": -2700000,
        "incomeBeforeTax": 10300000,
        "incomeBeforeTaxRatio": 0.0417004049,
        "incomeTaxExpense": 4700000,
        "netIncome": 3500000,
        "netIncomeRatio": 0.0141700405,
        "eps": 0.0139,
        "epsdiluted": 0.0139,
        "weightedAverageShsOut": 252500000,
        "weightedAverageShsOutDil": 252500000,
        "link": null,
        "finalLink": null
    },
    {
        "date": "1992-05-31",
        "symbol": "KSS",
        "reportedCurrency": "USD",
        "cik": "0000885639",
        "fillingDate": "1992-05-31",
        "acceptedDate": "1992-05-30 20:00:00",
        "calendarYear": "1992",
        "period": "Q1",
        "revenue": 237000000,
        "costOfRevenue": 153600000,
        "grossProfit": 83400000,
        "grossProfitRatio": 0.3518987342,
        "researchAndDevelopmentExpenses": 0,
        "generalAndAdministrativeExpenses": 0,
        "sellingAndMarketingExpenses": 0,
        "sellingGeneralAndAdministrativeExpenses": 78600000,
        "otherExpenses": 4900000,
        "operatingExpenses": 83500000,
        "costAndExpenses": 237100000,
        "interestIncome": 0,
        "interestExpense": 0,
        "depreciationAndAmortization": 4900000,
        "ebitda": 4800000,
        "ebitdaratio": 0.0202531646,
        "operatingIncome": -100000,
        "operatingIncomeRatio": -0.0004219409,
        "totalOtherIncomeExpensesNet": -5400000,
        "incomeBeforeTax": -5500000,
        "incomeBeforeTaxRatio": -0.0232067511,
        "incomeTaxExpense": -2100000,
        "netIncome": -3400000,
        "netIncomeRatio": -0.0143459916,
        "eps": -0.0164,
        "epsdiluted": -0.0164,
        "weightedAverageShsOut": 207500000,
        "weightedAverageShsOutDil": 207500000,
        "link": "",
        "finalLink": ""
    },
    {
        "date": "1992-02-29",
        "symbol": "KSS",
        "reportedCurrency": "USD",
        "cik": "0000885639",
        "fillingDate": "1992-02-29",
        "acceptedDate": "1992-02-28 19:00:00",
        "calendarYear": "1991",
        "period": "Q4",
        "revenue": 260900000,
        "costOfRevenue": 0,
        "grossProfit": 260900000,
        "grossProfitRatio": 1,
        "researchAndDevelopmentExpenses": 0,
        "generalAndAdministrativeExpenses": 0,
        "sellingAndMarketingExpenses": 0,
        "sellingGeneralAndAdministrativeExpenses": 0,
        "otherExpenses": 0,
        "operatingExpenses": 0,
        "costAndExpenses": 0,
        "interestIncome": 0,
        "interestExpense": 0,
        "depreciationAndAmortization": 0,
        "ebitda": 260900000,
        "ebitdaratio": 1,
        "operatingIncome": 260900000,
        "operatingIncomeRatio": 1,
        "totalOtherIncomeExpensesNet": -260900000,
        "incomeBeforeTax": 0,
        "incomeBeforeTaxRatio": 0,
        "incomeTaxExpense": -8200000,
        "netIncome": 8200000,
        "netIncomeRatio": 0.0314296665,
        "eps": 0.05,
        "epsdiluted": 0.0293,
        "weightedAverageShsOut": 280304000,
        "weightedAverageShsOutDil": 280304000,
        "link": "",
        "finalLink": ""
    },
    {
        "date": "1991-11-30",
        "symbol": "KSS",
        "reportedCurrency": "USD",
        "cik": "0000885639",
        "fillingDate": "1991-11-30",
        "acceptedDate": "1991-11-29 19:00:00",
        "calendarYear": "1991",
        "period": "Q3",
        "revenue": 260900000,
        "costOfRevenue": 0,
        "grossProfit": 260900000,
        "grossProfitRatio": 1,
        "researchAndDevelopmentExpenses": 0,
        "generalAndAdministrativeExpenses": 0,
        "sellingAndMarketingExpenses": 0,
        "sellingGeneralAndAdministrativeExpenses": 0,
        "otherExpenses": 0,
        "operatingExpenses": 0,
        "costAndExpenses": 0,
        "interestIncome": 0,
        "interestExpense": 0,
        "depreciationAndAmortization": 0,
        "ebitda": 260900000,
        "ebitdaratio": 1,
        "operatingIncome": 260900000,
        "operatingIncomeRatio": 1,
        "totalOtherIncomeExpensesNet": -260900000,
        "incomeBeforeTax": 0,
        "incomeBeforeTaxRatio": 0,
        "incomeTaxExpense": -8400000,
        "netIncome": 8400000,
        "netIncomeRatio": 0.0321962438,
        "eps": 0.05,
        "epsdiluted": 0.03,
        "weightedAverageShsOut": 280304000,
        "weightedAverageShsOutDil": 280304000,
        "link": "",
        "finalLink": ""
    },
    {
        "date": "1991-08-31",
        "symbol": "KSS",
        "reportedCurrency": "USD",
        "cik": "0000885639",
        "fillingDate": "1991-08-31",
        "acceptedDate": "1991-08-30 20:00:00",
        "calendarYear": "1991",
        "period": "Q2",
        "revenue": 215800000,
        "costOfRevenue": 0,
        "grossProfit": 215800000,
        "grossProfitRatio": 1,
        "researchAndDevelopmentExpenses": 0,
        "generalAndAdministrativeExpenses": 0,
        "sellingAndMarketingExpenses": 0,
        "sellingGeneralAndAdministrativeExpenses": 0,
        "otherExpenses": -803400000,
        "operatingExpenses": -803400000,
        "costAndExpenses": -803400000,
        "interestIncome": 0,
        "interestExpense": 0,
        "depreciationAndAmortization": 0,
        "ebitda": -587600000,
        "ebitdaratio": -2.7228915663,
        "operatingIncome": -587600000,
        "operatingIncomeRatio": -2.7228915663,
        "totalOtherIncomeExpensesNet": 587600000,
        "incomeBeforeTax": 0,
        "incomeBeforeTaxRatio": 0,
        "incomeTaxExpense": -3800000,
        "netIncome": 3800000,
        "netIncomeRatio": 0.0176088971,
        "eps": 0.0136,
        "epsdiluted": 0.0136,
        "weightedAverageShsOut": 280304000,
        "weightedAverageShsOutDil": 280304000,
        "link": "",
        "finalLink": ""
    },
    {
        "date": "1991-05-31",
        "symbol": "KSS",
        "reportedCurrency": "USD",
        "cik": "0000885639",
        "fillingDate": "1991-05-31",
        "acceptedDate": "1991-05-30 20:00:00",
        "calendarYear": "1991",
        "period": "Q1",
        "revenue": 215700000,
        "costOfRevenue": 0,
        "grossProfit": 215700000,
        "grossProfitRatio": 1,
        "researchAndDevelopmentExpenses": 0,
        "generalAndAdministrativeExpenses": 0,
        "sellingAndMarketingExpenses": 0,
        "sellingGeneralAndAdministrativeExpenses": 0,
        "otherExpenses": 0,
        "operatingExpenses": 0,
        "costAndExpenses": 0,
        "interestIncome": 0,
        "interestExpense": 0,
        "depreciationAndAmortization": 0,
        "ebitda": 215700000,
        "ebitdaratio": 1,
        "operatingIncome": 215700000,
        "operatingIncomeRatio": 1,
        "totalOtherIncomeExpensesNet": -215700000,
        "incomeBeforeTax": 0,
        "incomeBeforeTaxRatio": 0,
        "incomeTaxExpense": -3800000,
        "netIncome": 3800000,
        "netIncomeRatio": 0.0176170607,
        "eps": 0.02,
        "epsdiluted": 0.02,
        "weightedAverageShsOut": 280304000,
        "weightedAverageShsOutDil": 280304000,
        "link": "",
        "finalLink": ""
    },
    {
        "date": "1991-02-28",
        "symbol": "KSS",
        "reportedCurrency": "USD",
        "cik": "0000885639",
        "fillingDate": "1991-02-28",
        "acceptedDate": "1991-02-27 19:00:00",
        "calendarYear": "1990",
        "period": "Q4",
        "revenue": 215700000,
        "costOfRevenue": 0,
        "grossProfit": 215700000,
        "grossProfitRatio": 1,
        "researchAndDevelopmentExpenses": 0,
        "generalAndAdministrativeExpenses": 0,
        "sellingAndMarketingExpenses": 0,
        "sellingGeneralAndAdministrativeExpenses": 0,
        "otherExpenses": 0,
        "operatingExpenses": 0,
        "costAndExpenses": 0,
        "interestIncome": 0,
        "interestExpense": 0,
        "depreciationAndAmortization": 0,
        "ebitda": 215700000,
        "ebitdaratio": 1,
        "operatingIncome": 215700000,
        "operatingIncomeRatio": 1,
        "totalOtherIncomeExpensesNet": -215700000,
        "incomeBeforeTax": 0,
        "incomeBeforeTaxRatio": 0,
        "incomeTaxExpense": -3700000,
        "netIncome": 3700000,
        "netIncomeRatio": 0.0171534539,
        "eps": 0.02,
        "epsdiluted": 0.0132,
        "weightedAverageShsOut": 280304000,
        "weightedAverageShsOutDil": 280304000,
        "link": "",
        "finalLink": ""
    },
    {
        "date": "1990-11-30",
        "symbol": "KSS",
        "reportedCurrency": "USD",
        "cik": "0000885639",
        "fillingDate": "1990-11-30",
        "acceptedDate": "1990-11-29 19:00:00",
        "calendarYear": "1990",
        "period": "Q3",
        "revenue": 215700000,
        "costOfRevenue": 0,
        "grossProfit": 215700000,
        "grossProfitRatio": 1,
        "researchAndDevelopmentExpenses": 0,
        "generalAndAdministrativeExpenses": 0,
        "sellingAndMarketingExpenses": 0,
        "sellingGeneralAndAdministrativeExpenses": 0,
        "otherExpenses": 0,
        "operatingExpenses": 0,
        "costAndExpenses": 0,
        "interestIncome": 0,
        "interestExpense": 0,
        "depreciationAndAmortization": 0,
        "ebitda": 215700000,
        "ebitdaratio": 1,
        "operatingIncome": 215700000,
        "operatingIncomeRatio": 1,
        "totalOtherIncomeExpensesNet": -215700000,
        "incomeBeforeTax": 0,
        "incomeBeforeTaxRatio": 0,
        "incomeTaxExpense": -3700000,
        "netIncome": 3700000,
        "netIncomeRatio": 0.0171534539,
        "eps": 0.02,
        "epsdiluted": 0.0132,
        "weightedAverageShsOut": 280304000,
        "weightedAverageShsOutDil": 280304000,
        "link": "",
        "finalLink": ""
    }
]