[
    {
        "date": "2021-09-30",
        "symbol": "KSU",
        "reportedCurrency": "USD",
        "cik": "0000054480",
        "fillingDate": "2021-10-19",
        "acceptedDate": "2021-10-19 12:54:32",
        "calendarYear": "2021",
        "period": "Q3",
        "revenue": 744000000,
        "costOfRevenue": 455600000,
        "grossProfit": 288400000,
        "grossProfitRatio": 0.3876344086,
        "researchAndDevelopmentExpenses": 0,
        "generalAndAdministrativeExpenses": 0,
        "sellingAndMarketingExpenses": 0,
        "sellingGeneralAndAdministrativeExpenses": 0,
        "otherExpenses": 500000,
        "operatingExpenses": 500000,
        "costAndExpenses": 455600000,
        "interestIncome": 0,
        "interestExpense": 39000000,
        "depreciationAndAmortization": 90500000,
        "ebitda": 345900000,
        "ebitdaratio": 0.4649193548,
        "operatingIncome": 251900000,
        "operatingIncomeRatio": 0.3385752688,
        "totalOtherIncomeExpensesNet": -35200000,
        "incomeBeforeTax": 216700000,
        "incomeBeforeTaxRatio": 0.2912634409,
        "incomeTaxExpense": 60200000,
        "netIncome": 156200000,
        "netIncomeRatio": 0.2099462366,
        "eps": 1.72,
        "epsdiluted": 1.71,
        "weightedAverageShsOut": 90806000,
        "weightedAverageShsOutDil": 91372000,
        "link": "https://www.sec.gov/Archives/edgar/data/54480/000005448021000220/0000054480-21-000220-index.htm",
        "finalLink": "https://www.sec.gov/Archives/edgar/data/54480/000005448021000220/ksu-20210930.htm"
    },
    {
        "date": "2021-06-30",
        "symbol": "KSU",
        "reportedCurrency": "USD",
        "cik": "0000054480",
        "fillingDate": "2021-07-16",
        "acceptedDate": "2021-07-16 12:33:48",
        "calendarYear": "2021",
        "period": "Q2",
        "revenue": 749500000,
        "costOfRevenue": 460400000,
        "grossProfit": 289100000,
        "grossProfitRatio": 0.3857238159,
        "researchAndDevelopmentExpenses": 0,
        "generalAndAdministrativeExpenses": 0,
        "sellingAndMarketingExpenses": 0,
        "sellingGeneralAndAdministrativeExpenses": 0,
        "otherExpenses": 1000000,
        "operatingExpenses": 1000000,
        "costAndExpenses": 460400000,
        "interestIncome": 0,
        "interestExpense": 39100000,
        "depreciationAndAmortization": 91200000,
        "ebitda": -329800000,
        "ebitdaratio": -0.4400266845,
        "operatingIncome": -431700000,
        "operatingIncomeRatio": -0.5759839893,
        "totalOtherIncomeExpensesNet": -27900000,
        "incomeBeforeTax": -459600000,
        "incomeBeforeTaxRatio": -0.6132088059,
        "incomeTaxExpense": -81600000,
        "netIncome": -378500000,
        "netIncomeRatio": -0.5050033356,
        "eps": -4.17,
        "epsdiluted": -4.17,
        "weightedAverageShsOut": 90767000,
        "weightedAverageShsOutDil": 90767000,
        "link": "https://www.sec.gov/Archives/edgar/data/54480/000005448021000199/0000054480-21-000199-index.htm",
        "finalLink": "https://www.sec.gov/Archives/edgar/data/54480/000005448021000199/ksu-20210630.htm"
    },
    {
        "date": "2021-03-31",
        "symbol": "KSU",
        "reportedCurrency": "USD",
        "cik": "0000054480",
        "fillingDate": "2021-04-16",
        "acceptedDate": "2021-04-16 11:56:41",
        "calendarYear": "2021",
        "period": "Q1",
        "revenue": 706000000,
        "costOfRevenue": 433700000,
        "grossProfit": 272300000,
        "grossProfitRatio": 0.385694051,
        "researchAndDevelopmentExpenses": 0,
        "generalAndAdministrativeExpenses": 0,
        "sellingAndMarketingExpenses": 0,
        "sellingGeneralAndAdministrativeExpenses": 0,
        "otherExpenses": -800000,
        "operatingExpenses": -800000,
        "costAndExpenses": 433700000,
        "interestIncome": 0,
        "interestExpense": 39000000,
        "depreciationAndAmortization": 92000000,
        "ebitda": 342500000,
        "ebitdaratio": 0.4851274788,
        "operatingIncome": 253000000,
        "operatingIncomeRatio": 0.3583569405,
        "totalOtherIncomeExpensesNet": -41100000,
        "incomeBeforeTax": 211900000,
        "incomeBeforeTaxRatio": 0.3001416431,
        "incomeTaxExpense": 58500000,
        "netIncome": 153000000,
        "netIncomeRatio": 0.216713881,
        "eps": 1.69,
        "epsdiluted": 1.68,
        "weightedAverageShsOut": 90757000,
        "weightedAverageShsOutDil": 91286000,
        "link": "https://www.sec.gov/Archives/edgar/data/54480/000005448021000117/0000054480-21-000117-index.htm",
        "finalLink": "https://www.sec.gov/Archives/edgar/data/54480/000005448021000117/ksu-20210331.htm"
    },
    {
        "date": "2020-12-31",
        "symbol": "KSU",
        "reportedCurrency": "USD",
        "cik": "0000054480",
        "fillingDate": "2021-01-29",
        "acceptedDate": "2021-01-29 13:52:54",
        "calendarYear": "2020",
        "period": "Q4",
        "revenue": 693400000,
        "costOfRevenue": 417500000,
        "grossProfit": 275900000,
        "grossProfitRatio": 0.3978944332,
        "researchAndDevelopmentExpenses": 0,
        "generalAndAdministrativeExpenses": 0,
        "sellingAndMarketingExpenses": 0,
        "sellingGeneralAndAdministrativeExpenses": 0,
        "otherExpenses": -400000,
        "operatingExpenses": -400000,
        "costAndExpenses": 417500000,
        "interestIncome": 0,
        "interestExpense": 39100000,
        "depreciationAndAmortization": 90000000,
        "ebitda": 364400000,
        "ebitdaratio": 0.5255263917,
        "operatingIncome": 275900000,
        "operatingIncomeRatio": 0.3978944332,
        "totalOtherIncomeExpensesNet": -40000000,
        "incomeBeforeTax": 235900000,
        "incomeBeforeTaxRatio": 0.3402076723,
        "incomeTaxExpense": 69600000,
        "netIncome": 165700000,
        "netIncomeRatio": 0.238967407,
        "eps": 1.81,
        "epsdiluted": 1.8,
        "weightedAverageShsOut": 91311000,
        "weightedAverageShsOutDil": 91836000,
        "link": "https://www.sec.gov/Archives/edgar/data/54480/000005448021000021/0000054480-21-000021-index.htm",
        "finalLink": "https://www.sec.gov/Archives/edgar/data/54480/000005448021000021/ksu-20201231.htm"
    },
    {
        "date": "2020-09-30",
        "symbol": "KSU",
        "reportedCurrency": "USD",
        "cik": "0000054480",
        "fillingDate": "2020-10-16",
        "acceptedDate": "2020-10-16 12:12:54",
        "calendarYear": "2020",
        "period": "Q3",
        "revenue": 659600000,
        "costOfRevenue": 387600000,
        "grossProfit": 272000000,
        "grossProfitRatio": 0.412371134,
        "researchAndDevelopmentExpenses": 0,
        "generalAndAdministrativeExpenses": 0,
        "sellingAndMarketingExpenses": 0,
        "sellingGeneralAndAdministrativeExpenses": 0,
        "otherExpenses": 300000,
        "operatingExpenses": 300000,
        "costAndExpenses": 387600000,
        "interestIncome": 0,
        "interestExpense": 39500000,
        "depreciationAndAmortization": 89200000,
        "ebitda": 367000000,
        "ebitdaratio": 0.5563978169,
        "operatingIncome": 272000000,
        "operatingIncomeRatio": 0.412371134,
        "totalOtherIncomeExpensesNet": -33300000,
        "incomeBeforeTax": 238700000,
        "incomeBeforeTaxRatio": 0.3618859915,
        "incomeTaxExpense": 48500000,
        "netIncome": 189800000,
        "netIncomeRatio": 0.2877501516,
        "eps": 2.02,
        "epsdiluted": 2.01,
        "weightedAverageShsOut": 93876000,
        "weightedAverageShsOutDil": 94380000,
        "link": "https://www.sec.gov/Archives/edgar/data/54480/000005448020000221/0000054480-20-000221-index.htm",
        "finalLink": "https://www.sec.gov/Archives/edgar/data/54480/000005448020000221/kcs10q09302020.htm"
    },
    {
        "date": "2020-06-30",
        "symbol": "KSU",
        "reportedCurrency": "USD",
        "cik": "0000054480",
        "fillingDate": "2020-07-17",
        "acceptedDate": "2020-07-17 14:23:21",
        "calendarYear": "2020",
        "period": "Q2",
        "revenue": 547900000,
        "costOfRevenue": 357000000,
        "grossProfit": 190900000,
        "grossProfitRatio": 0.3484212448,
        "researchAndDevelopmentExpenses": 0,
        "generalAndAdministrativeExpenses": 18100000,
        "sellingAndMarketingExpenses": 0,
        "sellingGeneralAndAdministrativeExpenses": 18100000,
        "otherExpenses": 800000,
        "operatingExpenses": 18900000,
        "costAndExpenses": 357000000,
        "interestIncome": 0,
        "interestExpense": 38100000,
        "depreciationAndAmortization": 89300000,
        "ebitda": 277900000,
        "ebitdaratio": 0.5072093448,
        "operatingIncome": 190900000,
        "operatingIncomeRatio": 0.3484212448,
        "totalOtherIncomeExpensesNet": -39800000,
        "incomeBeforeTax": 151100000,
        "incomeBeforeTaxRatio": 0.2757802519,
        "incomeTaxExpense": 40800000,
        "netIncome": 109700000,
        "netIncomeRatio": 0.2002190181,
        "eps": 1.16,
        "epsdiluted": 1.16,
        "weightedAverageShsOut": 94476000,
        "weightedAverageShsOutDil": 94893000,
        "link": "https://www.sec.gov/Archives/edgar/data/54480/000005448020000181/0000054480-20-000181-index.htm",
        "finalLink": "https://www.sec.gov/Archives/edgar/data/54480/000005448020000181/kcs10q06302020.htm"
    },
    {
        "date": "2020-03-31",
        "symbol": "KSU",
        "reportedCurrency": "USD",
        "cik": "0000054480",
        "fillingDate": "2020-04-17",
        "acceptedDate": "2020-04-17 13:46:55",
        "calendarYear": "2020",
        "period": "Q1",
        "revenue": 731700000,
        "costOfRevenue": 436900000,
        "grossProfit": 294800000,
        "grossProfitRatio": 0.4028973623,
        "researchAndDevelopmentExpenses": 0,
        "generalAndAdministrativeExpenses": 21900000,
        "sellingAndMarketingExpenses": 421100000,
        "sellingGeneralAndAdministrativeExpenses": 443000000,
        "otherExpenses": 0,
        "operatingExpenses": 443000000,
        "costAndExpenses": 436900000,
        "interestIncome": 0,
        "interestExpense": 34200000,
        "depreciationAndAmortization": 89400000,
        "ebitda": 320600000,
        "ebitdaratio": 0.4381577149,
        "operatingIncome": 294800000,
        "operatingIncomeRatio": 0.4028973623,
        "totalOtherIncomeExpensesNet": -97300000,
        "incomeBeforeTax": 197500000,
        "incomeBeforeTaxRatio": 0.2699193659,
        "incomeTaxExpense": 45200000,
        "netIncome": 151800000,
        "netIncomeRatio": 0.2074620746,
        "eps": 1.59,
        "epsdiluted": 1.58,
        "weightedAverageShsOut": 95662000,
        "weightedAverageShsOutDil": 96171000,
        "link": "https://www.sec.gov/Archives/edgar/data/54480/000005448020000113/0000054480-20-000113-index.htm",
        "finalLink": "https://www.sec.gov/Archives/edgar/data/54480/000005448020000113/kcs10q03312020.htm"
    },
    {
        "date": "2019-12-31",
        "symbol": "KSU",
        "reportedCurrency": "USD",
        "cik": "0000054480",
        "fillingDate": "2020-01-24",
        "acceptedDate": "2020-01-24 15:32:02",
        "calendarYear": "2019",
        "period": "Q4",
        "revenue": 729500000,
        "costOfRevenue": 455200000,
        "grossProfit": 274300000,
        "grossProfitRatio": 0.3760109664,
        "researchAndDevelopmentExpenses": 0,
        "generalAndAdministrativeExpenses": 26800000,
        "sellingAndMarketingExpenses": 467200000,
        "sellingGeneralAndAdministrativeExpenses": 494000000,
        "otherExpenses": 0,
        "operatingExpenses": 494000000,
        "costAndExpenses": 455200000,
        "interestIncome": 0,
        "interestExpense": 31800000,
        "depreciationAndAmortization": 88000000,
        "ebitda": 326600000,
        "ebitdaratio": 0.4477039068,
        "operatingIncome": 274300000,
        "operatingIncomeRatio": 0.3760109664,
        "totalOtherIncomeExpensesNet": -66800000,
        "incomeBeforeTax": 207500000,
        "incomeBeforeTaxRatio": 0.2844413982,
        "incomeTaxExpense": 79600000,
        "netIncome": 127200000,
        "netIncomeRatio": 0.1743660041,
        "eps": 1.31,
        "epsdiluted": 1.3,
        "weightedAverageShsOut": 97467000,
        "weightedAverageShsOutDil": 97980000,
        "link": "https://www.sec.gov/Archives/edgar/data/54480/000005448020000015/0000054480-20-000015-index.html",
        "finalLink": "https://www.sec.gov/Archives/edgar/data/54480/000005448020000015/kcs1231201910k.htm"
    },
    {
        "date": "2019-09-30",
        "symbol": "KSU",
        "reportedCurrency": "USD",
        "cik": "0000054480",
        "fillingDate": "2019-10-18",
        "acceptedDate": "2019-10-18 12:30:54",
        "calendarYear": "2019",
        "period": "Q3",
        "revenue": 747700000,
        "costOfRevenue": 453700000,
        "grossProfit": 294000000,
        "grossProfitRatio": 0.3932058312,
        "researchAndDevelopmentExpenses": 0,
        "generalAndAdministrativeExpenses": 25100000,
        "sellingAndMarketingExpenses": 440900000,
        "sellingGeneralAndAdministrativeExpenses": 466000000,
        "otherExpenses": 0,
        "operatingExpenses": 466000000,
        "costAndExpenses": 453700000,
        "interestIncome": 0,
        "interestExpense": 27900000,
        "depreciationAndAmortization": 86500000,
        "ebitda": 368800000,
        "ebitdaratio": 0.4932459543,
        "operatingIncome": 294000000,
        "operatingIncomeRatio": 0.3932058312,
        "totalOtherIncomeExpensesNet": -39200000,
        "incomeBeforeTax": 254800000,
        "incomeBeforeTaxRatio": 0.3407783871,
        "incomeTaxExpense": 74200000,
        "netIncome": 180200000,
        "netIncomeRatio": 0.241005751,
        "eps": 1.81,
        "epsdiluted": 1.81,
        "weightedAverageShsOut": 99296000,
        "weightedAverageShsOutDil": 99699000,
        "link": "https://www.sec.gov/Archives/edgar/data/54480/000005448019000214/0000054480-19-000214-index.html",
        "finalLink": "https://www.sec.gov/Archives/edgar/data/54480/000005448019000214/kcs10q09302019.htm"
    },
    {
        "date": "2019-06-30",
        "symbol": "KSU",
        "reportedCurrency": "USD",
        "cik": "0000054480",
        "fillingDate": "2019-07-19",
        "acceptedDate": "2019-07-19 11:43:30",
        "calendarYear": "2019",
        "period": "Q2",
        "revenue": 714000000,
        "costOfRevenue": 455000000,
        "grossProfit": 259000000,
        "grossProfitRatio": 0.362745098,
        "researchAndDevelopmentExpenses": 0,
        "generalAndAdministrativeExpenses": 26300000,
        "sellingAndMarketingExpenses": 479700000,
        "sellingGeneralAndAdministrativeExpenses": 506000000,
        "otherExpenses": 0,
        "operatingExpenses": 506000000,
        "costAndExpenses": 455000000,
        "interestIncome": 0,
        "interestExpense": 28000000,
        "depreciationAndAmortization": 87700000,
        "ebitda": 303500000,
        "ebitdaratio": 0.425070028,
        "operatingIncome": 259000000,
        "operatingIncomeRatio": 0.362745098,
        "totalOtherIncomeExpensesNet": -70800000,
        "incomeBeforeTax": 188200000,
        "incomeBeforeTaxRatio": 0.2635854342,
        "incomeTaxExpense": 59100000,
        "netIncome": 128700000,
        "netIncomeRatio": 0.1802521008,
        "eps": 1.29,
        "epsdiluted": 1.28,
        "weightedAverageShsOut": 100028000,
        "weightedAverageShsOutDil": 100422000,
        "link": "https://www.sec.gov/Archives/edgar/data/54480/000005448019000183/0000054480-19-000183-index.htm",
        "finalLink": "https://www.sec.gov/Archives/edgar/data/54480/000005448019000183/kcs10q06302019.htm"
    },
    {
        "date": "2019-03-31",
        "symbol": "KSU",
        "reportedCurrency": "USD",
        "cik": "0000054480",
        "fillingDate": "2019-04-17",
        "acceptedDate": "2019-04-17 14:22:28",
        "calendarYear": "2019",
        "period": "Q1",
        "revenue": 674800000,
        "costOfRevenue": 447000000,
        "grossProfit": 227800000,
        "grossProfitRatio": 0.3375815056,
        "researchAndDevelopmentExpenses": 0,
        "generalAndAdministrativeExpenses": 30400000,
        "sellingAndMarketingExpenses": 484600000,
        "sellingGeneralAndAdministrativeExpenses": 515000000,
        "otherExpenses": 0,
        "operatingExpenses": 515000000,
        "costAndExpenses": 447000000,
        "interestIncome": 0,
        "interestExpense": 28200000,
        "depreciationAndAmortization": 88500000,
        "ebitda": 254200000,
        "ebitdaratio": 0.3767042087,
        "operatingIncome": 227800000,
        "operatingIncomeRatio": 0.3375815056,
        "totalOtherIncomeExpensesNet": -89900000,
        "incomeBeforeTax": 137900000,
        "incomeBeforeTaxRatio": 0.2043568465,
        "incomeTaxExpense": 34700000,
        "netIncome": 102800000,
        "netIncomeRatio": 0.1523414345,
        "eps": 1.02,
        "epsdiluted": 1.02,
        "weightedAverageShsOut": 100500000,
        "weightedAverageShsOutDil": 100915000,
        "link": "https://www.sec.gov/Archives/edgar/data/54480/000005448019000123/0000054480-19-000123-index.html",
        "finalLink": "https://www.sec.gov/Archives/edgar/data/54480/000005448019000123/kcs10q03312019.htm"
    },
    {
        "date": "2018-12-31",
        "symbol": "KSU",
        "reportedCurrency": "USD",
        "cik": "0000054480",
        "fillingDate": "2019-01-25",
        "acceptedDate": "2019-01-25 16:59:10",
        "calendarYear": "2018",
        "period": "Q4",
        "revenue": 705100000,
        "costOfRevenue": 457200000,
        "grossProfit": 247900000,
        "grossProfitRatio": 0.351581336,
        "researchAndDevelopmentExpenses": 0,
        "generalAndAdministrativeExpenses": 30200000,
        "sellingAndMarketingExpenses": 407800000,
        "sellingGeneralAndAdministrativeExpenses": 438000000,
        "otherExpenses": 0,
        "operatingExpenses": 438000000,
        "costAndExpenses": 457200000,
        "interestIncome": 0,
        "interestExpense": 28200000,
        "depreciationAndAmortization": 89600000,
        "ebitda": 339200000,
        "ebitdaratio": 0.4810665154,
        "operatingIncome": 247900000,
        "operatingIncomeRatio": 0.351581336,
        "totalOtherIncomeExpensesNet": -25800000,
        "incomeBeforeTax": 222100000,
        "incomeBeforeTaxRatio": 0.3149907814,
        "incomeTaxExpense": 60300000,
        "netIncome": 161100000,
        "netIncomeRatio": 0.22847823,
        "eps": 1.59,
        "epsdiluted": 1.59,
        "weightedAverageShsOut": 101098000,
        "weightedAverageShsOutDil": 101516000,
        "link": "https://www.sec.gov/Archives/edgar/data/54480/000005448019000012/0000054480-19-000012-index.html",
        "finalLink": "https://www.sec.gov/Archives/edgar/data/54480/000005448019000012/kcs1231201810k.htm"
    },
    {
        "date": "2018-09-30",
        "symbol": "KSU",
        "reportedCurrency": "USD",
        "cik": "0000054480",
        "fillingDate": "2018-10-19",
        "acceptedDate": "2018-10-19 11:36:31",
        "calendarYear": "2018",
        "period": "Q3",
        "revenue": 708400000,
        "costOfRevenue": 452400000,
        "grossProfit": 256000000,
        "grossProfitRatio": 0.3613777527,
        "researchAndDevelopmentExpenses": 0,
        "generalAndAdministrativeExpenses": 33000000,
        "sellingAndMarketingExpenses": 401000000,
        "sellingGeneralAndAdministrativeExpenses": 434000000,
        "otherExpenses": 0,
        "operatingExpenses": 434000000,
        "costAndExpenses": 452400000,
        "interestIncome": 0,
        "interestExpense": 28300000,
        "depreciationAndAmortization": 87500000,
        "ebitda": 362400000,
        "ebitdaratio": 0.5115753811,
        "operatingIncome": 256000000,
        "operatingIncomeRatio": 0.3613777527,
        "totalOtherIncomeExpensesNet": -9000000,
        "incomeBeforeTax": 247000000,
        "incomeBeforeTaxRatio": 0.3486730661,
        "incomeTaxExpense": 73000000,
        "netIncome": 173600000,
        "netIncomeRatio": 0.2450592885,
        "eps": 1.71,
        "epsdiluted": 1.7,
        "weightedAverageShsOut": 101658000,
        "weightedAverageShsOutDil": 102110000,
        "link": "https://www.sec.gov/Archives/edgar/data/54480/000005448018000201/0000054480-18-000201-index.html",
        "finalLink": "https://www.sec.gov/Archives/edgar/data/54480/000005448018000201/kcs10q09302018.htm"
    },
    {
        "date": "2018-06-30",
        "symbol": "KSU",
        "reportedCurrency": "USD",
        "cik": "0000054480",
        "fillingDate": "2018-07-20",
        "acceptedDate": "2018-07-20 11:17:26",
        "calendarYear": "2018",
        "period": "Q2",
        "revenue": 690400000,
        "costOfRevenue": 444600000,
        "grossProfit": 245800000,
        "grossProfitRatio": 0.3560254925,
        "researchAndDevelopmentExpenses": 0,
        "generalAndAdministrativeExpenses": 30700000,
        "sellingAndMarketingExpenses": 406300000,
        "sellingGeneralAndAdministrativeExpenses": 437000000,
        "otherExpenses": 0,
        "operatingExpenses": 437000000,
        "costAndExpenses": 444600000,
        "interestIncome": 0,
        "interestExpense": 28000000,
        "depreciationAndAmortization": 86300000,
        "ebitda": 309900000,
        "ebitdaratio": 0.4488702202,
        "operatingIncome": 245800000,
        "operatingIncomeRatio": 0.3560254925,
        "totalOtherIncomeExpensesNet": -49700000,
        "incomeBeforeTax": 196100000,
        "incomeBeforeTaxRatio": 0.2840382387,
        "incomeTaxExpense": 47400000,
        "netIncome": 148200000,
        "netIncomeRatio": 0.2146581692,
        "eps": 1.45,
        "epsdiluted": 1.45,
        "weightedAverageShsOut": 102092000,
        "weightedAverageShsOutDil": 102492000,
        "link": "https://www.sec.gov/Archives/edgar/data/54480/000005448018000178/0000054480-18-000178-index.html",
        "finalLink": "https://www.sec.gov/Archives/edgar/data/54480/000005448018000178/kcs10q06302018.htm"
    },
    {
        "date": "2018-03-31",
        "symbol": "KSU",
        "reportedCurrency": "USD",
        "cik": "0000054480",
        "fillingDate": "2018-04-20",
        "acceptedDate": "2018-04-20 13:35:54",
        "calendarYear": "2018",
        "period": "Q1",
        "revenue": 647800000,
        "costOfRevenue": 429100000,
        "grossProfit": 218700000,
        "grossProfitRatio": 0.3376041988,
        "researchAndDevelopmentExpenses": 0,
        "generalAndAdministrativeExpenses": 32200000,
        "sellingAndMarketingExpenses": 387800000,
        "sellingGeneralAndAdministrativeExpenses": 420000000,
        "otherExpenses": 0,
        "operatingExpenses": 420000000,
        "costAndExpenses": 429100000,
        "interestIncome": 0,
        "interestExpense": 25500000,
        "depreciationAndAmortization": 83300000,
        "ebitda": 330100000,
        "ebitdaratio": 0.5095708552,
        "operatingIncome": 218700000,
        "operatingIncomeRatio": 0.3376041988,
        "totalOtherIncomeExpensesNet": 3000000,
        "incomeBeforeTax": 221700000,
        "incomeBeforeTaxRatio": 0.3422352578,
        "incomeTaxExpense": 76800000,
        "netIncome": 144500000,
        "netIncomeRatio": 0.2230626737,
        "eps": 1.41,
        "epsdiluted": 1.4,
        "weightedAverageShsOut": 102574000,
        "weightedAverageShsOutDil": 102976000,
        "link": "https://www.sec.gov/Archives/edgar/data/54480/000005448018000135/0000054480-18-000135-index.html",
        "finalLink": "https://www.sec.gov/Archives/edgar/data/54480/000005448018000135/kcs10q03312018.htm"
    },
    {
        "date": "2017-12-31",
        "symbol": "KSU",
        "reportedCurrency": "USD",
        "cik": "0000054480",
        "fillingDate": "2018-01-26",
        "acceptedDate": "2018-01-26 16:56:39",
        "calendarYear": "2017",
        "period": "Q4",
        "revenue": 668900000,
        "costOfRevenue": 431100000,
        "grossProfit": 237800000,
        "grossProfitRatio": 0.3555090447,
        "researchAndDevelopmentExpenses": 0,
        "generalAndAdministrativeExpenses": 35900000,
        "sellingAndMarketingExpenses": 387100000,
        "sellingGeneralAndAdministrativeExpenses": 423000000,
        "otherExpenses": 0,
        "operatingExpenses": 423000000,
        "costAndExpenses": 431100000,
        "interestIncome": 0,
        "interestExpense": 25300000,
        "depreciationAndAmortization": 79300000,
        "ebitda": 297100000,
        "ebitdaratio": 0.4441620571,
        "operatingIncome": 237800000,
        "operatingIncomeRatio": 0.3555090447,
        "totalOtherIncomeExpensesNet": -44600000,
        "incomeBeforeTax": 193200000,
        "incomeBeforeTaxRatio": 0.2888324114,
        "incomeTaxExpense": -359200000,
        "netIncome": 551700000,
        "netIncomeRatio": 0.8247869637,
        "eps": 5.35,
        "epsdiluted": 5.33,
        "weightedAverageShsOut": 103038000,
        "weightedAverageShsOutDil": 103431000,
        "link": "https://www.sec.gov/Archives/edgar/data/54480/000005448018000046/0000054480-18-000046-index.html",
        "finalLink": "https://www.sec.gov/Archives/edgar/data/54480/000005448018000046/kcs1231201710k.htm"
    },
    {
        "date": "2017-09-30",
        "symbol": "KSU",
        "reportedCurrency": "USD",
        "cik": "0000054480",
        "fillingDate": "2017-10-20",
        "acceptedDate": "2017-10-20 12:15:07",
        "calendarYear": "2017",
        "period": "Q3",
        "revenue": 667700000,
        "costOfRevenue": 433900000,
        "grossProfit": 233800000,
        "grossProfitRatio": 0.3501572563,
        "researchAndDevelopmentExpenses": 0,
        "generalAndAdministrativeExpenses": 30900000,
        "sellingAndMarketingExpenses": 392100000,
        "sellingGeneralAndAdministrativeExpenses": 423000000,
        "otherExpenses": 0,
        "operatingExpenses": 423000000,
        "costAndExpenses": 433900000,
        "interestIncome": 0,
        "interestExpense": 25200000,
        "depreciationAndAmortization": 81900000,
        "ebitda": 318400000,
        "ebitdaratio": 0.4768608657,
        "operatingIncome": 233800000,
        "operatingIncomeRatio": 0.3501572563,
        "totalOtherIncomeExpensesNet": -21900000,
        "incomeBeforeTax": 211900000,
        "incomeBeforeTaxRatio": 0.317358095,
        "incomeTaxExpense": 82000000,
        "netIncome": 129300000,
        "netIncomeRatio": 0.1936498427,
        "eps": 1.24,
        "epsdiluted": 1.24,
        "weightedAverageShsOut": 104324000,
        "weightedAverageShsOutDil": 104678000,
        "link": "https://www.sec.gov/Archives/edgar/data/54480/000005448017000171/0000054480-17-000171-index.html",
        "finalLink": "https://www.sec.gov/Archives/edgar/data/54480/000005448017000171/kcs10q09302017.htm"
    },
    {
        "date": "2017-06-30",
        "symbol": "KSU",
        "reportedCurrency": "USD",
        "cik": "0000054480",
        "fillingDate": "2017-07-21",
        "acceptedDate": "2017-07-21 11:02:38",
        "calendarYear": "2017",
        "period": "Q2",
        "revenue": 669200000,
        "costOfRevenue": 429900000,
        "grossProfit": 239300000,
        "grossProfitRatio": 0.3575911536,
        "researchAndDevelopmentExpenses": 0,
        "generalAndAdministrativeExpenses": 31200000,
        "sellingAndMarketingExpenses": 385800000,
        "sellingGeneralAndAdministrativeExpenses": 417000000,
        "otherExpenses": 0,
        "operatingExpenses": 417000000,
        "costAndExpenses": 429900000,
        "interestIncome": 0,
        "interestExpense": 25000000,
        "depreciationAndAmortization": 80400000,
        "ebitda": 336400000,
        "ebitdaratio": 0.5026897788,
        "operatingIncome": 239300000,
        "operatingIncomeRatio": 0.3575911536,
        "totalOtherIncomeExpensesNet": -8000000,
        "incomeBeforeTax": 231300000,
        "incomeBeforeTaxRatio": 0.345636581,
        "incomeTaxExpense": 96600000,
        "netIncome": 134400000,
        "netIncomeRatio": 0.2008368201,
        "eps": 1.27,
        "epsdiluted": 1.27,
        "weightedAverageShsOut": 105473000,
        "weightedAverageShsOutDil": 105758000,
        "link": "https://www.sec.gov/Archives/edgar/data/54480/000005448017000144/0000054480-17-000144-index.html",
        "finalLink": "https://www.sec.gov/Archives/edgar/data/54480/000005448017000144/kcs10q06302017.htm"
    },
    {
        "date": "2017-03-31",
        "symbol": "KSU",
        "reportedCurrency": "USD",
        "cik": "0000054480",
        "fillingDate": "2017-04-21",
        "acceptedDate": "2017-04-21 11:03:20",
        "calendarYear": "2017",
        "period": "Q1",
        "revenue": 621200000,
        "costOfRevenue": 410500000,
        "grossProfit": 210700000,
        "grossProfitRatio": 0.3391822279,
        "researchAndDevelopmentExpenses": 0,
        "generalAndAdministrativeExpenses": 31200000,
        "sellingAndMarketingExpenses": 367800000,
        "sellingGeneralAndAdministrativeExpenses": 399000000,
        "otherExpenses": 0,
        "operatingExpenses": 399000000,
        "costAndExpenses": 410500000,
        "interestIncome": 0,
        "interestExpense": 24700000,
        "depreciationAndAmortization": 79300000,
        "ebitda": 341600000,
        "ebitdaratio": 0.5499034127,
        "operatingIncome": 210700000,
        "operatingIncomeRatio": 0.3391822279,
        "totalOtherIncomeExpensesNet": 27200000,
        "incomeBeforeTax": 237900000,
        "incomeBeforeTaxRatio": 0.3829684482,
        "incomeTaxExpense": 91000000,
        "netIncome": 146600000,
        "netIncomeRatio": 0.2359948487,
        "eps": 1.38,
        "epsdiluted": 1.38,
        "weightedAverageShsOut": 106111000,
        "weightedAverageShsOutDil": 106326000,
        "link": "https://www.sec.gov/Archives/edgar/data/54480/000005448017000079/0000054480-17-000079-index.html",
        "finalLink": "https://www.sec.gov/Archives/edgar/data/54480/000005448017000079/kcs10q03312017.htm"
    },
    {
        "date": "2016-12-31",
        "symbol": "KSU",
        "reportedCurrency": "USD",
        "cik": "0000054480",
        "fillingDate": "2017-01-27",
        "acceptedDate": "2017-01-27 10:57:51",
        "calendarYear": "2016",
        "period": "Q4",
        "revenue": 611700000,
        "costOfRevenue": 400800000,
        "grossProfit": 210900000,
        "grossProfitRatio": 0.3447768514,
        "researchAndDevelopmentExpenses": 0,
        "generalAndAdministrativeExpenses": 34100000,
        "sellingAndMarketingExpenses": 353900000,
        "sellingGeneralAndAdministrativeExpenses": 388000000,
        "otherExpenses": 0,
        "operatingExpenses": 388000000,
        "costAndExpenses": 400800000,
        "interestIncome": 0,
        "interestExpense": 24500000,
        "depreciationAndAmortization": 78100000,
        "ebitda": 267600000,
        "ebitdaratio": 0.4374693477,
        "operatingIncome": 210900000,
        "operatingIncomeRatio": 0.3447768514,
        "totalOtherIncomeExpensesNet": -45200000,
        "incomeBeforeTax": 165700000,
        "incomeBeforeTaxRatio": 0.2708844205,
        "incomeTaxExpense": 35400000,
        "netIncome": 129600000,
        "netIncomeRatio": 0.211868563,
        "eps": 1.21,
        "epsdiluted": 1.21,
        "weightedAverageShsOut": 106845000,
        "weightedAverageShsOutDil": 107051000,
        "link": "https://www.sec.gov/Archives/edgar/data/54480/000005448017000007/0000054480-17-000007-index.html",
        "finalLink": "https://www.sec.gov/Archives/edgar/data/54480/000005448017000007/kcs1231201610k.htm"
    },
    {
        "date": "2016-09-30",
        "symbol": "KSU",
        "reportedCurrency": "USD",
        "cik": "0000054480",
        "fillingDate": "2016-10-18",
        "acceptedDate": "2016-10-18 11:27:13",
        "calendarYear": "2016",
        "period": "Q3",
        "revenue": 620100000,
        "costOfRevenue": 420300000,
        "grossProfit": 199800000,
        "grossProfitRatio": 0.3222060958,
        "researchAndDevelopmentExpenses": 0,
        "generalAndAdministrativeExpenses": 32000000,
        "sellingAndMarketingExpenses": 373000000,
        "sellingGeneralAndAdministrativeExpenses": 405000000,
        "otherExpenses": 0,
        "operatingExpenses": 405000000,
        "costAndExpenses": 420300000,
        "interestIncome": 0,
        "interestExpense": 25200000,
        "depreciationAndAmortization": 76900000,
        "ebitda": 260000000,
        "ebitdaratio": 0.4192872117,
        "operatingIncome": 199800000,
        "operatingIncomeRatio": 0.3222060958,
        "totalOtherIncomeExpensesNet": -41500000,
        "incomeBeforeTax": 158300000,
        "incomeBeforeTaxRatio": 0.2552814062,
        "incomeTaxExpense": 37300000,
        "netIncome": 120600000,
        "netIncomeRatio": 0.1944847605,
        "eps": 1.12,
        "epsdiluted": 1.12,
        "weightedAverageShsOut": 107621000,
        "weightedAverageShsOutDil": 107812000,
        "link": "https://www.sec.gov/Archives/edgar/data/54480/000005448016000277/0000054480-16-000277-index.html",
        "finalLink": "https://www.sec.gov/Archives/edgar/data/54480/000005448016000277/kcs10q09302016.htm"
    },
    {
        "date": "2016-06-30",
        "symbol": "KSU",
        "reportedCurrency": "USD",
        "cik": "0000054480",
        "fillingDate": "2016-07-19",
        "acceptedDate": "2016-07-19 11:23:59",
        "calendarYear": "2016",
        "period": "Q2",
        "revenue": 602500000,
        "costOfRevenue": 382600000,
        "grossProfit": 219900000,
        "grossProfitRatio": 0.3649792531,
        "researchAndDevelopmentExpenses": 0,
        "generalAndAdministrativeExpenses": 27200000,
        "sellingAndMarketingExpenses": 321800000,
        "sellingGeneralAndAdministrativeExpenses": 349000000,
        "otherExpenses": 0,
        "operatingExpenses": 349000000,
        "costAndExpenses": 382600000,
        "interestIncome": 0,
        "interestExpense": 24400000,
        "depreciationAndAmortization": 75700000,
        "ebitda": 273500000,
        "ebitdaratio": 0.4539419087,
        "operatingIncome": 219900000,
        "operatingIncomeRatio": 0.3649792531,
        "totalOtherIncomeExpensesNet": -46100000,
        "incomeBeforeTax": 173800000,
        "incomeBeforeTaxRatio": 0.2884647303,
        "incomeTaxExpense": 53300000,
        "netIncome": 120100000,
        "netIncomeRatio": 0.1993360996,
        "eps": 1.11,
        "epsdiluted": 1.11,
        "weightedAverageShsOut": 107720000,
        "weightedAverageShsOutDil": 107907000,
        "link": "https://www.sec.gov/Archives/edgar/data/54480/000005448016000256/0000054480-16-000256-index.htm",
        "finalLink": "https://www.sec.gov/Archives/edgar/data/54480/000005448016000256/kcs10q06302016.htm"
    },
    {
        "date": "2016-03-31",
        "symbol": "KSU",
        "reportedCurrency": "USD",
        "cik": "0000054480",
        "fillingDate": "2016-04-19",
        "acceptedDate": "2016-04-19 10:50:40",
        "calendarYear": "2016",
        "period": "Q1",
        "revenue": 562700000,
        "costOfRevenue": 374800000,
        "grossProfit": 187900000,
        "grossProfitRatio": 0.3339257153,
        "researchAndDevelopmentExpenses": 0,
        "generalAndAdministrativeExpenses": 26700000,
        "sellingAndMarketingExpenses": 348300000,
        "sellingGeneralAndAdministrativeExpenses": 375000000,
        "otherExpenses": 0,
        "operatingExpenses": 375000000,
        "costAndExpenses": 374800000,
        "interestIncome": 0,
        "interestExpense": 23600000,
        "depreciationAndAmortization": 74300000,
        "ebitda": 262500000,
        "ebitdaratio": 0.4665007997,
        "operatingIncome": 187900000,
        "operatingIncomeRatio": 0.3339257153,
        "totalOtherIncomeExpensesNet": -23000000,
        "incomeBeforeTax": 164900000,
        "incomeBeforeTaxRatio": 0.2930513595,
        "incomeTaxExpense": 56800000,
        "netIncome": 107800000,
        "netIncomeRatio": 0.1915763284,
        "eps": 1,
        "epsdiluted": 1,
        "weightedAverageShsOut": 108057000,
        "weightedAverageShsOutDil": 108275000,
        "link": "https://www.sec.gov/Archives/edgar/data/54480/000005448016000214/0000054480-16-000214-index.html",
        "finalLink": "https://www.sec.gov/Archives/edgar/data/54480/000005448016000214/kcs10q03312016.htm"
    },
    {
        "date": "2015-12-31",
        "symbol": "KSU",
        "reportedCurrency": "USD",
        "cik": "0000054480",
        "fillingDate": "2016-01-29",
        "acceptedDate": "2016-01-29 12:25:52",
        "calendarYear": "2015",
        "period": "Q4",
        "revenue": 598000000,
        "costOfRevenue": 379100000,
        "grossProfit": 218900000,
        "grossProfitRatio": 0.3660535117,
        "researchAndDevelopmentExpenses": 0,
        "generalAndAdministrativeExpenses": 29200000,
        "sellingAndMarketingExpenses": 349800000,
        "sellingGeneralAndAdministrativeExpenses": 379000000,
        "otherExpenses": 0,
        "operatingExpenses": 379000000,
        "costAndExpenses": 379100000,
        "interestIncome": 0,
        "interestExpense": 23700000,
        "depreciationAndAmortization": 73900000,
        "ebitda": 283600000,
        "ebitdaratio": 0.4742474916,
        "operatingIncome": 218900000,
        "operatingIncomeRatio": 0.3660535117,
        "totalOtherIncomeExpensesNet": -32200000,
        "incomeBeforeTax": 186700000,
        "incomeBeforeTaxRatio": 0.3122073579,
        "incomeTaxExpense": 46700000,
        "netIncome": 139300000,
        "netIncomeRatio": 0.2329431438,
        "eps": 1.28,
        "epsdiluted": 1.28,
        "weightedAverageShsOut": 108521000,
        "weightedAverageShsOutDil": 108737000,
        "link": "https://www.sec.gov/Archives/edgar/data/54480/000005448016000143/0000054480-16-000143-index.html",
        "finalLink": "https://www.sec.gov/Archives/edgar/data/54480/000005448016000143/kcs1231201510k.htm"
    },
    {
        "date": "2015-09-30",
        "symbol": "KSU",
        "reportedCurrency": "USD",
        "cik": "0000054480",
        "fillingDate": "2015-10-16",
        "acceptedDate": "2015-10-16 11:00:50",
        "calendarYear": "2015",
        "period": "Q3",
        "revenue": 631900000,
        "costOfRevenue": 412000000,
        "grossProfit": 219900000,
        "grossProfitRatio": 0.347998101,
        "researchAndDevelopmentExpenses": 0,
        "generalAndAdministrativeExpenses": 31200000,
        "sellingAndMarketingExpenses": 380800000,
        "sellingGeneralAndAdministrativeExpenses": 412000000,
        "otherExpenses": 0,
        "operatingExpenses": 412000000,
        "costAndExpenses": 824000000,
        "interestIncome": 0,
        "interestExpense": 21900000,
        "depreciationAndAmortization": 71400000,
        "ebitda": 264900000,
        "ebitdaratio": 0.4192119006,
        "operatingIncome": 219900000,
        "operatingIncomeRatio": 0.347998101,
        "totalOtherIncomeExpensesNet": -48000000,
        "incomeBeforeTax": 171900000,
        "incomeBeforeTaxRatio": 0.2720367147,
        "incomeTaxExpense": 40000000,
        "netIncome": 131600000,
        "netIncomeRatio": 0.2082608008,
        "eps": 1.2,
        "epsdiluted": 1.2,
        "weightedAverageShsOut": 109692000,
        "weightedAverageShsOutDil": 109901000,
        "link": "https://www.sec.gov/Archives/edgar/data/54480/000005448015000126/0000054480-15-000126-index.html",
        "finalLink": "https://www.sec.gov/Archives/edgar/data/54480/000005448015000126/kcs10q09302015.htm"
    },
    {
        "date": "2015-06-30",
        "symbol": "KSU",
        "reportedCurrency": "USD",
        "cik": "0000054480",
        "fillingDate": "2015-07-17",
        "acceptedDate": "2015-07-17 12:13:44",
        "calendarYear": "2015",
        "period": "Q2",
        "revenue": 585800000,
        "costOfRevenue": 399000000,
        "grossProfit": 186800000,
        "grossProfitRatio": 0.3188801639,
        "researchAndDevelopmentExpenses": 0,
        "generalAndAdministrativeExpenses": 29900000,
        "sellingAndMarketingExpenses": 369100000,
        "sellingGeneralAndAdministrativeExpenses": 399000000,
        "otherExpenses": 0,
        "operatingExpenses": 399000000,
        "costAndExpenses": 798000000,
        "interestIncome": 0,
        "interestExpense": 17700000,
        "depreciationAndAmortization": 70800000,
        "ebitda": 250500000,
        "ebitdaratio": 0.4276203482,
        "operatingIncome": 186800000,
        "operatingIncomeRatio": 0.3188801639,
        "totalOtherIncomeExpensesNet": -24400000,
        "incomeBeforeTax": 162400000,
        "incomeBeforeTaxRatio": 0.2772277228,
        "incomeTaxExpense": 50200000,
        "netIncome": 111800000,
        "netIncomeRatio": 0.1908501195,
        "eps": 1.01,
        "epsdiluted": 1.01,
        "weightedAverageShsOut": 110334000,
        "weightedAverageShsOutDil": 110515000,
        "link": "https://www.sec.gov/Archives/edgar/data/54480/000005448015000115/0000054480-15-000115-index.html",
        "finalLink": "https://www.sec.gov/Archives/edgar/data/54480/000005448015000115/kcs10q06302015.htm"
    },
    {
        "date": "2015-03-31",
        "symbol": "KSU",
        "reportedCurrency": "USD",
        "cik": "0000054480",
        "fillingDate": "2015-04-21",
        "acceptedDate": "2015-04-21 10:44:44",
        "calendarYear": "2015",
        "period": "Q1",
        "revenue": 603100000,
        "costOfRevenue": 415300000,
        "grossProfit": 187800000,
        "grossProfitRatio": 0.3113911457,
        "researchAndDevelopmentExpenses": 0,
        "generalAndAdministrativeExpenses": 29100000,
        "sellingAndMarketingExpenses": 395900000,
        "sellingGeneralAndAdministrativeExpenses": 425000000,
        "otherExpenses": 0,
        "operatingExpenses": 425000000,
        "costAndExpenses": 415300000,
        "interestIncome": 0,
        "interestExpense": 18600000,
        "depreciationAndAmortization": 68500000,
        "ebitda": 238300000,
        "ebitdaratio": 0.3951251865,
        "operatingIncome": 187800000,
        "operatingIncomeRatio": 0.3113911457,
        "totalOtherIncomeExpensesNet": -36200000,
        "incomeBeforeTax": 151600000,
        "incomeBeforeTaxRatio": 0.2513679323,
        "incomeTaxExpense": 50400000,
        "netIncome": 100800000,
        "netIncomeRatio": 0.1671364616,
        "eps": 0.91,
        "epsdiluted": 0.91,
        "weightedAverageShsOut": 110309000,
        "weightedAverageShsOutDil": 110527000,
        "link": "https://www.sec.gov/Archives/edgar/data/54480/000005448015000076/0000054480-15-000076-index.html",
        "finalLink": "https://www.sec.gov/Archives/edgar/data/54480/000005448015000076/kcs10q03312015.htm"
    },
    {
        "date": "2014-12-31",
        "symbol": "KSU",
        "reportedCurrency": "USD",
        "cik": "0000054480",
        "fillingDate": "2015-01-30",
        "acceptedDate": "2015-01-30 13:02:48",
        "calendarYear": "2014",
        "period": "Q4",
        "revenue": 642500000,
        "costOfRevenue": 428600000,
        "grossProfit": 213900000,
        "grossProfitRatio": 0.3329182879,
        "researchAndDevelopmentExpenses": 0,
        "generalAndAdministrativeExpenses": 29600000,
        "sellingAndMarketingExpenses": 399400000,
        "sellingGeneralAndAdministrativeExpenses": 429000000,
        "otherExpenses": 0,
        "operatingExpenses": 429000000,
        "costAndExpenses": 428600000,
        "interestIncome": 0,
        "interestExpense": 18300000,
        "depreciationAndAmortization": 67300000,
        "ebitda": 255100000,
        "ebitdaratio": 0.3970428016,
        "operatingIncome": 213900000,
        "operatingIncomeRatio": 0.3329182879,
        "totalOtherIncomeExpensesNet": -43700000,
        "incomeBeforeTax": 170200000,
        "incomeBeforeTaxRatio": 0.2649027237,
        "incomeTaxExpense": 28500000,
        "netIncome": 141000000,
        "netIncomeRatio": 0.2194552529,
        "eps": 1.28,
        "epsdiluted": 1.28,
        "weightedAverageShsOut": 110227000,
        "weightedAverageShsOutDil": 110493000,
        "link": "https://www.sec.gov/Archives/edgar/data/54480/000005448015000013/0000054480-15-000013-index.htm",
        "finalLink": "https://www.sec.gov/Archives/edgar/data/54480/000005448015000013/kcs1231201410k.htm"
    },
    {
        "date": "2014-09-30",
        "symbol": "KSU",
        "reportedCurrency": "USD",
        "cik": "0000054480",
        "fillingDate": "2014-10-17",
        "acceptedDate": "2014-10-17 10:04:14",
        "calendarYear": "2014",
        "period": "Q3",
        "revenue": 677500000,
        "costOfRevenue": 448100000,
        "grossProfit": 229400000,
        "grossProfitRatio": 0.338597786,
        "researchAndDevelopmentExpenses": 0,
        "generalAndAdministrativeExpenses": 28400000,
        "sellingAndMarketingExpenses": 419600000,
        "sellingGeneralAndAdministrativeExpenses": 448000000,
        "otherExpenses": 0,
        "operatingExpenses": 448000000,
        "costAndExpenses": 448100000,
        "interestIncome": 0,
        "interestExpense": 17900000,
        "depreciationAndAmortization": 65000000,
        "ebitda": 286200000,
        "ebitdaratio": 0.4224354244,
        "operatingIncome": 229400000,
        "operatingIncomeRatio": 0.338597786,
        "totalOtherIncomeExpensesNet": -25800000,
        "incomeBeforeTax": 203600000,
        "incomeBeforeTaxRatio": 0.3005166052,
        "incomeTaxExpense": 65200000,
        "netIncome": 138100000,
        "netIncomeRatio": 0.2038376384,
        "eps": 1.25,
        "epsdiluted": 1.25,
        "weightedAverageShsOut": 110182000,
        "weightedAverageShsOutDil": 110441000,
        "link": "https://www.sec.gov/Archives/edgar/data/54480/000005448014000127/0000054480-14-000127-index.html",
        "finalLink": "https://www.sec.gov/Archives/edgar/data/54480/000005448014000127/kcs10q09302014.htm"
    },
    {
        "date": "2014-06-30",
        "symbol": "KSU",
        "reportedCurrency": "USD",
        "cik": "0000054480",
        "fillingDate": "2014-07-18",
        "acceptedDate": "2014-07-18 10:52:25",
        "calendarYear": "2014",
        "period": "Q2",
        "revenue": 649700000,
        "costOfRevenue": 435500000,
        "grossProfit": 214200000,
        "grossProfitRatio": 0.3296906264,
        "researchAndDevelopmentExpenses": 0,
        "generalAndAdministrativeExpenses": 29500000,
        "sellingAndMarketingExpenses": 414500000,
        "sellingGeneralAndAdministrativeExpenses": 444000000,
        "otherExpenses": 0,
        "operatingExpenses": 444000000,
        "costAndExpenses": 435500000,
        "interestIncome": 0,
        "interestExpense": 17900000,
        "depreciationAndAmortization": 63900000,
        "ebitda": 277700000,
        "ebitdaratio": 0.4274280437,
        "operatingIncome": 214200000,
        "operatingIncomeRatio": 0.3296906264,
        "totalOtherIncomeExpensesNet": -17900000,
        "incomeBeforeTax": 196300000,
        "incomeBeforeTaxRatio": 0.302139449,
        "incomeTaxExpense": 66100000,
        "netIncome": 129800000,
        "netIncomeRatio": 0.1997845159,
        "eps": 1.18,
        "epsdiluted": 1.18,
        "weightedAverageShsOut": 110160000,
        "weightedAverageShsOutDil": 110397000,
        "link": "https://www.sec.gov/Archives/edgar/data/54480/000005448014000107/0000054480-14-000107-index.html",
        "finalLink": "https://www.sec.gov/Archives/edgar/data/54480/000005448014000107/kcs10q06302014.htm"
    },
    {
        "date": "2014-03-31",
        "symbol": "KSU",
        "reportedCurrency": "USD",
        "cik": "0000054480",
        "fillingDate": "2014-04-17",
        "acceptedDate": "2014-04-16 18:04:34",
        "calendarYear": "2014",
        "period": "Q1",
        "revenue": 607400000,
        "costOfRevenue": 417500000,
        "grossProfit": 189900000,
        "grossProfitRatio": 0.3126440566,
        "researchAndDevelopmentExpenses": 0,
        "generalAndAdministrativeExpenses": 31700000,
        "sellingAndMarketingExpenses": 415300000,
        "sellingGeneralAndAdministrativeExpenses": 447000000,
        "otherExpenses": 0,
        "operatingExpenses": 447000000,
        "costAndExpenses": 417500000,
        "interestIncome": 0,
        "interestExpense": 18700000,
        "depreciationAndAmortization": 61900000,
        "ebitda": 223300000,
        "ebitdaratio": 0.3676325321,
        "operatingIncome": 189900000,
        "operatingIncomeRatio": 0.3126440566,
        "totalOtherIncomeExpensesNet": -46900000,
        "incomeBeforeTax": 143000000,
        "incomeBeforeTaxRatio": 0.2354297004,
        "incomeTaxExpense": 49000000,
        "netIncome": 93700000,
        "netIncomeRatio": 0.1542640764,
        "eps": 0.85,
        "epsdiluted": 0.85,
        "weightedAverageShsOut": 110086000,
        "weightedAverageShsOutDil": 110403000,
        "link": "https://www.sec.gov/Archives/edgar/data/54480/000005448014000075/0000054480-14-000075-index.html",
        "finalLink": "https://www.sec.gov/Archives/edgar/data/54480/000005448014000075/kcs10q03312014.htm"
    },
    {
        "date": "2013-12-31",
        "symbol": "KSU",
        "reportedCurrency": "USD",
        "cik": "0000054480",
        "fillingDate": "2014-01-31",
        "acceptedDate": "2014-01-31 11:35:40",
        "calendarYear": "2013",
        "period": "Q4",
        "revenue": 615600000,
        "costOfRevenue": 419500000,
        "grossProfit": 196100000,
        "grossProfitRatio": 0.3185510071,
        "researchAndDevelopmentExpenses": 0,
        "generalAndAdministrativeExpenses": 40500000,
        "sellingAndMarketingExpenses": 379500000,
        "sellingGeneralAndAdministrativeExpenses": 420000000,
        "otherExpenses": 0,
        "operatingExpenses": 420000000,
        "costAndExpenses": 419500000,
        "interestIncome": 0,
        "interestExpense": 19400000,
        "depreciationAndAmortization": 58300000,
        "ebitda": 258000000,
        "ebitdaratio": 0.4191033138,
        "operatingIncome": 196100000,
        "operatingIncomeRatio": 0.3185510071,
        "totalOtherIncomeExpensesNet": -15200000,
        "incomeBeforeTax": 180900000,
        "incomeBeforeTaxRatio": 0.2938596491,
        "incomeTaxExpense": 66500000,
        "netIncome": 113800000,
        "netIncomeRatio": 0.1848602989,
        "eps": 1.03,
        "epsdiluted": 1.03,
        "weightedAverageShsOut": 110021000,
        "weightedAverageShsOutDil": 110407000,
        "link": "https://www.sec.gov/Archives/edgar/data/54480/000005448014000014/0000054480-14-000014-index.htm",
        "finalLink": "https://www.sec.gov/Archives/edgar/data/54480/000005448014000014/kcs1231201310k.htm"
    },
    {
        "date": "2013-09-30",
        "symbol": "KSU",
        "reportedCurrency": "USD",
        "cik": "0000054480",
        "fillingDate": "2013-10-18",
        "acceptedDate": "2013-10-18 11:31:41",
        "calendarYear": "2013",
        "period": "Q3",
        "revenue": 621600000,
        "costOfRevenue": 421300000,
        "grossProfit": 200300000,
        "grossProfitRatio": 0.3222329472,
        "researchAndDevelopmentExpenses": 0,
        "generalAndAdministrativeExpenses": 39500000,
        "sellingAndMarketingExpenses": 381500000,
        "sellingGeneralAndAdministrativeExpenses": 421000000,
        "otherExpenses": 0,
        "operatingExpenses": 421000000,
        "costAndExpenses": 421300000,
        "interestIncome": 0,
        "interestExpense": 18300000,
        "depreciationAndAmortization": 57200000,
        "ebitda": 257200000,
        "ebitdaratio": 0.4137709138,
        "operatingIncome": 200300000,
        "operatingIncomeRatio": 0.3222329472,
        "totalOtherIncomeExpensesNet": -18000000,
        "incomeBeforeTax": 182300000,
        "incomeBeforeTaxRatio": 0.2932754183,
        "incomeTaxExpense": 63300000,
        "netIncome": 118400000,
        "netIncomeRatio": 0.1904761905,
        "eps": 1.08,
        "epsdiluted": 1.07,
        "weightedAverageShsOut": 110003000,
        "weightedAverageShsOutDil": 110373000,
        "link": "https://www.sec.gov/Archives/edgar/data/54480/000005448013000153/0000054480-13-000153-index.html",
        "finalLink": "https://www.sec.gov/Archives/edgar/data/54480/000005448013000153/kcs10q09302013.htm"
    },
    {
        "date": "2013-06-30",
        "symbol": "KSU",
        "reportedCurrency": "USD",
        "cik": "0000054480",
        "fillingDate": "2013-07-19",
        "acceptedDate": "2013-07-19 13:26:35",
        "calendarYear": "2013",
        "period": "Q2",
        "revenue": 579300000,
        "costOfRevenue": 400000000,
        "grossProfit": 179300000,
        "grossProfitRatio": 0.3095114794,
        "researchAndDevelopmentExpenses": 0,
        "generalAndAdministrativeExpenses": 38600000,
        "sellingAndMarketingExpenses": 361400000,
        "sellingGeneralAndAdministrativeExpenses": 400000000,
        "otherExpenses": 0,
        "operatingExpenses": 400000000,
        "costAndExpenses": 800000000,
        "interestIncome": 0,
        "interestExpense": 19200000,
        "depreciationAndAmortization": 54700000,
        "ebitda": 103500000,
        "ebitdaratio": 0.1786639047,
        "operatingIncome": 179300000,
        "operatingIncomeRatio": 0.3095114794,
        "totalOtherIncomeExpensesNet": -149400000,
        "incomeBeforeTax": 29900000,
        "incomeBeforeTaxRatio": 0.0516140169,
        "incomeTaxExpense": 14200000,
        "netIncome": 15400000,
        "netIncomeRatio": 0.026583808,
        "eps": 0.14,
        "epsdiluted": 0.14,
        "weightedAverageShsOut": 109968000,
        "weightedAverageShsOutDil": 110323000,
        "link": "https://www.sec.gov/Archives/edgar/data/54480/000005448013000131/0000054480-13-000131-index.html",
        "finalLink": "https://www.sec.gov/Archives/edgar/data/54480/000005448013000131/kcs10q06302013.htm"
    },
    {
        "date": "2013-03-31",
        "symbol": "KSU",
        "reportedCurrency": "USD",
        "cik": "0000054480",
        "fillingDate": "2013-04-22",
        "acceptedDate": "2013-04-22 13:50:18",
        "calendarYear": "2013",
        "period": "Q1",
        "revenue": 552800000,
        "costOfRevenue": 389900000,
        "grossProfit": 162900000,
        "grossProfitRatio": 0.2946816208,
        "researchAndDevelopmentExpenses": 0,
        "generalAndAdministrativeExpenses": 41900000,
        "sellingAndMarketingExpenses": 348100000,
        "sellingGeneralAndAdministrativeExpenses": 390000000,
        "otherExpenses": 0,
        "operatingExpenses": 390000000,
        "costAndExpenses": 389900000,
        "interestIncome": 0,
        "interestExpense": 23700000,
        "depreciationAndAmortization": 53100000,
        "ebitda": 234900000,
        "ebitdaratio": 0.4249276411,
        "operatingIncome": 162900000,
        "operatingIncomeRatio": 0.2946816208,
        "totalOtherIncomeExpensesNet": -4400000,
        "incomeBeforeTax": 158500000,
        "incomeBeforeTaxRatio": 0.2867221418,
        "incomeTaxExpense": 54300000,
        "netIncome": 103800000,
        "netIncomeRatio": 0.1877713459,
        "eps": 0.94,
        "epsdiluted": 0.94,
        "weightedAverageShsOut": 109907000,
        "weightedAverageShsOutDil": 110265000,
        "link": "https://www.sec.gov/Archives/edgar/data/54480/000005448013000091/0000054480-13-000091-index.html",
        "finalLink": "https://www.sec.gov/Archives/edgar/data/54480/000005448013000091/kcs10q03312013.htm"
    },
    {
        "date": "2012-12-31",
        "symbol": "KSU",
        "reportedCurrency": "USD",
        "cik": "0000054480",
        "fillingDate": "2013-02-04",
        "acceptedDate": "2013-02-04 13:46:45",
        "calendarYear": "2012",
        "period": "Q4",
        "revenue": 568400000,
        "costOfRevenue": 865200000,
        "grossProfit": -296800000,
        "grossProfitRatio": -0.5221674877,
        "researchAndDevelopmentExpenses": 0,
        "generalAndAdministrativeExpenses": -113400000,
        "sellingAndMarketingExpenses": 508400000,
        "sellingGeneralAndAdministrativeExpenses": 395000000,
        "otherExpenses": 0,
        "operatingExpenses": 395000000,
        "costAndExpenses": 437800000,
        "interestIncome": 0,
        "interestExpense": 23800000,
        "depreciationAndAmortization": 51900000,
        "ebitda": 225300000,
        "ebitdaratio": 0.3963757917,
        "operatingIncome": 130600000,
        "operatingIncomeRatio": 0.2297677692,
        "totalOtherIncomeExpensesNet": 19700000,
        "incomeBeforeTax": 150300000,
        "incomeBeforeTaxRatio": 0.2644264602,
        "incomeTaxExpense": 57800000,
        "netIncome": 91800000,
        "netIncomeRatio": 0.1615059817,
        "eps": 0.84,
        "epsdiluted": 0.83,
        "weightedAverageShsOut": 109793000,
        "weightedAverageShsOutDil": 110137000,
        "link": "https://www.sec.gov/Archives/edgar/data/54480/000005448013000016/0000054480-13-000016-index.html",
        "finalLink": "https://www.sec.gov/Archives/edgar/data/54480/000005448013000016/kcs1231201210k.htm"
    },
    {
        "date": "2012-09-30",
        "symbol": "KSU",
        "reportedCurrency": "USD",
        "cik": "0000054480",
        "fillingDate": "2012-10-19",
        "acceptedDate": "2012-10-19 11:19:22",
        "calendarYear": "2012",
        "period": "Q3",
        "revenue": 577400000,
        "costOfRevenue": 238500000,
        "grossProfit": 338900000,
        "grossProfitRatio": 0.5869414617,
        "researchAndDevelopmentExpenses": 0,
        "generalAndAdministrativeExpenses": 108400000,
        "sellingAndMarketingExpenses": 49800000,
        "sellingGeneralAndAdministrativeExpenses": 158200000,
        "otherExpenses": 0,
        "operatingExpenses": 158200000,
        "costAndExpenses": 396700000,
        "interestIncome": 0,
        "interestExpense": 24100000,
        "depreciationAndAmortization": 49800000,
        "ebitda": 237900000,
        "ebitdaratio": 0.4120193973,
        "operatingIncome": 180700000,
        "operatingIncomeRatio": 0.3129546242,
        "totalOtherIncomeExpensesNet": -16100000,
        "incomeBeforeTax": 164600000,
        "incomeBeforeTaxRatio": 0.285071008,
        "incomeTaxExpense": 73900000,
        "netIncome": 90100000,
        "netIncomeRatio": 0.1560443367,
        "eps": 0.82,
        "epsdiluted": 0.82,
        "weightedAverageShsOut": 109739000,
        "weightedAverageShsOutDil": 110127000,
        "link": "https://www.sec.gov/Archives/edgar/data/54480/000005448012000133/0000054480-12-000133-index.html",
        "finalLink": "https://www.sec.gov/Archives/edgar/data/54480/000005448012000133/kcs10q09302012.htm"
    },
    {
        "date": "2012-06-30",
        "symbol": "KSU",
        "reportedCurrency": "USD",
        "cik": "0000054480",
        "fillingDate": "2012-07-17",
        "acceptedDate": "2012-07-17 11:11:58",
        "calendarYear": "2012",
        "period": "Q2",
        "revenue": 545300000,
        "costOfRevenue": 186700000,
        "grossProfit": 358600000,
        "grossProfitRatio": 0.6576196589,
        "researchAndDevelopmentExpenses": 0,
        "generalAndAdministrativeExpenses": 106100000,
        "sellingAndMarketingExpenses": 48700000,
        "sellingGeneralAndAdministrativeExpenses": 154800000,
        "otherExpenses": 0,
        "operatingExpenses": 154800000,
        "costAndExpenses": 341500000,
        "interestIncome": 0,
        "interestExpense": 25300000,
        "depreciationAndAmortization": 48700000,
        "ebitda": 247500000,
        "ebitdaratio": 0.4538785989,
        "operatingIncome": 203800000,
        "operatingIncomeRatio": 0.3737392261,
        "totalOtherIncomeExpensesNet": -29800000,
        "incomeBeforeTax": 174000000,
        "incomeBeforeTaxRatio": 0.3190904089,
        "incomeTaxExpense": 53100000,
        "netIncome": 120400000,
        "netIncomeRatio": 0.2207958922,
        "eps": 1.1,
        "epsdiluted": 1.09,
        "weightedAverageShsOut": 109689000,
        "weightedAverageShsOutDil": 110056000,
        "link": "https://www.sec.gov/Archives/edgar/data/54480/000005448012000108/0000054480-12-000108-index.html",
        "finalLink": "https://www.sec.gov/Archives/edgar/data/54480/000005448012000108/kcs10q06302012.htm"
    },
    {
        "date": "2012-03-31",
        "symbol": "KSU",
        "reportedCurrency": "USD",
        "cik": "0000054480",
        "fillingDate": "2012-04-24",
        "acceptedDate": "2012-04-24 14:55:53",
        "calendarYear": "2012",
        "period": "Q1",
        "revenue": 547500000,
        "costOfRevenue": 181000000,
        "grossProfit": 366500000,
        "grossProfitRatio": 0.6694063927,
        "researchAndDevelopmentExpenses": 0,
        "generalAndAdministrativeExpenses": 160300000,
        "sellingAndMarketingExpenses": 48400000,
        "sellingGeneralAndAdministrativeExpenses": 208700000,
        "otherExpenses": 0,
        "operatingExpenses": 208700000,
        "costAndExpenses": 389700000,
        "interestIncome": 0,
        "interestExpense": 27200000,
        "depreciationAndAmortization": 48400000,
        "ebitda": 202800000,
        "ebitdaratio": 0.3704109589,
        "operatingIncome": 157800000,
        "operatingIncomeRatio": 0.2882191781,
        "totalOtherIncomeExpensesNet": -30300000,
        "incomeBeforeTax": 127500000,
        "incomeBeforeTaxRatio": 0.2328767123,
        "incomeTaxExpense": 52200000,
        "netIncome": 75000000,
        "netIncomeRatio": 0.1369863014,
        "eps": 0.68,
        "epsdiluted": 0.68,
        "weightedAverageShsOut": 109622000,
        "weightedAverageShsOutDil": 109996000,
        "link": "https://www.sec.gov/Archives/edgar/data/54480/000005448012000068/0000054480-12-000068-index.htm",
        "finalLink": "https://www.sec.gov/Archives/edgar/data/54480/000005448012000068/kcs10q03312012.htm"
    },
    {
        "date": "2011-12-31",
        "symbol": "KSU",
        "reportedCurrency": "USD",
        "cik": "0000054480",
        "fillingDate": "2012-02-08",
        "acceptedDate": "2012-02-08 15:19:28",
        "calendarYear": "2011",
        "period": "Q4",
        "revenue": 530300000,
        "costOfRevenue": 223100000,
        "grossProfit": 307200000,
        "grossProfitRatio": 0.5792947388,
        "researchAndDevelopmentExpenses": 0,
        "generalAndAdministrativeExpenses": 109700000,
        "sellingAndMarketingExpenses": 47100000,
        "sellingGeneralAndAdministrativeExpenses": 156800000,
        "otherExpenses": 0,
        "operatingExpenses": 156800000,
        "costAndExpenses": 379900000,
        "interestIncome": 0,
        "interestExpense": 31400000,
        "depreciationAndAmortization": 47100000,
        "ebitda": 174900000,
        "ebitdaratio": 0.3298133132,
        "operatingIncome": 150400000,
        "operatingIncomeRatio": 0.2836130492,
        "totalOtherIncomeExpensesNet": -53700000,
        "incomeBeforeTax": 96700000,
        "incomeBeforeTaxRatio": 0.1823496134,
        "incomeTaxExpense": 700000,
        "netIncome": 95700000,
        "netIncomeRatio": 0.1804638884,
        "eps": 0.87,
        "epsdiluted": 0.87,
        "weightedAverageShsOut": 109622000,
        "weightedAverageShsOutDil": 109622000,
        "link": "https://www.sec.gov/Archives/edgar/data/54480/000005448012000019/0000054480-12-000019-index.html",
        "finalLink": "https://www.sec.gov/Archives/edgar/data/54480/000005448012000019/ksu-12312011x10k.htm"
    },
    {
        "date": "2011-09-30",
        "symbol": "KSU",
        "reportedCurrency": "USD",
        "cik": "0000054480",
        "fillingDate": "2011-10-21",
        "acceptedDate": "2011-10-21 12:58:38",
        "calendarYear": "2011",
        "period": "Q3",
        "revenue": 544500000,
        "costOfRevenue": 231100000,
        "grossProfit": 313400000,
        "grossProfitRatio": 0.575573921,
        "researchAndDevelopmentExpenses": 0,
        "generalAndAdministrativeExpenses": 109300000,
        "sellingAndMarketingExpenses": 22300000,
        "sellingGeneralAndAdministrativeExpenses": 131600000,
        "otherExpenses": 0,
        "operatingExpenses": 131600000,
        "costAndExpenses": 362700000,
        "interestIncome": 0,
        "interestExpense": 32200000,
        "depreciationAndAmortization": 47900000,
        "ebitda": 223600000,
        "ebitdaratio": 0.4106519743,
        "operatingIncome": 181800000,
        "operatingIncomeRatio": 0.3338842975,
        "totalOtherIncomeExpensesNet": -38000000,
        "incomeBeforeTax": 143800000,
        "incomeBeforeTaxRatio": 0.2640955005,
        "incomeTaxExpense": 43700000,
        "netIncome": 99800000,
        "netIncomeRatio": 0.1832874197,
        "eps": 0.91,
        "epsdiluted": 0.91,
        "weightedAverageShsOut": 109515000,
        "weightedAverageShsOutDil": 109862000,
        "link": "https://www.sec.gov/Archives/edgar/data/54480/000005448011000134/0000054480-11-000134-index.html",
        "finalLink": "https://www.sec.gov/Archives/edgar/data/54480/000005448011000134/kcs10q09302011.htm"
    },
    {
        "date": "2011-06-30",
        "symbol": "KSU",
        "reportedCurrency": "USD",
        "cik": "0000054480",
        "fillingDate": "2011-07-22",
        "acceptedDate": "2011-07-21 19:08:08",
        "calendarYear": "2011",
        "period": "Q2",
        "revenue": 534900000,
        "costOfRevenue": 233400000,
        "grossProfit": 301500000,
        "grossProfitRatio": 0.5636567583,
        "researchAndDevelopmentExpenses": 0,
        "generalAndAdministrativeExpenses": 104400000,
        "sellingAndMarketingExpenses": 45500000,
        "sellingGeneralAndAdministrativeExpenses": 149900000,
        "otherExpenses": 0,
        "operatingExpenses": 149900000,
        "costAndExpenses": 383300000,
        "interestIncome": 0,
        "interestExpense": 32400000,
        "depreciationAndAmortization": 45500000,
        "ebitda": 191600000,
        "ebitdaratio": 0.358197794,
        "operatingIncome": 151600000,
        "operatingIncomeRatio": 0.2834174612,
        "totalOtherIncomeExpensesNet": -37000000,
        "incomeBeforeTax": 114600000,
        "incomeBeforeTaxRatio": 0.2142456534,
        "incomeTaxExpense": 42900000,
        "netIncome": 70800000,
        "netIncomeRatio": 0.132361189,
        "eps": 0.65,
        "epsdiluted": 0.64,
        "weightedAverageShsOut": 109428000,
        "weightedAverageShsOutDil": 109810000,
        "link": "https://www.sec.gov/Archives/edgar/data/54480/000119312511193880/0001193125-11-193880-index.html",
        "finalLink": "https://www.sec.gov/Archives/edgar/data/54480/000119312511193880/d10q.htm"
    },
    {
        "date": "2011-03-31",
        "symbol": "KSU",
        "reportedCurrency": "USD",
        "cik": "0000054480",
        "fillingDate": "2011-04-21",
        "acceptedDate": "2011-04-21 11:56:49",
        "calendarYear": "2011",
        "period": "Q1",
        "revenue": 488600000,
        "costOfRevenue": 214700000,
        "grossProfit": 273900000,
        "grossProfitRatio": 0.5605812526,
        "researchAndDevelopmentExpenses": 0,
        "generalAndAdministrativeExpenses": 100400000,
        "sellingAndMarketingExpenses": 45700000,
        "sellingGeneralAndAdministrativeExpenses": 146100000,
        "otherExpenses": 0,
        "operatingExpenses": 146100000,
        "costAndExpenses": 360800000,
        "interestIncome": 0,
        "interestExpense": 33100000,
        "depreciationAndAmortization": 45700000,
        "ebitda": 178600000,
        "ebitdaratio": 0.3655341793,
        "operatingIncome": 127800000,
        "operatingIncomeRatio": 0.2615636512,
        "totalOtherIncomeExpensesNet": -27900000,
        "incomeBeforeTax": 99900000,
        "incomeBeforeTaxRatio": 0.2044617274,
        "incomeTaxExpense": 35800000,
        "netIncome": 64000000,
        "netIncomeRatio": 0.130986492,
        "eps": 0.61,
        "epsdiluted": 0.58,
        "weightedAverageShsOut": 104269000,
        "weightedAverageShsOutDil": 109751000,
        "link": "https://www.sec.gov/Archives/edgar/data/54480/000119312511104787/0001193125-11-104787-index.html",
        "finalLink": "https://www.sec.gov/Archives/edgar/data/54480/000119312511104787/d10q.htm"
    },
    {
        "date": "2010-12-31",
        "symbol": "KSU",
        "reportedCurrency": "USD",
        "cik": "0000054480",
        "fillingDate": "2011-02-09",
        "acceptedDate": "2011-02-09 14:13:58",
        "calendarYear": "2010",
        "period": "Q4",
        "revenue": 478600000,
        "costOfRevenue": 221000000,
        "grossProfit": 257600000,
        "grossProfitRatio": 0.5382365232,
        "researchAndDevelopmentExpenses": 0,
        "generalAndAdministrativeExpenses": 76400000,
        "sellingAndMarketingExpenses": 46100000,
        "sellingGeneralAndAdministrativeExpenses": 122500000,
        "otherExpenses": 0,
        "operatingExpenses": 122500000,
        "costAndExpenses": 343500000,
        "interestIncome": 0,
        "interestExpense": 35600000,
        "depreciationAndAmortization": 46100000,
        "ebitda": 167000000,
        "ebitdaratio": 0.348934392,
        "operatingIncome": 135100000,
        "operatingIncomeRatio": 0.2822816548,
        "totalOtherIncomeExpensesNet": -48800000,
        "incomeBeforeTax": 86300000,
        "incomeBeforeTaxRatio": 0.180317593,
        "incomeTaxExpense": 30700000,
        "netIncome": 54600000,
        "netIncomeRatio": 0.1140827413,
        "eps": 0.52,
        "epsdiluted": 0.52,
        "weightedAverageShsOut": 104269000,
        "weightedAverageShsOutDil": 104269000,
        "link": "https://www.sec.gov/Archives/edgar/data/54480/000119312511028728/0001193125-11-028728-index.htm",
        "finalLink": "https://www.sec.gov/Archives/edgar/data/54480/000119312511028728/d10k.htm"
    },
    {
        "date": "2010-09-30",
        "symbol": "KSU",
        "reportedCurrency": "USD",
        "cik": "0000054480",
        "fillingDate": "2010-10-26",
        "acceptedDate": "2010-10-26 11:54:43",
        "calendarYear": "2010",
        "period": "Q3",
        "revenue": 438300000,
        "costOfRevenue": 179800000,
        "grossProfit": 258500000,
        "grossProfitRatio": 0.5897786904,
        "researchAndDevelopmentExpenses": 0,
        "generalAndAdministrativeExpenses": 96400000,
        "sellingAndMarketingExpenses": 46100000,
        "sellingGeneralAndAdministrativeExpenses": 142500000,
        "otherExpenses": 0,
        "operatingExpenses": 142500000,
        "costAndExpenses": 322300000,
        "interestIncome": 0,
        "interestExpense": 36200000,
        "depreciationAndAmortization": 46100000,
        "ebitda": 169900000,
        "ebitdaratio": 0.3876340406,
        "operatingIncome": 116000000,
        "operatingIncomeRatio": 0.2646589094,
        "totalOtherIncomeExpensesNet": -28500000,
        "incomeBeforeTax": 87500000,
        "incomeBeforeTaxRatio": 0.1996349532,
        "incomeTaxExpense": 34700000,
        "netIncome": 52900000,
        "netIncomeRatio": 0.1206935889,
        "eps": 0.52,
        "epsdiluted": 0.48,
        "weightedAverageShsOut": 102082000,
        "weightedAverageShsOutDil": 109510000,
        "link": "https://www.sec.gov/Archives/edgar/data/54480/000119312510236408/0001193125-10-236408-index.html",
        "finalLink": "https://www.sec.gov/Archives/edgar/data/54480/000119312510236408/d10q.htm"
    },
    {
        "date": "2010-06-30",
        "symbol": "KSU",
        "reportedCurrency": "USD",
        "cik": "0000054480",
        "fillingDate": "2010-07-27",
        "acceptedDate": "2010-07-27 13:46:57",
        "calendarYear": "2010",
        "period": "Q2",
        "revenue": 461600000,
        "costOfRevenue": 193600000,
        "grossProfit": 268000000,
        "grossProfitRatio": 0.5805892548,
        "researchAndDevelopmentExpenses": 0,
        "generalAndAdministrativeExpenses": 93900000,
        "sellingAndMarketingExpenses": 46900000,
        "sellingGeneralAndAdministrativeExpenses": 140800000,
        "otherExpenses": 0,
        "operatingExpenses": 140800000,
        "costAndExpenses": 334400000,
        "interestIncome": 0,
        "interestExpense": 41900000,
        "depreciationAndAmortization": 46900000,
        "ebitda": 145800000,
        "ebitdaratio": 0.3158578856,
        "operatingIncome": 127200000,
        "operatingIncomeRatio": 0.2755632582,
        "totalOtherIncomeExpensesNet": -70200000,
        "incomeBeforeTax": 57000000,
        "incomeBeforeTaxRatio": 0.1234835355,
        "incomeTaxExpense": 19600000,
        "netIncome": 37400000,
        "netIncomeRatio": 0.0810225303,
        "eps": 0.37,
        "epsdiluted": 0.37,
        "weightedAverageShsOut": 99907000,
        "weightedAverageShsOutDil": 100366000,
        "link": "https://www.sec.gov/Archives/edgar/data/54480/000119312510167169/0001193125-10-167169-index.html",
        "finalLink": "https://www.sec.gov/Archives/edgar/data/54480/000119312510167169/d10q.htm"
    },
    {
        "date": "2010-03-31",
        "symbol": "KSU",
        "reportedCurrency": "USD",
        "cik": "0000054480",
        "fillingDate": "2010-04-27",
        "acceptedDate": "2010-04-27 12:07:50",
        "calendarYear": "2010",
        "period": "Q1",
        "revenue": 436300000,
        "costOfRevenue": 179700000,
        "grossProfit": 256600000,
        "grossProfitRatio": 0.5881274353,
        "researchAndDevelopmentExpenses": 0,
        "generalAndAdministrativeExpenses": 102600000,
        "sellingAndMarketingExpenses": 45800000,
        "sellingGeneralAndAdministrativeExpenses": 148400000,
        "otherExpenses": 0,
        "operatingExpenses": 148400000,
        "costAndExpenses": 328100000,
        "interestIncome": 0,
        "interestExpense": 44400000,
        "depreciationAndAmortization": 45800000,
        "ebitda": 149700000,
        "ebitdaratio": 0.3431125372,
        "operatingIncome": 108200000,
        "operatingIncomeRatio": 0.2479944992,
        "totalOtherIncomeExpensesNet": -49800000,
        "incomeBeforeTax": 58400000,
        "incomeBeforeTaxRatio": 0.1338528535,
        "incomeTaxExpense": 24200000,
        "netIncome": 35300000,
        "netIncomeRatio": 0.0809076324,
        "eps": 0.37,
        "epsdiluted": 0.37,
        "weightedAverageShsOut": 95890000,
        "weightedAverageShsOutDil": 96458000,
        "link": "https://www.sec.gov/Archives/edgar/data/54480/000095012310038647/0000950123-10-038647-index.html",
        "finalLink": "https://www.sec.gov/Archives/edgar/data/54480/000095012310038647/c56783e10vq.htm"
    },
    {
        "date": "2009-12-31",
        "symbol": "KSU",
        "reportedCurrency": "USD",
        "cik": "0000054480",
        "fillingDate": "2010-02-12",
        "acceptedDate": "2010-02-11 19:37:06",
        "calendarYear": "2009",
        "period": "Q4",
        "revenue": 406800000,
        "costOfRevenue": 172700000,
        "grossProfit": 234100000,
        "grossProfitRatio": 0.57546706,
        "researchAndDevelopmentExpenses": 0,
        "generalAndAdministrativeExpenses": 99200000,
        "sellingAndMarketingExpenses": 43000000,
        "sellingGeneralAndAdministrativeExpenses": 142200000,
        "otherExpenses": 0,
        "operatingExpenses": 142200000,
        "costAndExpenses": 314900000,
        "interestIncome": 0,
        "interestExpense": 45300000,
        "depreciationAndAmortization": 43000000,
        "ebitda": 129700000,
        "ebitdaratio": 0.3188298918,
        "operatingIncome": 91900000,
        "operatingIncomeRatio": 0.2259095379,
        "totalOtherIncomeExpensesNet": -39300000,
        "incomeBeforeTax": 52600000,
        "incomeBeforeTaxRatio": 0.1293018682,
        "incomeTaxExpense": 17700000,
        "netIncome": 23700000,
        "netIncomeRatio": 0.058259587,
        "eps": 0.25,
        "epsdiluted": 0.25,
        "weightedAverageShsOut": 95890000,
        "weightedAverageShsOutDil": 95890000,
        "link": "https://www.sec.gov/Archives/edgar/data/54480/000095012310011711/0000950123-10-011711-index.html",
        "finalLink": "https://www.sec.gov/Archives/edgar/data/54480/000095012310011711/c53989e10vk.htm"
    },
    {
        "date": "2009-09-30",
        "symbol": "KSU",
        "reportedCurrency": "USD",
        "cik": "0000054480",
        "fillingDate": "2009-10-29",
        "acceptedDate": "2009-10-29 17:09:40",
        "calendarYear": "2009",
        "period": "Q3",
        "revenue": 386100000,
        "costOfRevenue": 161500000,
        "grossProfit": 224600000,
        "grossProfitRatio": 0.5817145817,
        "researchAndDevelopmentExpenses": 0,
        "generalAndAdministrativeExpenses": 95400000,
        "sellingAndMarketingExpenses": 44800000,
        "sellingGeneralAndAdministrativeExpenses": 140200000,
        "otherExpenses": 0,
        "operatingExpenses": 140200000,
        "costAndExpenses": 301700000,
        "interestIncome": 0,
        "interestExpense": 41200000,
        "depreciationAndAmortization": 44800000,
        "ebitda": 129500000,
        "ebitdaratio": 0.3354053354,
        "operatingIncome": 84400000,
        "operatingIncomeRatio": 0.2185962186,
        "totalOtherIncomeExpensesNet": -40500000,
        "incomeBeforeTax": 43900000,
        "incomeBeforeTaxRatio": 0.1137011137,
        "incomeTaxExpense": 14900000,
        "netIncome": 28600000,
        "netIncomeRatio": 0.0740740741,
        "eps": 0.3,
        "epsdiluted": 0.3,
        "weightedAverageShsOut": 94683000,
        "weightedAverageShsOutDil": 95243000,
        "link": "https://www.sec.gov/Archives/edgar/data/54480/000095012309054928/0000950123-09-054928-index.html",
        "finalLink": "https://www.sec.gov/Archives/edgar/data/54480/000095012309054928/c52999e10vq.htm"
    },
    {
        "date": "2009-06-30",
        "symbol": "KSU",
        "reportedCurrency": "USD",
        "cik": "0000054480",
        "fillingDate": "2009-07-30",
        "acceptedDate": "2009-07-30 15:38:51",
        "calendarYear": "2009",
        "period": "Q2",
        "revenue": 341300000,
        "costOfRevenue": 163500000,
        "grossProfit": 177800000,
        "grossProfitRatio": 0.5209493115,
        "researchAndDevelopmentExpenses": 0,
        "generalAndAdministrativeExpenses": 86800000,
        "sellingAndMarketingExpenses": 47600000,
        "sellingGeneralAndAdministrativeExpenses": 134400000,
        "otherExpenses": 0,
        "operatingExpenses": 134400000,
        "costAndExpenses": 297900000,
        "interestIncome": 0,
        "interestExpense": 45400000,
        "depreciationAndAmortization": 47600000,
        "ebitda": 101400000,
        "ebitdaratio": 0.2970993261,
        "operatingIncome": 43400000,
        "operatingIncomeRatio": 0.1271608556,
        "totalOtherIncomeExpensesNet": -34500000,
        "incomeBeforeTax": 8900000,
        "incomeBeforeTaxRatio": 0.0260767653,
        "incomeTaxExpense": 1600000,
        "netIncome": 6800000,
        "netIncomeRatio": 0.0199238207,
        "eps": 0.0739,
        "epsdiluted": 0.0684,
        "weightedAverageShsOut": 91955000,
        "weightedAverageShsOutDil": 99408000,
        "link": "https://www.sec.gov/Archives/edgar/data/54480/000095012309027630/0000950123-09-027630-index.html",
        "finalLink": "https://www.sec.gov/Archives/edgar/data/54480/000095012309027630/c52234e10vq.htm"
    },
    {
        "date": "2009-03-31",
        "symbol": "KSU",
        "reportedCurrency": "USD",
        "cik": "0000054480",
        "fillingDate": "2009-04-30",
        "acceptedDate": "2009-04-30 15:20:55",
        "calendarYear": "2009",
        "period": "Q1",
        "revenue": 346000000,
        "costOfRevenue": 159900000,
        "grossProfit": 186100000,
        "grossProfitRatio": 0.5378612717,
        "researchAndDevelopmentExpenses": 0,
        "generalAndAdministrativeExpenses": 90500000,
        "sellingAndMarketingExpenses": 47100000,
        "sellingGeneralAndAdministrativeExpenses": 137600000,
        "otherExpenses": 0,
        "operatingExpenses": 137600000,
        "costAndExpenses": 297500000,
        "interestIncome": 0,
        "interestExpense": 41800000,
        "depreciationAndAmortization": 47100000,
        "ebitda": 87200000,
        "ebitdaratio": 0.2520231214,
        "operatingIncome": 48500000,
        "operatingIncomeRatio": 0.1401734104,
        "totalOtherIncomeExpensesNet": -50300000,
        "incomeBeforeTax": -1800000,
        "incomeBeforeTaxRatio": -0.0052023121,
        "incomeTaxExpense": 400000,
        "netIncome": -2100000,
        "netIncomeRatio": -0.0060693642,
        "eps": -0.0228,
        "epsdiluted": -0.0211,
        "weightedAverageShsOut": 91955000,
        "weightedAverageShsOutDil": 99408000,
        "link": "https://www.sec.gov/Archives/edgar/data/54480/000095013709003443/0000950137-09-003443-index.html",
        "finalLink": "https://www.sec.gov/Archives/edgar/data/54480/000095013709003443/c50752e10vq.htm"
    },
    {
        "date": "2008-12-31",
        "symbol": "KSU",
        "reportedCurrency": "USD",
        "cik": "0000054480",
        "fillingDate": "2009-02-17",
        "acceptedDate": "2009-02-13 18:04:03",
        "calendarYear": "2008",
        "period": "Q4",
        "revenue": 423800000,
        "costOfRevenue": 2300000,
        "grossProfit": 421500000,
        "grossProfitRatio": 0.9945729118,
        "researchAndDevelopmentExpenses": 0,
        "generalAndAdministrativeExpenses": 0,
        "sellingAndMarketingExpenses": 0,
        "sellingGeneralAndAdministrativeExpenses": 330300000,
        "otherExpenses": 0,
        "operatingExpenses": 330300000,
        "costAndExpenses": 332600000,
        "interestIncome": 0,
        "interestExpense": 0,
        "depreciationAndAmortization": 45600000,
        "ebitda": 66900000,
        "ebitdaratio": 0.1578574799,
        "operatingIncome": 91200000,
        "operatingIncomeRatio": 0.2151958471,
        "totalOtherIncomeExpensesNet": -54700000,
        "incomeBeforeTax": 36500000,
        "incomeBeforeTaxRatio": 0.0861255309,
        "incomeTaxExpense": -2700000,
        "netIncome": 24000000,
        "netIncomeRatio": 0.0566304861,
        "eps": 0.26,
        "epsdiluted": 0.26,
        "weightedAverageShsOut": 90743000,
        "weightedAverageShsOutDil": 90743000,
        "link": "https://www.sec.gov/Archives/edgar/data/54480/000095015209001413/0000950152-09-001413-index.html",
        "finalLink": "https://www.sec.gov/Archives/edgar/data/54480/000095015209001413/c48789e10vk.htm"
    },
    {
        "date": "2008-09-30",
        "symbol": "KSU",
        "reportedCurrency": "USD",
        "cik": "0000054480",
        "fillingDate": "2008-10-28",
        "acceptedDate": "2008-10-28 14:30:02",
        "calendarYear": "2008",
        "period": "Q3",
        "revenue": 491500000,
        "costOfRevenue": 278400000,
        "grossProfit": 213100000,
        "grossProfitRatio": 0.4335707019,
        "researchAndDevelopmentExpenses": 0,
        "generalAndAdministrativeExpenses": 0,
        "sellingAndMarketingExpenses": 0,
        "sellingGeneralAndAdministrativeExpenses": 102100000,
        "otherExpenses": 0,
        "operatingExpenses": 102100000,
        "costAndExpenses": 380500000,
        "interestIncome": 0,
        "interestExpense": 0,
        "depreciationAndAmortization": 43000000,
        "ebitda": 119700000,
        "ebitdaratio": 0.2435401831,
        "operatingIncome": 111000000,
        "operatingIncomeRatio": 0.2258392675,
        "totalOtherIncomeExpensesNet": -34200000,
        "incomeBeforeTax": 76800000,
        "incomeBeforeTaxRatio": 0.1562563581,
        "incomeTaxExpense": 25100000,
        "netIncome": 51600000,
        "netIncomeRatio": 0.1049847406,
        "eps": 0.58,
        "epsdiluted": 0.52,
        "weightedAverageShsOut": 88400000,
        "weightedAverageShsOutDil": 98918000,
        "link": "https://www.sec.gov/Archives/edgar/data/54480/000095013708013175/0000950137-08-013175-index.html",
        "finalLink": "https://www.sec.gov/Archives/edgar/data/54480/000095013708013175/c47117e10vq.htm"
    },
    {
        "date": "2008-06-30",
        "symbol": "KSU",
        "reportedCurrency": "USD",
        "cik": "0000054480",
        "fillingDate": "2008-07-31",
        "acceptedDate": "2008-07-31 15:15:06",
        "calendarYear": "2008",
        "period": "Q2",
        "revenue": 486200000,
        "costOfRevenue": 175400000,
        "grossProfit": 310800000,
        "grossProfitRatio": 0.6392431098,
        "researchAndDevelopmentExpenses": 0,
        "generalAndAdministrativeExpenses": 0,
        "sellingAndMarketingExpenses": 0,
        "sellingGeneralAndAdministrativeExpenses": 206200000,
        "otherExpenses": 0,
        "operatingExpenses": 206200000,
        "costAndExpenses": 381600000,
        "interestIncome": 0,
        "interestExpense": 0,
        "depreciationAndAmortization": 40800000,
        "ebitda": 122600000,
        "ebitdaratio": 0.2521596051,
        "operatingIncome": 104600000,
        "operatingIncomeRatio": 0.2151378034,
        "totalOtherIncomeExpensesNet": -22700000,
        "incomeBeforeTax": 81900000,
        "incomeBeforeTaxRatio": 0.1684491979,
        "incomeTaxExpense": 26400000,
        "netIncome": 55400000,
        "netIncomeRatio": 0.1139448787,
        "eps": 0.7,
        "epsdiluted": 0.56,
        "weightedAverageShsOut": 79272000,
        "weightedAverageShsOutDil": 99146000,
        "link": "https://www.sec.gov/Archives/edgar/data/54480/000095013708009946/0000950137-08-009946-index.html",
        "finalLink": "https://www.sec.gov/Archives/edgar/data/54480/000095013708009946/c33178e10vq.htm"
    },
    {
        "date": "2008-03-31",
        "symbol": "KSU",
        "reportedCurrency": "USD",
        "cik": "0000054480",
        "fillingDate": "2008-04-24",
        "acceptedDate": "2008-04-24 16:32:25",
        "calendarYear": "2008",
        "period": "Q1",
        "revenue": 450600000,
        "costOfRevenue": 201400000,
        "grossProfit": 249200000,
        "grossProfitRatio": 0.5530403906,
        "researchAndDevelopmentExpenses": 0,
        "generalAndAdministrativeExpenses": 0,
        "sellingAndMarketingExpenses": 0,
        "sellingGeneralAndAdministrativeExpenses": 165800000,
        "otherExpenses": 0,
        "operatingExpenses": 165800000,
        "costAndExpenses": 367200000,
        "interestIncome": 0,
        "interestExpense": 0,
        "depreciationAndAmortization": 40700000,
        "ebitda": 94100000,
        "ebitdaratio": 0.2088326676,
        "operatingIncome": 83400000,
        "operatingIncomeRatio": 0.1850865513,
        "totalOtherIncomeExpensesNet": -29900000,
        "incomeBeforeTax": 53500000,
        "incomeBeforeTaxRatio": 0.1187305814,
        "incomeTaxExpense": 15700000,
        "netIncome": 37700000,
        "netIncomeRatio": 0.0836662228,
        "eps": 0.49,
        "epsdiluted": 0.39,
        "weightedAverageShsOut": 76253000,
        "weightedAverageShsOutDil": 97484000,
        "link": "https://www.sec.gov/Archives/edgar/data/54480/000095013708005934/0000950137-08-005934-index.html",
        "finalLink": "https://www.sec.gov/Archives/edgar/data/54480/000095013708005934/c25765e10vq.htm"
    },
    {
        "date": "2007-12-31",
        "symbol": "KSU",
        "reportedCurrency": "USD",
        "cik": "0000054480",
        "fillingDate": "2008-02-15",
        "acceptedDate": "2008-02-15 16:25:10",
        "calendarYear": "2007",
        "period": "Q4",
        "revenue": 460300000,
        "costOfRevenue": -17600000,
        "grossProfit": 477900000,
        "grossProfitRatio": 1.0382359331,
        "researchAndDevelopmentExpenses": 0,
        "generalAndAdministrativeExpenses": 0,
        "sellingAndMarketingExpenses": 0,
        "sellingGeneralAndAdministrativeExpenses": 369200000,
        "otherExpenses": 0,
        "operatingExpenses": 369200000,
        "costAndExpenses": 351600000,
        "interestIncome": 0,
        "interestExpense": 0,
        "depreciationAndAmortization": 42400000,
        "ebitda": 123600000,
        "ebitdaratio": 0.2685205301,
        "operatingIncome": 108700000,
        "operatingIncomeRatio": 0.2361503367,
        "totalOtherIncomeExpensesNet": -27400000,
        "incomeBeforeTax": 81300000,
        "incomeBeforeTaxRatio": 0.1766239409,
        "incomeTaxExpense": 26500000,
        "netIncome": 54700000,
        "netIncomeRatio": 0.118835542,
        "eps": 0.72,
        "epsdiluted": 0.72,
        "weightedAverageShsOut": 76253000,
        "weightedAverageShsOutDil": 76253000,
        "link": "https://www.sec.gov/Archives/edgar/data/54480/000095013708002404/0000950137-08-002404-index.htm",
        "finalLink": "https://www.sec.gov/Archives/edgar/data/54480/000095013708002404/c22934e10vk.htm"
    },
    {
        "date": "2007-09-30",
        "symbol": "KSU",
        "reportedCurrency": "USD",
        "cik": "0000054480",
        "fillingDate": "2007-10-26",
        "acceptedDate": "2007-10-26 15:40:51",
        "calendarYear": "2007",
        "period": "Q3",
        "revenue": 444100000,
        "costOfRevenue": 262900000,
        "grossProfit": 181200000,
        "grossProfitRatio": 0.4080162126,
        "researchAndDevelopmentExpenses": 0,
        "generalAndAdministrativeExpenses": 0,
        "sellingAndMarketingExpenses": 0,
        "sellingGeneralAndAdministrativeExpenses": 83000000,
        "otherExpenses": 0,
        "operatingExpenses": 83000000,
        "costAndExpenses": 345900000,
        "interestIncome": 0,
        "interestExpense": 0,
        "depreciationAndAmortization": 38900000,
        "ebitda": 103100000,
        "ebitdaratio": 0.2321549201,
        "operatingIncome": 98200000,
        "operatingIncomeRatio": 0.2211213691,
        "totalOtherIncomeExpensesNet": -33900000,
        "incomeBeforeTax": 64300000,
        "incomeBeforeTaxRatio": 0.1447872101,
        "incomeTaxExpense": 17500000,
        "netIncome": 46700000,
        "netIncomeRatio": 0.1051564963,
        "eps": 0.61,
        "epsdiluted": 0.48,
        "weightedAverageShsOut": 75935000,
        "weightedAverageShsOutDil": 97651000,
        "link": "https://www.sec.gov/Archives/edgar/data/54480/000095013707016051/0000950137-07-016051-index.html",
        "finalLink": "https://www.sec.gov/Archives/edgar/data/54480/000095013707016051/c19484e10vq.htm"
    },
    {
        "date": "2007-06-30",
        "symbol": "KSU",
        "reportedCurrency": "USD",
        "cik": "0000054480",
        "fillingDate": "2007-07-27",
        "acceptedDate": "2007-07-27 17:02:05",
        "calendarYear": "2007",
        "period": "Q2",
        "revenue": 427100000,
        "costOfRevenue": 138700000,
        "grossProfit": 288400000,
        "grossProfitRatio": 0.6752516975,
        "researchAndDevelopmentExpenses": 0,
        "generalAndAdministrativeExpenses": 0,
        "sellingAndMarketingExpenses": 0,
        "sellingGeneralAndAdministrativeExpenses": 205300000,
        "otherExpenses": 0,
        "operatingExpenses": 205300000,
        "costAndExpenses": 344000000,
        "interestIncome": 0,
        "interestExpense": 0,
        "depreciationAndAmortization": 40800000,
        "ebitda": 84800000,
        "ebitdaratio": 0.1985483493,
        "operatingIncome": 83100000,
        "operatingIncomeRatio": 0.1945680169,
        "totalOtherIncomeExpensesNet": -39000000,
        "incomeBeforeTax": 44100000,
        "incomeBeforeTaxRatio": 0.1032545071,
        "incomeTaxExpense": 13800000,
        "netIncome": 30200000,
        "netIncomeRatio": 0.0707094357,
        "eps": 0.4,
        "epsdiluted": 0.33,
        "weightedAverageShsOut": 75892000,
        "weightedAverageShsOutDil": 90732000,
        "link": "https://www.sec.gov/Archives/edgar/data/54480/000095013707010708/0000950137-07-010708-index.html",
        "finalLink": "https://www.sec.gov/Archives/edgar/data/54480/000095013707010708/c16897e10vq.htm"
    },
    {
        "date": "2007-03-31",
        "symbol": "KSU",
        "reportedCurrency": "USD",
        "cik": "0000054480",
        "fillingDate": "2007-05-02",
        "acceptedDate": "2007-05-02 16:49:30",
        "calendarYear": "2007",
        "period": "Q1",
        "revenue": 411300000,
        "costOfRevenue": 181500000,
        "grossProfit": 229800000,
        "grossProfitRatio": 0.5587162655,
        "researchAndDevelopmentExpenses": 0,
        "generalAndAdministrativeExpenses": 0,
        "sellingAndMarketingExpenses": 0,
        "sellingGeneralAndAdministrativeExpenses": 157400000,
        "otherExpenses": 0,
        "operatingExpenses": 157400000,
        "costAndExpenses": 338900000,
        "interestIncome": 0,
        "interestExpense": 0,
        "depreciationAndAmortization": 38100000,
        "ebitda": 69600000,
        "ebitdaratio": 0.1692195478,
        "operatingIncome": 72400000,
        "operatingIncomeRatio": 0.1760272307,
        "totalOtherIncomeExpensesNet": -40800000,
        "incomeBeforeTax": 31600000,
        "incomeBeforeTaxRatio": 0.0768295648,
        "incomeTaxExpense": 9300000,
        "netIncome": 22200000,
        "netIncomeRatio": 0.0539752006,
        "eps": 0.29,
        "epsdiluted": 0.25,
        "weightedAverageShsOut": 75611000,
        "weightedAverageShsOutDil": 90335000,
        "link": "https://www.sec.gov/Archives/edgar/data/54480/000095013707006618/0000950137-07-006618-index.html",
        "finalLink": "https://www.sec.gov/Archives/edgar/data/54480/000095013707006618/c14547e10vq.htm"
    },
    {
        "date": "2006-12-31",
        "symbol": "KSU",
        "reportedCurrency": "USD",
        "cik": "0000054480",
        "fillingDate": "2007-02-27",
        "acceptedDate": "2007-02-26 19:24:08",
        "calendarYear": "2006",
        "period": "Q4",
        "revenue": 442400000,
        "costOfRevenue": -117400000,
        "grossProfit": 559800000,
        "grossProfitRatio": 1.2653707052,
        "researchAndDevelopmentExpenses": 0,
        "generalAndAdministrativeExpenses": 0,
        "sellingAndMarketingExpenses": 0,
        "sellingGeneralAndAdministrativeExpenses": 471600000,
        "otherExpenses": 0,
        "operatingExpenses": 471600000,
        "costAndExpenses": 354200000,
        "interestIncome": 0,
        "interestExpense": 0,
        "depreciationAndAmortization": 42100000,
        "ebitda": 97900000,
        "ebitdaratio": 0.2212929476,
        "operatingIncome": 88200000,
        "operatingIncomeRatio": 0.1993670886,
        "totalOtherIncomeExpensesNet": -32300000,
        "incomeBeforeTax": 55900000,
        "incomeBeforeTaxRatio": 0.1263562387,
        "incomeTaxExpense": 15200000,
        "netIncome": 40600000,
        "netIncomeRatio": 0.0917721519,
        "eps": 0.54,
        "epsdiluted": 0.54,
        "weightedAverageShsOut": 75611000,
        "weightedAverageShsOutDil": 75611000,
        "link": "https://www.sec.gov/Archives/edgar/data/54480/000095013707002802/0000950137-07-002802-index.htm",
        "finalLink": "https://www.sec.gov/Archives/edgar/data/54480/000095013707002802/c12119e10vk.htm"
    },
    {
        "date": "2006-09-30",
        "symbol": "KSU",
        "reportedCurrency": "USD",
        "cik": "0000054480",
        "fillingDate": "2006-11-09",
        "acceptedDate": "2006-11-09 14:23:32",
        "calendarYear": "2006",
        "period": "Q3",
        "revenue": 415700000,
        "costOfRevenue": 266200000,
        "grossProfit": 149500000,
        "grossProfitRatio": 0.3596343517,
        "researchAndDevelopmentExpenses": 0,
        "generalAndAdministrativeExpenses": 0,
        "sellingAndMarketingExpenses": 0,
        "sellingGeneralAndAdministrativeExpenses": 72200000,
        "otherExpenses": 0,
        "operatingExpenses": 72200000,
        "costAndExpenses": 338400000,
        "interestIncome": 0,
        "interestExpense": 0,
        "depreciationAndAmortization": 37700000,
        "ebitda": 83700000,
        "ebitdaratio": 0.2013471253,
        "operatingIncome": 77300000,
        "operatingIncomeRatio": 0.1859514073,
        "totalOtherIncomeExpensesNet": -31100000,
        "incomeBeforeTax": 46200000,
        "incomeBeforeTaxRatio": 0.1111378398,
        "incomeTaxExpense": 14700000,
        "netIncome": 31300000,
        "netIncomeRatio": 0.0752946837,
        "eps": 0.42,
        "epsdiluted": 0.34,
        "weightedAverageShsOut": 75178000,
        "weightedAverageShsOutDil": 91589000,
        "link": "https://www.sec.gov/Archives/edgar/data/54480/000095013706012143/0000950137-06-012143-index.htm",
        "finalLink": "https://www.sec.gov/Archives/edgar/data/54480/000095013706012143/c09770e10vq.htm"
    },
    {
        "date": "2006-06-30",
        "symbol": "KSU",
        "reportedCurrency": "USD",
        "cik": "0000054480",
        "fillingDate": "2006-08-08",
        "acceptedDate": "2006-08-08 17:12:27",
        "calendarYear": "2006",
        "period": "Q2",
        "revenue": 413100000,
        "costOfRevenue": 247800000,
        "grossProfit": 165300000,
        "grossProfitRatio": 0.4001452433,
        "researchAndDevelopmentExpenses": 0,
        "generalAndAdministrativeExpenses": 0,
        "sellingAndMarketingExpenses": 0,
        "sellingGeneralAndAdministrativeExpenses": 87800000,
        "otherExpenses": 0,
        "operatingExpenses": 87800000,
        "costAndExpenses": 335600000,
        "interestIncome": 0,
        "interestExpense": 0,
        "depreciationAndAmortization": 36800000,
        "ebitda": 69400000,
        "ebitdaratio": 0.1679980634,
        "operatingIncome": 77500000,
        "operatingIncomeRatio": 0.1876059066,
        "totalOtherIncomeExpensesNet": -44900000,
        "incomeBeforeTax": 32600000,
        "incomeBeforeTaxRatio": 0.0789155168,
        "incomeTaxExpense": 8500000,
        "netIncome": 24100000,
        "netIncomeRatio": 0.0583393851,
        "eps": 0.32,
        "epsdiluted": 0.26,
        "weightedAverageShsOut": 74464000,
        "weightedAverageShsOutDil": 92552000,
        "link": "https://www.sec.gov/Archives/edgar/data/54480/000095013706008856/0000950137-06-008856-index.htm",
        "finalLink": "https://www.sec.gov/Archives/edgar/data/54480/000095013706008856/c07495e10vq.htm"
    },
    {
        "date": "2006-03-31",
        "symbol": "KSU",
        "reportedCurrency": "USD",
        "cik": "0000054480",
        "fillingDate": "2006-05-09",
        "acceptedDate": "2006-05-09 17:26:04",
        "calendarYear": "2006",
        "period": "Q1",
        "revenue": 388400000,
        "costOfRevenue": 157700000,
        "grossProfit": 230700000,
        "grossProfitRatio": 0.5939752832,
        "researchAndDevelopmentExpenses": 0,
        "generalAndAdministrativeExpenses": 0,
        "sellingAndMarketingExpenses": 0,
        "sellingGeneralAndAdministrativeExpenses": 169400000,
        "otherExpenses": 0,
        "operatingExpenses": 169400000,
        "costAndExpenses": 327100000,
        "interestIncome": 0,
        "interestExpense": 0,
        "depreciationAndAmortization": 38400000,
        "ebitda": 58300000,
        "ebitdaratio": 0.1501029866,
        "operatingIncome": 61300000,
        "operatingIncomeRatio": 0.1578269825,
        "totalOtherIncomeExpensesNet": -41400000,
        "incomeBeforeTax": 19900000,
        "incomeBeforeTaxRatio": 0.0512358393,
        "incomeTaxExpense": 7000000,
        "netIncome": 12900000,
        "netIncomeRatio": 0.0332131823,
        "eps": 0.17,
        "epsdiluted": 0.17,
        "weightedAverageShsOut": 73926000,
        "weightedAverageShsOutDil": 75748000,
        "link": "https://www.sec.gov/Archives/edgar/data/54480/000095013706005644/0000950137-06-005644-index.htm",
        "finalLink": "https://www.sec.gov/Archives/edgar/data/54480/000095013706005644/c04856e10vq.htm"
    },
    {
        "date": "2005-12-31",
        "symbol": "KSU",
        "reportedCurrency": "USD",
        "cik": "0000054480",
        "fillingDate": "2006-04-07",
        "acceptedDate": "2006-04-07 17:14:21",
        "calendarYear": "2005",
        "period": "Q4",
        "revenue": 388100000,
        "costOfRevenue": 170700000,
        "grossProfit": 217400000,
        "grossProfitRatio": 0.560164906,
        "researchAndDevelopmentExpenses": 0,
        "generalAndAdministrativeExpenses": 0,
        "sellingAndMarketingExpenses": 0,
        "sellingGeneralAndAdministrativeExpenses": 169600000,
        "otherExpenses": 0,
        "operatingExpenses": 169600000,
        "costAndExpenses": 340300000,
        "interestIncome": 0,
        "interestExpense": 0,
        "depreciationAndAmortization": 32400000,
        "ebitda": 43200000,
        "ebitdaratio": 0.1113115177,
        "operatingIncome": 47800000,
        "operatingIncomeRatio": 0.123164133,
        "totalOtherIncomeExpensesNet": -37000000,
        "incomeBeforeTax": 10800000,
        "incomeBeforeTaxRatio": 0.0278278794,
        "incomeTaxExpense": 5600000,
        "netIncome": 5200000,
        "netIncomeRatio": 0.0133986086,
        "eps": 0.0703,
        "epsdiluted": 0.0703,
        "weightedAverageShsOut": 73926000,
        "weightedAverageShsOutDil": 73926000,
        "link": "https://www.sec.gov/Archives/edgar/data/54480/000095013706004305/0000950137-06-004305-index.htm",
        "finalLink": "https://www.sec.gov/Archives/edgar/data/54480/000095013706004305/c03173e10vk.htm"
    },
    {
        "date": "2005-09-30",
        "symbol": "KSU",
        "reportedCurrency": "USD",
        "cik": "0000054480",
        "fillingDate": "2005-11-09",
        "acceptedDate": "2005-11-09 17:11:36",
        "calendarYear": "2005",
        "period": "Q3",
        "revenue": 384600000,
        "costOfRevenue": 163200000,
        "grossProfit": 221400000,
        "grossProfitRatio": 0.5756630265,
        "researchAndDevelopmentExpenses": 0,
        "generalAndAdministrativeExpenses": 0,
        "sellingAndMarketingExpenses": 0,
        "sellingGeneralAndAdministrativeExpenses": 223300000,
        "otherExpenses": 0,
        "operatingExpenses": 223300000,
        "costAndExpenses": 386500000,
        "interestIncome": 0,
        "interestExpense": 0,
        "depreciationAndAmortization": 40600000,
        "ebitda": 133500000,
        "ebitdaratio": 0.3471138846,
        "operatingIncome": -1900000,
        "operatingIncomeRatio": -0.0049401976,
        "totalOtherIncomeExpensesNet": 94800000,
        "incomeBeforeTax": 92900000,
        "incomeBeforeTaxRatio": 0.241549662,
        "incomeTaxExpense": -19800000,
        "netIncome": 112700000,
        "netIncomeRatio": 0.2930317213,
        "eps": 1.38,
        "epsdiluted": 1.13,
        "weightedAverageShsOut": 81795000,
        "weightedAverageShsOutDil": 99498000,
        "link": "https://www.sec.gov/Archives/edgar/data/54480/000095013705013586/0000950137-05-013586-index.htm",
        "finalLink": "https://www.sec.gov/Archives/edgar/data/54480/000095013705013586/c99828e10vq.htm"
    },
    {
        "date": "2005-06-30",
        "symbol": "KSU",
        "reportedCurrency": "USD",
        "cik": "0000054480",
        "fillingDate": "2005-08-15",
        "acceptedDate": "2005-08-15 17:29:44",
        "calendarYear": "2005",
        "period": "Q2",
        "revenue": 381100000,
        "costOfRevenue": 194900000,
        "grossProfit": 186200000,
        "grossProfitRatio": 0.4885856731,
        "researchAndDevelopmentExpenses": 0,
        "generalAndAdministrativeExpenses": 0,
        "sellingAndMarketingExpenses": 0,
        "sellingGeneralAndAdministrativeExpenses": 194500000,
        "otherExpenses": 0,
        "operatingExpenses": 194500000,
        "costAndExpenses": 389400000,
        "interestIncome": 0,
        "interestExpense": 0,
        "depreciationAndAmortization": 40400000,
        "ebitda": 16900000,
        "ebitdaratio": 0.0443453162,
        "operatingIncome": -8300000,
        "operatingIncomeRatio": -0.0217790606,
        "totalOtherIncomeExpensesNet": -33000000,
        "incomeBeforeTax": -41300000,
        "incomeBeforeTaxRatio": -0.1083705064,
        "incomeTaxExpense": 1600000,
        "netIncome": -25100000,
        "netIncomeRatio": -0.0658619785,
        "eps": -0.31,
        "epsdiluted": -0.31,
        "weightedAverageShsOut": 81707000,
        "weightedAverageShsOutDil": 81707000,
        "link": "https://www.sec.gov/Archives/edgar/data/54480/000095013705010314/0000950137-05-010314-index.htm",
        "finalLink": "https://www.sec.gov/Archives/edgar/data/54480/000095013705010314/c97157e10vq.htm"
    },
    {
        "date": "2005-03-31",
        "symbol": "KSU",
        "reportedCurrency": "USD",
        "cik": "0000054480",
        "fillingDate": "2005-05-10",
        "acceptedDate": "2005-05-10 17:21:21",
        "calendarYear": "2005",
        "period": "Q1",
        "revenue": 198200000,
        "costOfRevenue": 63500000,
        "grossProfit": 134700000,
        "grossProfitRatio": 0.6796165489,
        "researchAndDevelopmentExpenses": 0,
        "generalAndAdministrativeExpenses": 0,
        "sellingAndMarketingExpenses": 0,
        "sellingGeneralAndAdministrativeExpenses": 109900000,
        "otherExpenses": 0,
        "operatingExpenses": 109900000,
        "costAndExpenses": 173400000,
        "interestIncome": 0,
        "interestExpense": 0,
        "depreciationAndAmortization": 14300000,
        "ebitda": 28000000,
        "ebitdaratio": 0.141271443,
        "operatingIncome": 24800000,
        "operatingIncomeRatio": 0.1251261352,
        "totalOtherIncomeExpensesNet": -11100000,
        "incomeBeforeTax": 13700000,
        "incomeBeforeTaxRatio": 0.0691220989,
        "incomeTaxExpense": 5600000,
        "netIncome": 8100000,
        "netIncomeRatio": 0.0408678103,
        "eps": 0.13,
        "epsdiluted": 0.12,
        "weightedAverageShsOut": 63501000,
        "weightedAverageShsOutDil": 64809000,
        "link": "https://www.sec.gov/Archives/edgar/data/54480/000095013705005679/0000950137-05-005679-index.htm",
        "finalLink": "https://www.sec.gov/Archives/edgar/data/54480/000095013705005679/c95121e10vq.htm"
    },
    {
        "date": "2004-12-31",
        "symbol": "KSU",
        "reportedCurrency": "USD",
        "cik": "0000054480",
        "fillingDate": "2005-03-30",
        "acceptedDate": "2005-03-30 13:58:01",
        "calendarYear": "2004",
        "period": "Q4",
        "revenue": 174600000,
        "costOfRevenue": -1200000,
        "grossProfit": 175800000,
        "grossProfitRatio": 1.0068728522,
        "researchAndDevelopmentExpenses": 0,
        "generalAndAdministrativeExpenses": 0,
        "sellingAndMarketingExpenses": 0,
        "sellingGeneralAndAdministrativeExpenses": 148400000,
        "otherExpenses": 0,
        "operatingExpenses": 148400000,
        "costAndExpenses": 147200000,
        "interestIncome": 0,
        "interestExpense": 0,
        "depreciationAndAmortization": 14200000,
        "ebitda": 25800000,
        "ebitdaratio": 0.147766323,
        "operatingIncome": 27400000,
        "operatingIncomeRatio": 0.156930126,
        "totalOtherIncomeExpensesNet": -15800000,
        "incomeBeforeTax": 11600000,
        "incomeBeforeTaxRatio": 0.0664375716,
        "incomeTaxExpense": 10900000,
        "netIncome": 700000,
        "netIncomeRatio": 0.0040091638,
        "eps": 0.011,
        "epsdiluted": 0.011,
        "weightedAverageShsOut": 63501000,
        "weightedAverageShsOutDil": 63501000,
        "link": "https://www.sec.gov/Archives/edgar/data/54480/000095013705003869/0000950137-05-003869-index.htm",
        "finalLink": "https://www.sec.gov/Archives/edgar/data/54480/000095013705003869/c93055e10vk.htm"
    },
    {
        "date": "2004-09-30",
        "symbol": "KSU",
        "reportedCurrency": "USD",
        "cik": "0000054480",
        "fillingDate": "2004-11-08",
        "acceptedDate": "2004-11-08 17:28:24",
        "calendarYear": "2004",
        "period": "Q3",
        "revenue": 163200000,
        "costOfRevenue": 60600000,
        "grossProfit": 102600000,
        "grossProfitRatio": 0.6286764706,
        "researchAndDevelopmentExpenses": 0,
        "generalAndAdministrativeExpenses": 0,
        "sellingAndMarketingExpenses": 0,
        "sellingGeneralAndAdministrativeExpenses": 83400000,
        "otherExpenses": 0,
        "operatingExpenses": 83400000,
        "costAndExpenses": 144000000,
        "interestIncome": 0,
        "interestExpense": 0,
        "depreciationAndAmortization": 13400000,
        "ebitda": 31000000,
        "ebitdaratio": 0.1899509804,
        "operatingIncome": 19200000,
        "operatingIncomeRatio": 0.1176470588,
        "totalOtherIncomeExpensesNet": -1600000,
        "incomeBeforeTax": 17600000,
        "incomeBeforeTaxRatio": 0.1078431373,
        "incomeTaxExpense": 6500000,
        "netIncome": 11100000,
        "netIncomeRatio": 0.0680147059,
        "eps": 0.18,
        "epsdiluted": 0.17,
        "weightedAverageShsOut": 62683000,
        "weightedAverageShsOutDil": 63955000,
        "link": "https://www.sec.gov/Archives/edgar/data/54480/000095013704009606/0000950137-04-009606-index.htm",
        "finalLink": "https://www.sec.gov/Archives/edgar/data/54480/000095013704009606/c89324e10vq.htm"
    },
    {
        "date": "2004-06-30",
        "symbol": "KSU",
        "reportedCurrency": "USD",
        "cik": "0000054480",
        "fillingDate": "2004-06-30",
        "acceptedDate": "2004-06-29 20:00:00",
        "calendarYear": "2004",
        "period": "Q2",
        "revenue": 153900000,
        "costOfRevenue": 69100000,
        "grossProfit": 84800000,
        "grossProfitRatio": 0.5510071475,
        "researchAndDevelopmentExpenses": 0,
        "generalAndAdministrativeExpenses": 0,
        "sellingAndMarketingExpenses": 0,
        "sellingGeneralAndAdministrativeExpenses": 65300000,
        "otherExpenses": 0,
        "operatingExpenses": 65300000,
        "costAndExpenses": 134400000,
        "interestIncome": 0,
        "interestExpense": 0,
        "depreciationAndAmortization": 13100000,
        "ebitda": 26600000,
        "ebitdaratio": 0.1728395062,
        "operatingIncome": 19500000,
        "operatingIncomeRatio": 0.126705653,
        "totalOtherIncomeExpensesNet": -6000000,
        "incomeBeforeTax": 13500000,
        "incomeBeforeTaxRatio": 0.0877192982,
        "incomeTaxExpense": 4300000,
        "netIncome": 9200000,
        "netIncomeRatio": 0.0597790773,
        "eps": 0.15,
        "epsdiluted": 0.14,
        "weightedAverageShsOut": 62655000,
        "weightedAverageShsOutDil": 63830000,
        "link": "",
        "finalLink": ""
    },
    {
        "date": "2004-03-31",
        "symbol": "KSU",
        "reportedCurrency": "USD",
        "cik": "0000054480",
        "fillingDate": "2004-03-31",
        "acceptedDate": "2004-03-30 19:00:00",
        "calendarYear": "2004",
        "period": "Q1",
        "revenue": 147800000,
        "costOfRevenue": 58400000,
        "grossProfit": 89400000,
        "grossProfitRatio": 0.6048714479,
        "researchAndDevelopmentExpenses": 0,
        "generalAndAdministrativeExpenses": 0,
        "sellingAndMarketingExpenses": 0,
        "sellingGeneralAndAdministrativeExpenses": 72000000,
        "otherExpenses": 0,
        "operatingExpenses": 72000000,
        "costAndExpenses": 130400000,
        "interestIncome": 0,
        "interestExpense": 0,
        "depreciationAndAmortization": 12800000,
        "ebitda": 18100000,
        "ebitdaratio": 0.1224627876,
        "operatingIncome": 17400000,
        "operatingIncomeRatio": 0.1177266576,
        "totalOtherIncomeExpensesNet": -12100000,
        "incomeBeforeTax": 5300000,
        "incomeBeforeTaxRatio": 0.0358592693,
        "incomeTaxExpense": 1900000,
        "netIncome": 3400000,
        "netIncomeRatio": 0.0230040595,
        "eps": 0.0544,
        "epsdiluted": 0.0533,
        "weightedAverageShsOut": 62504000,
        "weightedAverageShsOutDil": 63811000,
        "link": "",
        "finalLink": ""
    },
    {
        "date": "2003-12-31",
        "symbol": "KSU",
        "reportedCurrency": "USD",
        "cik": "0000054480",
        "fillingDate": "2003-12-31",
        "acceptedDate": "2003-12-30 19:00:00",
        "calendarYear": "2003",
        "period": "Q4",
        "revenue": 148500000,
        "costOfRevenue": 0,
        "grossProfit": 148500000,
        "grossProfitRatio": 1,
        "researchAndDevelopmentExpenses": 0,
        "generalAndAdministrativeExpenses": 0,
        "sellingAndMarketingExpenses": 0,
        "sellingGeneralAndAdministrativeExpenses": 504100000,
        "otherExpenses": 0,
        "operatingExpenses": 504100000,
        "costAndExpenses": 155300000,
        "interestIncome": 0,
        "interestExpense": 0,
        "depreciationAndAmortization": 16200000,
        "ebitda": 5600000,
        "ebitdaratio": 0.0377104377,
        "operatingIncome": -6800000,
        "operatingIncomeRatio": -0.0457912458,
        "totalOtherIncomeExpensesNet": -3800000,
        "incomeBeforeTax": -10600000,
        "incomeBeforeTaxRatio": -0.0713804714,
        "incomeTaxExpense": -5400000,
        "netIncome": -5200000,
        "netIncomeRatio": -0.035016835,
        "eps": -0.0832,
        "epsdiluted": -0.0832,
        "weightedAverageShsOut": 62504000,
        "weightedAverageShsOutDil": 62504000,
        "link": "",
        "finalLink": ""
    },
    {
        "date": "2003-09-30",
        "symbol": "KSU",
        "reportedCurrency": "USD",
        "cik": "0000054480",
        "fillingDate": "2003-09-30",
        "acceptedDate": "2003-09-29 20:00:00",
        "calendarYear": "2003",
        "period": "Q3",
        "revenue": 146300000,
        "costOfRevenue": 115200000,
        "grossProfit": 31100000,
        "grossProfitRatio": 0.2125768968,
        "researchAndDevelopmentExpenses": 0,
        "generalAndAdministrativeExpenses": 0,
        "sellingAndMarketingExpenses": 0,
        "sellingGeneralAndAdministrativeExpenses": 16200000,
        "otherExpenses": 0,
        "operatingExpenses": 16200000,
        "costAndExpenses": 131400000,
        "interestIncome": 0,
        "interestExpense": 0,
        "depreciationAndAmortization": 16200000,
        "ebitda": 22200000,
        "ebitdaratio": 0.1517429938,
        "operatingIncome": 14900000,
        "operatingIncomeRatio": 0.1018455229,
        "totalOtherIncomeExpensesNet": -8900000,
        "incomeBeforeTax": 6000000,
        "incomeBeforeTaxRatio": 0.04101162,
        "incomeTaxExpense": 1700000,
        "netIncome": 4300000,
        "netIncomeRatio": 0.029391661,
        "eps": 0.0696,
        "epsdiluted": 0.0681,
        "weightedAverageShsOut": 61765000,
        "weightedAverageShsOutDil": 63143000,
        "link": "",
        "finalLink": ""
    },
    {
        "date": "2003-06-30",
        "symbol": "KSU",
        "reportedCurrency": "USD",
        "cik": "0000054480",
        "fillingDate": "2003-06-30",
        "acceptedDate": "2003-06-29 20:00:00",
        "calendarYear": "2003",
        "period": "Q2",
        "revenue": 146300000,
        "costOfRevenue": 116100000,
        "grossProfit": 30200000,
        "grossProfitRatio": 0.2064251538,
        "researchAndDevelopmentExpenses": 0,
        "generalAndAdministrativeExpenses": 0,
        "sellingAndMarketingExpenses": 0,
        "sellingGeneralAndAdministrativeExpenses": 16000000,
        "otherExpenses": 0,
        "operatingExpenses": 16000000,
        "costAndExpenses": 132100000,
        "interestIncome": 0,
        "interestExpense": 0,
        "depreciationAndAmortization": 16000000,
        "ebitda": 17500000,
        "ebitdaratio": 0.1196172249,
        "operatingIncome": 14200000,
        "operatingIncomeRatio": 0.0970608339,
        "totalOtherIncomeExpensesNet": -12700000,
        "incomeBeforeTax": 1500000,
        "incomeBeforeTaxRatio": 0.010252905,
        "incomeTaxExpense": 2000000,
        "netIncome": -500000,
        "netIncomeRatio": -0.003417635,
        "eps": -0.0081,
        "epsdiluted": -0.0079,
        "weightedAverageShsOut": 61765000,
        "weightedAverageShsOutDil": 63143000,
        "link": "",
        "finalLink": ""
    },
    {
        "date": "2003-03-31",
        "symbol": "KSU",
        "reportedCurrency": "USD",
        "cik": "0000054480",
        "fillingDate": "2003-03-31",
        "acceptedDate": "2003-03-30 19:00:00",
        "calendarYear": "2003",
        "period": "Q1",
        "revenue": 140200000,
        "costOfRevenue": 67000000,
        "grossProfit": 73200000,
        "grossProfitRatio": 0.5221112696,
        "researchAndDevelopmentExpenses": 0,
        "generalAndAdministrativeExpenses": 0,
        "sellingAndMarketingExpenses": 0,
        "sellingGeneralAndAdministrativeExpenses": 66400000,
        "otherExpenses": 0,
        "operatingExpenses": 66400000,
        "costAndExpenses": 133400000,
        "interestIncome": 0,
        "interestExpense": 0,
        "depreciationAndAmortization": 15900000,
        "ebitda": 28400000,
        "ebitdaratio": 0.2025677603,
        "operatingIncome": 6800000,
        "operatingIncomeRatio": 0.0485021398,
        "totalOtherIncomeExpensesNet": -3200000,
        "incomeBeforeTax": 3600000,
        "incomeBeforeTaxRatio": 0.0256776034,
        "incomeTaxExpense": -1100000,
        "netIncome": 13600000,
        "netIncomeRatio": 0.0970042796,
        "eps": 0.22,
        "epsdiluted": 0.22,
        "weightedAverageShsOut": 61427000,
        "weightedAverageShsOutDil": 62863000,
        "link": "",
        "finalLink": ""
    },
    {
        "date": "2002-12-31",
        "symbol": "KSU",
        "reportedCurrency": "USD",
        "cik": "0000054480",
        "fillingDate": "2002-12-31",
        "acceptedDate": "2002-12-30 19:00:00",
        "calendarYear": "2002",
        "period": "Q4",
        "revenue": 148200000,
        "costOfRevenue": 0,
        "grossProfit": 148200000,
        "grossProfitRatio": 1,
        "researchAndDevelopmentExpenses": 0,
        "generalAndAdministrativeExpenses": 0,
        "sellingAndMarketingExpenses": 0,
        "sellingGeneralAndAdministrativeExpenses": 472900000,
        "otherExpenses": 0,
        "operatingExpenses": 472900000,
        "costAndExpenses": 134300000,
        "interestIncome": 0,
        "interestExpense": 0,
        "depreciationAndAmortization": 16100000,
        "ebitda": 36700000,
        "ebitdaratio": 0.2476383266,
        "operatingIncome": 13900000,
        "operatingIncomeRatio": 0.0937921727,
        "totalOtherIncomeExpensesNet": 4000000,
        "incomeBeforeTax": 17900000,
        "incomeBeforeTaxRatio": 0.120782726,
        "incomeTaxExpense": 200000,
        "netIncome": 20400000,
        "netIncomeRatio": 0.1376518219,
        "eps": 0.33,
        "epsdiluted": 0.33,
        "weightedAverageShsOut": 61427000,
        "weightedAverageShsOutDil": 61427000,
        "link": "",
        "finalLink": ""
    },
    {
        "date": "2002-09-30",
        "symbol": "KSU",
        "reportedCurrency": "USD",
        "cik": "0000054480",
        "fillingDate": "2002-11-12",
        "acceptedDate": "2002-11-11 19:00:00",
        "calendarYear": "2002",
        "period": "Q3",
        "revenue": 137600000,
        "costOfRevenue": 115600000,
        "grossProfit": 22000000,
        "grossProfitRatio": 0.1598837209,
        "researchAndDevelopmentExpenses": 0,
        "generalAndAdministrativeExpenses": 0,
        "sellingAndMarketingExpenses": 0,
        "sellingGeneralAndAdministrativeExpenses": 15800000,
        "otherExpenses": 0,
        "operatingExpenses": 15800000,
        "costAndExpenses": 131400000,
        "interestIncome": 0,
        "interestExpense": 0,
        "depreciationAndAmortization": 15800000,
        "ebitda": 26100000,
        "ebitdaratio": 0.1896802326,
        "operatingIncome": 6200000,
        "operatingIncomeRatio": 0.0450581395,
        "totalOtherIncomeExpensesNet": 4100000,
        "incomeBeforeTax": 10300000,
        "incomeBeforeTaxRatio": 0.0748546512,
        "incomeTaxExpense": -300000,
        "netIncome": 10600000,
        "netIncomeRatio": 0.0770348837,
        "eps": 0.18,
        "epsdiluted": 0.17,
        "weightedAverageShsOut": 60481000,
        "weightedAverageShsOutDil": 62453000,
        "link": "https://www.sec.gov/Archives/edgar/data/54480/000005448002000041/0000054480-02-000041-index.htm",
        "finalLink": "https://www.sec.gov/Archives/edgar/data/54480/000005448002000041/form10q3q2002.txt"
    },
    {
        "date": "2002-06-30",
        "symbol": "KSU",
        "reportedCurrency": "USD",
        "cik": "0000054480",
        "fillingDate": "2002-08-13",
        "acceptedDate": "2002-08-13 14:24:24",
        "calendarYear": "2002",
        "period": "Q2",
        "revenue": 137900000,
        "costOfRevenue": 108800000,
        "grossProfit": 29100000,
        "grossProfitRatio": 0.2110224801,
        "researchAndDevelopmentExpenses": 0,
        "generalAndAdministrativeExpenses": 0,
        "sellingAndMarketingExpenses": 0,
        "sellingGeneralAndAdministrativeExpenses": 14600000,
        "otherExpenses": 0,
        "operatingExpenses": 14600000,
        "costAndExpenses": 123400000,
        "interestIncome": 0,
        "interestExpense": 0,
        "depreciationAndAmortization": 14600000,
        "ebitda": 32000000,
        "ebitdaratio": 0.2320522117,
        "operatingIncome": 14500000,
        "operatingIncomeRatio": 0.1051486584,
        "totalOtherIncomeExpensesNet": 5600000,
        "incomeBeforeTax": 20100000,
        "incomeBeforeTaxRatio": 0.1457577955,
        "incomeTaxExpense": 2900000,
        "netIncome": 14500000,
        "netIncomeRatio": 0.1051486584,
        "eps": 0.24,
        "epsdiluted": 0.23,
        "weightedAverageShsOut": 60095000,
        "weightedAverageShsOutDil": 62327000,
        "link": "https://www.sec.gov/Archives/edgar/data/54480/000005448002000027/0000054480-02-000027-index.html",
        "finalLink": "https://www.sec.gov/Archives/edgar/data/54480/000005448002000027/secondq0210q.txt"
    },
    {
        "date": "2002-03-31",
        "symbol": "KSU",
        "reportedCurrency": "USD",
        "cik": "0000054480",
        "fillingDate": "2002-05-13",
        "acceptedDate": "2002-05-13 10:16:53",
        "calendarYear": "2002",
        "period": "Q1",
        "revenue": 142500000,
        "costOfRevenue": 114200000,
        "grossProfit": 28300000,
        "grossProfitRatio": 0.1985964912,
        "researchAndDevelopmentExpenses": 0,
        "generalAndAdministrativeExpenses": 0,
        "sellingAndMarketingExpenses": 0,
        "sellingGeneralAndAdministrativeExpenses": 14900000,
        "otherExpenses": 0,
        "operatingExpenses": 14900000,
        "costAndExpenses": 129100000,
        "interestIncome": 0,
        "interestExpense": 0,
        "depreciationAndAmortization": 14900000,
        "ebitda": 30700000,
        "ebitdaratio": 0.2154385965,
        "operatingIncome": 13400000,
        "operatingIncomeRatio": 0.0940350877,
        "totalOtherIncomeExpensesNet": 2400000,
        "incomeBeforeTax": 15800000,
        "incomeBeforeTaxRatio": 0.110877193,
        "incomeTaxExpense": 4100000,
        "netIncome": 11700000,
        "netIncomeRatio": 0.0821052632,
        "eps": 0.2,
        "epsdiluted": 0.19,
        "weightedAverageShsOut": 59777000,
        "weightedAverageShsOutDil": 61842000,
        "link": "https://www.sec.gov/Archives/edgar/data/54480/000005448002000015/0000054480-02-000015-index.html",
        "finalLink": "https://www.sec.gov/Archives/edgar/data/54480/000005448002000015/form10q1q2002.txt"
    },
    {
        "date": "2001-12-31",
        "symbol": "KSU",
        "reportedCurrency": "USD",
        "cik": "0000054480",
        "fillingDate": "2002-04-02",
        "acceptedDate": "2002-04-01 19:00:00",
        "calendarYear": "2001",
        "period": "Q4",
        "revenue": 145500000,
        "costOfRevenue": 126400000,
        "grossProfit": 19100000,
        "grossProfitRatio": 0.1312714777,
        "researchAndDevelopmentExpenses": 0,
        "generalAndAdministrativeExpenses": 0,
        "sellingAndMarketingExpenses": 0,
        "sellingGeneralAndAdministrativeExpenses": -1300000,
        "otherExpenses": 0,
        "operatingExpenses": -1300000,
        "costAndExpenses": 125100000,
        "interestIncome": 0,
        "interestExpense": 0,
        "depreciationAndAmortization": 14400000,
        "ebitda": 29900000,
        "ebitdaratio": 0.2054982818,
        "operatingIncome": 20400000,
        "operatingIncomeRatio": 0.1402061856,
        "totalOtherIncomeExpensesNet": -4900000,
        "incomeBeforeTax": 15500000,
        "incomeBeforeTaxRatio": 0.1065292096,
        "incomeTaxExpense": 4400000,
        "netIncome": 11100000,
        "netIncomeRatio": 0.0762886598,
        "eps": 0.19,
        "epsdiluted": 0.19,
        "weightedAverageShsOut": 59777000,
        "weightedAverageShsOutDil": 59777000,
        "link": "https://www.sec.gov/Archives/edgar/data/54480/000005448002000008/0000054480-02-000008-index.htm",
        "finalLink": "https://www.sec.gov/Archives/edgar/data/54480/000005448002000008/amend200110k.txt"
    },
    {
        "date": "2001-09-30",
        "symbol": "KSU",
        "reportedCurrency": "USD",
        "cik": "0000054480",
        "fillingDate": "2001-11-09",
        "acceptedDate": "2001-11-09 00:00:00",
        "calendarYear": "2001",
        "period": "Q3",
        "revenue": 144600000,
        "costOfRevenue": 110400000,
        "grossProfit": 34200000,
        "grossProfitRatio": 0.2365145228,
        "researchAndDevelopmentExpenses": 0,
        "generalAndAdministrativeExpenses": 0,
        "sellingAndMarketingExpenses": 0,
        "sellingGeneralAndAdministrativeExpenses": 18200000,
        "otherExpenses": 0,
        "operatingExpenses": 18200000,
        "costAndExpenses": 128600000,
        "interestIncome": 0,
        "interestExpense": 0,
        "depreciationAndAmortization": 14700000,
        "ebitda": 25300000,
        "ebitdaratio": 0.1749654219,
        "operatingIncome": 16000000,
        "operatingIncomeRatio": 0.1106500692,
        "totalOtherIncomeExpensesNet": -5400000,
        "incomeBeforeTax": 10600000,
        "incomeBeforeTaxRatio": 0.0733056708,
        "incomeTaxExpense": 1600000,
        "netIncome": 9000000,
        "netIncomeRatio": 0.0622406639,
        "eps": 0.15,
        "epsdiluted": 0.15,
        "weightedAverageShsOut": 58656000,
        "weightedAverageShsOutDil": 61171000,
        "link": "https://www.sec.gov/Archives/edgar/data/54480/000005448001500034/0000054480-01-500034-index.html",
        "finalLink": "https://www.sec.gov/Archives/edgar/data/54480/000005448001500034/thirdq2001.txt"
    },
    {
        "date": "2001-06-30",
        "symbol": "KSU",
        "reportedCurrency": "USD",
        "cik": "0000054480",
        "fillingDate": "2001-08-09",
        "acceptedDate": "2001-08-09 00:00:00",
        "calendarYear": "2001",
        "period": "Q2",
        "revenue": 143200000,
        "costOfRevenue": 115800000,
        "grossProfit": 27400000,
        "grossProfitRatio": 0.1913407821,
        "researchAndDevelopmentExpenses": 0,
        "generalAndAdministrativeExpenses": 0,
        "sellingAndMarketingExpenses": 0,
        "sellingGeneralAndAdministrativeExpenses": 14500000,
        "otherExpenses": 0,
        "operatingExpenses": 14500000,
        "costAndExpenses": 130300000,
        "interestIncome": 0,
        "interestExpense": 0,
        "depreciationAndAmortization": 14500000,
        "ebitda": 19200000,
        "ebitdaratio": 0.1340782123,
        "operatingIncome": 12900000,
        "operatingIncomeRatio": 0.0900837989,
        "totalOtherIncomeExpensesNet": -8200000,
        "incomeBeforeTax": 4700000,
        "incomeBeforeTaxRatio": 0.0328212291,
        "incomeTaxExpense": 0,
        "netIncome": 4700000,
        "netIncomeRatio": 0.0328212291,
        "eps": 0.0805,
        "epsdiluted": 0.0772,
        "weightedAverageShsOut": 58380000,
        "weightedAverageShsOutDil": 60916000,
        "link": "https://www.sec.gov/Archives/edgar/data/54480/000005448001500027/0000054480-01-500027-index.html",
        "finalLink": "https://www.sec.gov/Archives/edgar/data/54480/000005448001500027/secondq2001.txt"
    },
    {
        "date": "2001-03-31",
        "symbol": "KSU",
        "reportedCurrency": "USD",
        "cik": "0000054480",
        "fillingDate": "2001-05-15",
        "acceptedDate": "2001-05-15 00:00:00",
        "calendarYear": "2001",
        "period": "Q1",
        "revenue": 144000000,
        "costOfRevenue": 123500000,
        "grossProfit": 20500000,
        "grossProfitRatio": 0.1423611111,
        "researchAndDevelopmentExpenses": 0,
        "generalAndAdministrativeExpenses": 0,
        "sellingAndMarketingExpenses": 0,
        "sellingGeneralAndAdministrativeExpenses": 14400000,
        "otherExpenses": 0,
        "operatingExpenses": 14400000,
        "costAndExpenses": 137900000,
        "interestIncome": 0,
        "interestExpense": 0,
        "depreciationAndAmortization": 14400000,
        "ebitda": 17100000,
        "ebitdaratio": 0.11875,
        "operatingIncome": 6100000,
        "operatingIncomeRatio": 0.0423611111,
        "totalOtherIncomeExpensesNet": -3000000,
        "incomeBeforeTax": 3100000,
        "incomeBeforeTaxRatio": 0.0215277778,
        "incomeTaxExpense": -3200000,
        "netIncome": 5900000,
        "netIncomeRatio": 0.0409722222,
        "eps": 0.1,
        "epsdiluted": 0.0971,
        "weightedAverageShsOut": 58257000,
        "weightedAverageShsOutDil": 60776000,
        "link": "https://www.sec.gov/Archives/edgar/data/54480/000005448001500010/0000054480-01-500010-index.html",
        "finalLink": "https://www.sec.gov/Archives/edgar/data/54480/000005448001500010/form10q1q2001.txt"
    },
    {
        "date": "2000-12-31",
        "symbol": "KSU",
        "reportedCurrency": "USD",
        "cik": "0000054480",
        "fillingDate": "2001-03-27",
        "acceptedDate": "2001-03-27 00:00:00",
        "calendarYear": "2000",
        "period": "Q4",
        "revenue": 134800000,
        "costOfRevenue": 118400000,
        "grossProfit": 16400000,
        "grossProfitRatio": 0.1216617211,
        "researchAndDevelopmentExpenses": 0,
        "generalAndAdministrativeExpenses": 0,
        "sellingAndMarketingExpenses": 0,
        "sellingGeneralAndAdministrativeExpenses": 13700000,
        "otherExpenses": 0,
        "operatingExpenses": 13700000,
        "costAndExpenses": 132100000,
        "interestIncome": 0,
        "interestExpense": 0,
        "depreciationAndAmortization": 13700000,
        "ebitda": 11900000,
        "ebitdaratio": 0.0882789318,
        "operatingIncome": 2700000,
        "operatingIncomeRatio": 0.0200296736,
        "totalOtherIncomeExpensesNet": -4500000,
        "incomeBeforeTax": -1800000,
        "incomeBeforeTaxRatio": -0.0133531157,
        "incomeTaxExpense": -5400000,
        "netIncome": 3600000,
        "netIncomeRatio": 0.0267062315,
        "eps": 0.0618,
        "epsdiluted": 0.0618,
        "weightedAverageShsOut": 58257000,
        "weightedAverageShsOutDil": 58257000,
        "link": "https://www.sec.gov/Archives/edgar/data/54480/000005448001000007/0000054480-01-000007-index.html",
        "finalLink": "https://www.sec.gov/Archives/edgar/data/54480/000005448001000007/0000054480-01-000007-0001.txt"
    },
    {
        "date": "2000-09-30",
        "symbol": "KSU",
        "reportedCurrency": "USD",
        "cik": "0000054480",
        "fillingDate": "2000-11-17",
        "acceptedDate": "2000-11-17 00:00:00",
        "calendarYear": "2000",
        "period": "Q3",
        "revenue": 144100000,
        "costOfRevenue": 111600000,
        "grossProfit": 32500000,
        "grossProfitRatio": 0.225537821,
        "researchAndDevelopmentExpenses": 0,
        "generalAndAdministrativeExpenses": 0,
        "sellingAndMarketingExpenses": 0,
        "sellingGeneralAndAdministrativeExpenses": 13800000,
        "otherExpenses": 0,
        "operatingExpenses": 13800000,
        "costAndExpenses": 125400000,
        "interestIncome": 0,
        "interestExpense": 0,
        "depreciationAndAmortization": 13800000,
        "ebitda": 35900000,
        "ebitdaratio": 0.2491325468,
        "operatingIncome": 18700000,
        "operatingIncomeRatio": 0.1297709924,
        "totalOtherIncomeExpensesNet": -17200000,
        "incomeBeforeTax": 1500000,
        "incomeBeforeTaxRatio": 0.0104094379,
        "incomeTaxExpense": -1100000,
        "netIncome": 23200000,
        "netIncomeRatio": 0.160999306,
        "eps": 0.4,
        "epsdiluted": 0.39,
        "weightedAverageShsOut": 57478000,
        "weightedAverageShsOutDil": 58858000,
        "link": "https://www.sec.gov/Archives/edgar/data/54480/000005448000000039/0000054480-00-000039-index.html",
        "finalLink": "https://www.sec.gov/Archives/edgar/data/54480/000005448000000039/0000054480-00-000039-0001.txt"
    },
    {
        "date": "2000-06-30",
        "symbol": "KSU",
        "reportedCurrency": "USD",
        "cik": "0000054480",
        "fillingDate": "2000-08-14",
        "acceptedDate": "2000-08-14 00:00:00",
        "calendarYear": "2000",
        "period": "Q2",
        "revenue": 144400000,
        "costOfRevenue": 111700000,
        "grossProfit": 32700000,
        "grossProfitRatio": 0.2264542936,
        "researchAndDevelopmentExpenses": 0,
        "generalAndAdministrativeExpenses": 0,
        "sellingAndMarketingExpenses": 0,
        "sellingGeneralAndAdministrativeExpenses": 14300000,
        "otherExpenses": 0,
        "operatingExpenses": 14300000,
        "costAndExpenses": 126000000,
        "interestIncome": 0,
        "interestExpense": 0,
        "depreciationAndAmortization": -2900000,
        "ebitda": 158900000,
        "ebitdaratio": 1.1004155125,
        "operatingIncome": 18400000,
        "operatingIncomeRatio": 0.1274238227,
        "totalOtherIncomeExpensesNet": -8300000,
        "incomeBeforeTax": 10100000,
        "incomeBeforeTaxRatio": 0.0699445983,
        "incomeTaxExpense": 1300000,
        "netIncome": 160500000,
        "netIncomeRatio": 1.1114958449,
        "eps": 2.88,
        "epsdiluted": 2.79,
        "weightedAverageShsOut": 55724000,
        "weightedAverageShsOutDil": 57614000,
        "link": "https://www.sec.gov/Archives/edgar/data/54480/000005448000000023/0000054480-00-000023-index.html",
        "finalLink": "https://www.sec.gov/Archives/edgar/data/54480/000005448000000023/0000054480-00-000023-0001.txt"
    },
    {
        "date": "2000-03-31",
        "symbol": "KSU",
        "reportedCurrency": "USD",
        "cik": "0000054480",
        "fillingDate": "2000-04-14",
        "acceptedDate": "2000-04-14 00:00:00",
        "calendarYear": "2000",
        "period": "Q1",
        "revenue": 694000000,
        "costOfRevenue": 399600000,
        "grossProfit": 294400000,
        "grossProfitRatio": 0.4242074928,
        "researchAndDevelopmentExpenses": 0,
        "generalAndAdministrativeExpenses": 0,
        "sellingAndMarketingExpenses": 0,
        "sellingGeneralAndAdministrativeExpenses": 31500000,
        "otherExpenses": 0,
        "operatingExpenses": 31500000,
        "costAndExpenses": 431100000,
        "interestIncome": 0,
        "interestExpense": 0,
        "depreciationAndAmortization": 31500000,
        "ebitda": 340600000,
        "ebitdaratio": 0.490778098,
        "operatingIncome": 262900000,
        "operatingIncomeRatio": 0.3788184438,
        "totalOtherIncomeExpensesNet": 52100000,
        "incomeBeforeTax": 315000000,
        "incomeBeforeTaxRatio": 0.4538904899,
        "incomeTaxExpense": 115900000,
        "netIncome": 193200000,
        "netIncomeRatio": 0.2783861671,
        "eps": 3.48,
        "epsdiluted": 3.36,
        "weightedAverageShsOut": 55543500,
        "weightedAverageShsOutDil": 57482500,
        "link": "https://www.sec.gov/Archives/edgar/data/54480/000005448000000012/0000054480-00-000012-index.html",
        "finalLink": "https://www.sec.gov/Archives/edgar/data/54480/0000054480-00-000012.txt"
    },
    {
        "date": "1999-12-31",
        "symbol": "KSU",
        "reportedCurrency": "USD",
        "cik": "0000054480",
        "fillingDate": "1999-12-31",
        "acceptedDate": "1999-12-30 19:00:00",
        "calendarYear": "1999",
        "period": "Q4",
        "revenue": 537300000,
        "costOfRevenue": 334300000,
        "grossProfit": 203000000,
        "grossProfitRatio": 0.3778150009,
        "researchAndDevelopmentExpenses": 0,
        "generalAndAdministrativeExpenses": 0,
        "sellingAndMarketingExpenses": 0,
        "sellingGeneralAndAdministrativeExpenses": 829500000,
        "otherExpenses": 0,
        "operatingExpenses": 829500000,
        "costAndExpenses": 1163800000,
        "interestIncome": 0,
        "interestExpense": 0,
        "depreciationAndAmortization": 159800000,
        "ebitda": 322200000,
        "ebitdaratio": 0.5996649916,
        "operatingIncome": -626500000,
        "operatingIncomeRatio": -1.1660152615,
        "totalOtherIncomeExpensesNet": 788900000,
        "incomeBeforeTax": 162400000,
        "incomeBeforeTaxRatio": 0.3022520007,
        "incomeTaxExpense": 71100000,
        "netIncome": 91300000,
        "netIncomeRatio": 0.1699236925,
        "eps": 1.64,
        "epsdiluted": 1.64,
        "weightedAverageShsOut": 55543500,
        "weightedAverageShsOutDil": 55543500,
        "link": "",
        "finalLink": ""
    },
    {
        "date": "1999-09-30",
        "symbol": "KSU",
        "reportedCurrency": "USD",
        "cik": "0000054480",
        "fillingDate": "1999-11-15",
        "acceptedDate": "1999-11-15 00:00:00",
        "calendarYear": "1999",
        "period": "Q3",
        "revenue": 460300000,
        "costOfRevenue": 288800000,
        "grossProfit": 171500000,
        "grossProfitRatio": 0.372583098,
        "researchAndDevelopmentExpenses": 0,
        "generalAndAdministrativeExpenses": 0,
        "sellingAndMarketingExpenses": 0,
        "sellingGeneralAndAdministrativeExpenses": -264700000,
        "otherExpenses": 0,
        "operatingExpenses": -264700000,
        "costAndExpenses": 24100000,
        "interestIncome": 0,
        "interestExpense": 0,
        "depreciationAndAmortization": -24100000,
        "ebitda": 120500000,
        "ebitdaratio": 0.2617857919,
        "operatingIncome": 436200000,
        "operatingIncomeRatio": 0.9476428416,
        "totalOtherIncomeExpensesNet": -291600000,
        "incomeBeforeTax": 144600000,
        "incomeBeforeTaxRatio": 0.3141429502,
        "incomeTaxExpense": 57300000,
        "netIncome": 87300000,
        "netIncomeRatio": 0.1896589181,
        "eps": 1.57,
        "epsdiluted": 1.57,
        "weightedAverageShsOut": 55543500,
        "weightedAverageShsOutDil": 55543500,
        "link": "https://www.sec.gov/Archives/edgar/data/54480/000005448099000024/0000054480-99-000024-index.html",
        "finalLink": "https://www.sec.gov/Archives/edgar/data/54480/0000054480-99-000024.txt"
    },
    {
        "date": "1999-06-30",
        "symbol": "KSU",
        "reportedCurrency": "USD",
        "cik": "0000054480",
        "fillingDate": "1999-08-16",
        "acceptedDate": "1999-08-16 00:00:00",
        "calendarYear": "1999",
        "period": "Q2",
        "revenue": 430900000,
        "costOfRevenue": 273400000,
        "grossProfit": 157500000,
        "grossProfitRatio": 0.3655140404,
        "researchAndDevelopmentExpenses": 0,
        "generalAndAdministrativeExpenses": 0,
        "sellingAndMarketingExpenses": 0,
        "sellingGeneralAndAdministrativeExpenses": -251100000,
        "otherExpenses": 0,
        "operatingExpenses": -251100000,
        "costAndExpenses": 22300000,
        "interestIncome": 0,
        "interestExpense": 0,
        "depreciationAndAmortization": -22300000,
        "ebitda": 103600000,
        "ebitdaratio": 0.2404270132,
        "operatingIncome": 408600000,
        "operatingIncomeRatio": 0.9482478533,
        "totalOtherIncomeExpensesNet": -282700000,
        "incomeBeforeTax": 125900000,
        "incomeBeforeTaxRatio": 0.2921791599,
        "incomeTaxExpense": 49800000,
        "netIncome": 76100000,
        "netIncomeRatio": 0.1766071014,
        "eps": 1.37,
        "epsdiluted": 1.37,
        "weightedAverageShsOut": 55543500,
        "weightedAverageShsOutDil": 55543500,
        "link": "https://www.sec.gov/Archives/edgar/data/54480/000005448099000015/0000054480-99-000015-index.html",
        "finalLink": "https://www.sec.gov/Archives/edgar/data/54480/0000054480-99-000015.txt"
    },
    {
        "date": "1999-03-31",
        "symbol": "KSU",
        "reportedCurrency": "USD",
        "cik": "0000054480",
        "fillingDate": "1999-05-14",
        "acceptedDate": "1999-05-14 00:00:00",
        "calendarYear": "1999",
        "period": "Q1",
        "revenue": 385200000,
        "costOfRevenue": 242500000,
        "grossProfit": 142700000,
        "grossProfitRatio": 0.3704569055,
        "researchAndDevelopmentExpenses": 0,
        "generalAndAdministrativeExpenses": 0,
        "sellingAndMarketingExpenses": 0,
        "sellingGeneralAndAdministrativeExpenses": -221400000,
        "otherExpenses": 0,
        "operatingExpenses": -221400000,
        "costAndExpenses": 21100000,
        "interestIncome": 0,
        "interestExpense": 0,
        "depreciationAndAmortization": -21100000,
        "ebitda": 92400000,
        "ebitdaratio": 0.2398753894,
        "operatingIncome": 364100000,
        "operatingIncomeRatio": 0.9452232606,
        "totalOtherIncomeExpensesNet": -250600000,
        "incomeBeforeTax": 113500000,
        "incomeBeforeTaxRatio": 0.2946521288,
        "incomeTaxExpense": 44900000,
        "netIncome": 68600000,
        "netIncomeRatio": 0.1780893043,
        "eps": 1.25,
        "epsdiluted": 1.25,
        "weightedAverageShsOut": 54847302,
        "weightedAverageShsOutDil": 54847302,
        "link": "https://www.sec.gov/Archives/edgar/data/54480/000005448099000010/0000054480-99-000010-index.html",
        "finalLink": "https://www.sec.gov/Archives/edgar/data/54480/0000054480-99-000010.txt"
    },
    {
        "date": "1998-12-31",
        "symbol": "KSU",
        "reportedCurrency": "USD",
        "cik": "0000054480",
        "fillingDate": "1998-12-31",
        "acceptedDate": "1998-12-30 19:00:00",
        "calendarYear": "1998",
        "period": "Q4",
        "revenue": 331800000,
        "costOfRevenue": 0,
        "grossProfit": 331800000,
        "grossProfitRatio": 1,
        "researchAndDevelopmentExpenses": 0,
        "generalAndAdministrativeExpenses": 0,
        "sellingAndMarketingExpenses": 0,
        "sellingGeneralAndAdministrativeExpenses": 1435300000,
        "otherExpenses": 0,
        "operatingExpenses": 1435300000,
        "costAndExpenses": 836400000,
        "interestIncome": 0,
        "interestExpense": 0,
        "depreciationAndAmortization": 126900000,
        "ebitda": 177200000,
        "ebitdaratio": 0.5340566606,
        "operatingIncome": -504600000,
        "operatingIncomeRatio": -1.52079566,
        "totalOtherIncomeExpensesNet": 588300000,
        "incomeBeforeTax": 83700000,
        "incomeBeforeTaxRatio": 0.2522603978,
        "incomeTaxExpense": 20200000,
        "netIncome": 30100000,
        "netIncomeRatio": 0.0907172996,
        "eps": 0.55,
        "epsdiluted": 0.55,
        "weightedAverageShsOut": 54847302,
        "weightedAverageShsOutDil": 54847302,
        "link": "",
        "finalLink": ""
    },
    {
        "date": "1998-09-30",
        "symbol": "KSU",
        "reportedCurrency": "USD",
        "cik": "0000054480",
        "fillingDate": "1998-11-13",
        "acceptedDate": "1998-11-13 00:00:00",
        "calendarYear": "1998",
        "period": "Q3",
        "revenue": 334200000,
        "costOfRevenue": 210100000,
        "grossProfit": 124100000,
        "grossProfitRatio": 0.3713345302,
        "researchAndDevelopmentExpenses": 0,
        "generalAndAdministrativeExpenses": 0,
        "sellingAndMarketingExpenses": 0,
        "sellingGeneralAndAdministrativeExpenses": -191400000,
        "otherExpenses": 0,
        "operatingExpenses": -191400000,
        "costAndExpenses": 18700000,
        "interestIncome": 0,
        "interestExpense": 0,
        "depreciationAndAmortization": -18700000,
        "ebitda": 74700000,
        "ebitdaratio": 0.223518851,
        "operatingIncome": 315500000,
        "operatingIncomeRatio": 0.9440454817,
        "totalOtherIncomeExpensesNet": -222100000,
        "incomeBeforeTax": 93400000,
        "incomeBeforeTaxRatio": 0.2794733692,
        "incomeTaxExpense": 38200000,
        "netIncome": 55200000,
        "netIncomeRatio": 0.1651705566,
        "eps": 1.01,
        "epsdiluted": 1.01,
        "weightedAverageShsOut": 54847302,
        "weightedAverageShsOutDil": 54847302,
        "link": "https://www.sec.gov/Archives/edgar/data/54480/000005448098000025/0000054480-98-000025-index.html",
        "finalLink": "https://www.sec.gov/Archives/edgar/data/54480/0000054480-98-000025.txt"
    },
    {
        "date": "1998-06-30",
        "symbol": "KSU",
        "reportedCurrency": "USD",
        "cik": "0000054480",
        "fillingDate": "1998-08-13",
        "acceptedDate": "1998-08-13 00:00:00",
        "calendarYear": "1998",
        "period": "Q2",
        "revenue": 322600000,
        "costOfRevenue": 200300000,
        "grossProfit": 122300000,
        "grossProfitRatio": 0.3791072536,
        "researchAndDevelopmentExpenses": 0,
        "generalAndAdministrativeExpenses": 0,
        "sellingAndMarketingExpenses": 0,
        "sellingGeneralAndAdministrativeExpenses": -182400000,
        "otherExpenses": 0,
        "operatingExpenses": -182400000,
        "costAndExpenses": 17900000,
        "interestIncome": 0,
        "interestExpense": 0,
        "depreciationAndAmortization": -17900000,
        "ebitda": 81700000,
        "ebitdaratio": 0.2532548047,
        "operatingIncome": 304700000,
        "operatingIncomeRatio": 0.9445133292,
        "totalOtherIncomeExpensesNet": -205100000,
        "incomeBeforeTax": 99600000,
        "incomeBeforeTaxRatio": 0.3087414755,
        "incomeTaxExpense": 40900000,
        "netIncome": 58700000,
        "netIncomeRatio": 0.1819590825,
        "eps": 1.07,
        "epsdiluted": 1.07,
        "weightedAverageShsOut": 54847302,
        "weightedAverageShsOutDil": 54847302,
        "link": "https://www.sec.gov/Archives/edgar/data/54480/000005448098000020/0000054480-98-000020-index.html",
        "finalLink": "https://www.sec.gov/Archives/edgar/data/54480/0000054480-98-000020.txt"
    },
    {
        "date": "1998-03-31",
        "symbol": "KSU",
        "reportedCurrency": "USD",
        "cik": "0000054480",
        "fillingDate": "1998-05-15",
        "acceptedDate": "1998-05-15 00:00:00",
        "calendarYear": "1998",
        "period": "Q1",
        "revenue": 295700000,
        "costOfRevenue": 188500000,
        "grossProfit": 107200000,
        "grossProfitRatio": 0.3625295908,
        "researchAndDevelopmentExpenses": 0,
        "generalAndAdministrativeExpenses": 0,
        "sellingAndMarketingExpenses": 0,
        "sellingGeneralAndAdministrativeExpenses": -171700000,
        "otherExpenses": 0,
        "operatingExpenses": -171700000,
        "costAndExpenses": 16800000,
        "interestIncome": 0,
        "interestExpense": 0,
        "depreciationAndAmortization": -16800000,
        "ebitda": 60900000,
        "ebitdaratio": 0.2059519784,
        "operatingIncome": 278900000,
        "operatingIncomeRatio": 0.9431856611,
        "totalOtherIncomeExpensesNet": -201200000,
        "incomeBeforeTax": 77700000,
        "incomeBeforeTaxRatio": 0.2627663172,
        "incomeTaxExpense": 31500000,
        "netIncome": 46200000,
        "netIncomeRatio": 0.1562394319,
        "eps": 0.85,
        "epsdiluted": 0.85,
        "weightedAverageShsOut": 54414005,
        "weightedAverageShsOutDil": 54414005,
        "link": "https://www.sec.gov/Archives/edgar/data/54480/000005448098000008/0000054480-98-000008-index.html",
        "finalLink": "https://www.sec.gov/Archives/edgar/data/54480/0000054480-98-000008.txt"
    },
    {
        "date": "1997-12-31",
        "symbol": "KSU",
        "reportedCurrency": "USD",
        "cik": "0000054480",
        "fillingDate": "1997-12-31",
        "acceptedDate": "1997-12-30 19:00:00",
        "calendarYear": "1997",
        "period": "Q4",
        "revenue": 294300000,
        "costOfRevenue": 0,
        "grossProfit": 294300000,
        "grossProfitRatio": 1,
        "researchAndDevelopmentExpenses": 0,
        "generalAndAdministrativeExpenses": 0,
        "sellingAndMarketingExpenses": 0,
        "sellingGeneralAndAdministrativeExpenses": 1199500000,
        "otherExpenses": 0,
        "operatingExpenses": 1199500000,
        "costAndExpenses": 699200000,
        "interestIncome": 0,
        "interestExpense": 0,
        "depreciationAndAmortization": 131400000,
        "ebitda": 12500000,
        "ebitdaratio": 0.0424736663,
        "operatingIncome": -404900000,
        "operatingIncomeRatio": -1.3758069997,
        "totalOtherIncomeExpensesNet": 310900000,
        "incomeBeforeTax": -94000000,
        "incomeBeforeTaxRatio": -0.3194019708,
        "incomeTaxExpense": -2700000,
        "netIncome": -116200000,
        "netIncomeRatio": -0.3948352022,
        "eps": -2.14,
        "epsdiluted": -2.14,
        "weightedAverageShsOut": 54414005,
        "weightedAverageShsOutDil": 54414005,
        "link": "",
        "finalLink": ""
    },
    {
        "date": "1997-09-30",
        "symbol": "KSU",
        "reportedCurrency": "USD",
        "cik": "0000054480",
        "fillingDate": "1997-11-04",
        "acceptedDate": "1997-11-04 00:00:00",
        "calendarYear": "1997",
        "period": "Q3",
        "revenue": 273600000,
        "costOfRevenue": 169800000,
        "grossProfit": 103800000,
        "grossProfitRatio": 0.3793859649,
        "researchAndDevelopmentExpenses": 0,
        "generalAndAdministrativeExpenses": 0,
        "sellingAndMarketingExpenses": 0,
        "sellingGeneralAndAdministrativeExpenses": -150500000,
        "otherExpenses": 0,
        "operatingExpenses": -150500000,
        "costAndExpenses": 19300000,
        "interestIncome": 0,
        "interestExpense": 0,
        "depreciationAndAmortization": -19300000,
        "ebitda": 47900000,
        "ebitdaratio": 0.1750730994,
        "operatingIncome": 254300000,
        "operatingIncomeRatio": 0.9294590643,
        "totalOtherIncomeExpensesNet": -187100000,
        "incomeBeforeTax": 67200000,
        "incomeBeforeTaxRatio": 0.2456140351,
        "incomeTaxExpense": 25400000,
        "netIncome": 41800000,
        "netIncomeRatio": 0.1527777778,
        "eps": 0.77,
        "epsdiluted": 0.77,
        "weightedAverageShsOut": 54048204,
        "weightedAverageShsOutDil": 54048204,
        "link": "https://www.sec.gov/Archives/edgar/data/54480/000005448097000024/0000054480-97-000024-index.html",
        "finalLink": "https://www.sec.gov/Archives/edgar/data/54480/0000054480-97-000024.txt"
    },
    {
        "date": "1997-06-30",
        "symbol": "KSU",
        "reportedCurrency": "USD",
        "cik": "0000054480",
        "fillingDate": "1997-08-13",
        "acceptedDate": "1997-08-13 00:00:00",
        "calendarYear": "1997",
        "period": "Q2",
        "revenue": 252600000,
        "costOfRevenue": 166200000,
        "grossProfit": 86400000,
        "grossProfitRatio": 0.3420427553,
        "researchAndDevelopmentExpenses": 0,
        "generalAndAdministrativeExpenses": 0,
        "sellingAndMarketingExpenses": 0,
        "sellingGeneralAndAdministrativeExpenses": -148400000,
        "otherExpenses": 0,
        "operatingExpenses": -148400000,
        "costAndExpenses": 17800000,
        "interestIncome": 0,
        "interestExpense": 0,
        "depreciationAndAmortization": -19000000,
        "ebitda": 37100000,
        "ebitdaratio": 0.1468725257,
        "operatingIncome": 234800000,
        "operatingIncomeRatio": 0.9295328583,
        "totalOtherIncomeExpensesNet": -178700000,
        "incomeBeforeTax": 56100000,
        "incomeBeforeTaxRatio": 0.2220902613,
        "incomeTaxExpense": 24300000,
        "netIncome": 31800000,
        "netIncomeRatio": 0.1258907363,
        "eps": 0.59,
        "epsdiluted": 0.59,
        "weightedAverageShsOut": 54048204,
        "weightedAverageShsOutDil": 54048204,
        "link": "https://www.sec.gov/Archives/edgar/data/54480/000005448097000019/0000054480-97-000019-index.html",
        "finalLink": "https://www.sec.gov/Archives/edgar/data/54480/0000054480-97-000019.txt"
    },
    {
        "date": "1997-03-31",
        "symbol": "KSU",
        "reportedCurrency": "USD",
        "cik": "0000054480",
        "fillingDate": "1997-05-15",
        "acceptedDate": "1997-05-15 00:00:00",
        "calendarYear": "1997",
        "period": "Q1",
        "revenue": 228100000,
        "costOfRevenue": 156100000,
        "grossProfit": 72000000,
        "grossProfitRatio": 0.3156510302,
        "researchAndDevelopmentExpenses": 0,
        "generalAndAdministrativeExpenses": 0,
        "sellingAndMarketingExpenses": 0,
        "sellingGeneralAndAdministrativeExpenses": -138200000,
        "otherExpenses": 0,
        "operatingExpenses": -138200000,
        "costAndExpenses": 17900000,
        "interestIncome": 0,
        "interestExpense": 0,
        "depreciationAndAmortization": -17900000,
        "ebitda": 31600000,
        "ebitdaratio": 0.1385357299,
        "operatingIncome": 210200000,
        "operatingIncomeRatio": 0.9215256466,
        "totalOtherIncomeExpensesNet": -160700000,
        "incomeBeforeTax": 49500000,
        "incomeBeforeTaxRatio": 0.2170100833,
        "incomeTaxExpense": 21000000,
        "netIncome": 28500000,
        "netIncomeRatio": 0.1249451995,
        "eps": 0.53,
        "epsdiluted": 0.53,
        "weightedAverageShsOut": 54048204,
        "weightedAverageShsOutDil": 54048204,
        "link": "https://www.sec.gov/Archives/edgar/data/54480/000005448097000011/0000054480-97-000011-index.html",
        "finalLink": "https://www.sec.gov/Archives/edgar/data/54480/0000054480-97-000011.txt"
    },
    {
        "date": "1996-12-31",
        "symbol": "KSU",
        "reportedCurrency": "USD",
        "cik": "0000054480",
        "fillingDate": "1997-03-20",
        "acceptedDate": "1997-03-20 00:00:00",
        "calendarYear": "1996",
        "period": "Q4",
        "revenue": 220900000,
        "costOfRevenue": 0,
        "grossProfit": 220900000,
        "grossProfitRatio": 1,
        "researchAndDevelopmentExpenses": 0,
        "generalAndAdministrativeExpenses": 0,
        "sellingAndMarketingExpenses": 0,
        "sellingGeneralAndAdministrativeExpenses": 1007600000,
        "otherExpenses": 0,
        "operatingExpenses": 1007600000,
        "costAndExpenses": 585500000,
        "interestIncome": 0,
        "interestExpense": 0,
        "depreciationAndAmortization": 134000000,
        "ebitda": 186400000,
        "ebitdaratio": 0.8438207334,
        "operatingIncome": -364600000,
        "operatingIncomeRatio": -1.6505205976,
        "totalOtherIncomeExpensesNet": 432800000,
        "incomeBeforeTax": 68200000,
        "incomeBeforeTaxRatio": 0.3087369851,
        "incomeTaxExpense": 19900000,
        "netIncome": 32500000,
        "netIncomeRatio": 0.1471253961,
        "eps": 0.6,
        "epsdiluted": 0.6,
        "weightedAverageShsOut": 54048204,
        "weightedAverageShsOutDil": 54048204,
        "link": "https://www.sec.gov/Archives/edgar/data/54480/000005448097000004/0000054480-97-000004-index.html",
        "finalLink": "https://www.sec.gov/Archives/edgar/data/54480/0000054480-97-000004.txt"
    },
    {
        "date": "1996-09-30",
        "symbol": "KSU",
        "reportedCurrency": "USD",
        "cik": "0000054480",
        "fillingDate": "1996-11-13",
        "acceptedDate": "1996-11-13 00:00:00",
        "calendarYear": "1996",
        "period": "Q3",
        "revenue": 218200000,
        "costOfRevenue": 138300000,
        "grossProfit": 79900000,
        "grossProfitRatio": 0.3661778185,
        "researchAndDevelopmentExpenses": 0,
        "generalAndAdministrativeExpenses": 0,
        "sellingAndMarketingExpenses": 0,
        "sellingGeneralAndAdministrativeExpenses": -118600000,
        "otherExpenses": 0,
        "operatingExpenses": -118600000,
        "costAndExpenses": 19700000,
        "interestIncome": 0,
        "interestExpense": 0,
        "depreciationAndAmortization": -19700000,
        "ebitda": 78900000,
        "ebitdaratio": 0.3615948671,
        "operatingIncome": 198500000,
        "operatingIncomeRatio": 0.909715857,
        "totalOtherIncomeExpensesNet": -99900000,
        "incomeBeforeTax": 98600000,
        "incomeBeforeTaxRatio": 0.4518790101,
        "incomeTaxExpense": 22500000,
        "netIncome": 76100000,
        "netIncomeRatio": 0.3487626031,
        "eps": 1.41,
        "epsdiluted": 1.41,
        "weightedAverageShsOut": 54048204,
        "weightedAverageShsOutDil": 54048204,
        "link": "https://www.sec.gov/Archives/edgar/data/54480/000005448096000018/0000054480-96-000018-index.html",
        "finalLink": "https://www.sec.gov/Archives/edgar/data/54480/0000054480-96-000018.txt"
    },
    {
        "date": "1996-06-30",
        "symbol": "KSU",
        "reportedCurrency": "USD",
        "cik": "0000054480",
        "fillingDate": "1996-08-12",
        "acceptedDate": "1996-08-12 00:00:00",
        "calendarYear": "1996",
        "period": "Q2",
        "revenue": 206900000,
        "costOfRevenue": 142000000,
        "grossProfit": 64900000,
        "grossProfitRatio": 0.3136781054,
        "researchAndDevelopmentExpenses": 0,
        "generalAndAdministrativeExpenses": 0,
        "sellingAndMarketingExpenses": 0,
        "sellingGeneralAndAdministrativeExpenses": -122800000,
        "otherExpenses": 0,
        "operatingExpenses": -122800000,
        "costAndExpenses": 19200000,
        "interestIncome": 0,
        "interestExpense": 0,
        "depreciationAndAmortization": -19200000,
        "ebitda": 18900000,
        "ebitdaratio": 0.0913484775,
        "operatingIncome": 187700000,
        "operatingIncomeRatio": 0.9072015466,
        "totalOtherIncomeExpensesNet": -149600000,
        "incomeBeforeTax": 38100000,
        "incomeBeforeTaxRatio": 0.1841469309,
        "incomeTaxExpense": 15700000,
        "netIncome": 22400000,
        "netIncomeRatio": 0.1082648623,
        "eps": 0.39,
        "epsdiluted": 0.39,
        "weightedAverageShsOut": 57906294,
        "weightedAverageShsOutDil": 57906294,
        "link": "https://www.sec.gov/Archives/edgar/data/54480/000005448096000011/0000054480-96-000011-index.html",
        "finalLink": "https://www.sec.gov/Archives/edgar/data/54480/0000054480-96-000011.txt"
    },
    {
        "date": "1996-03-31",
        "symbol": "KSU",
        "reportedCurrency": "USD",
        "cik": "0000054480",
        "fillingDate": "1996-05-09",
        "acceptedDate": "1996-05-09 00:00:00",
        "calendarYear": "1996",
        "period": "Q1",
        "revenue": 201300000,
        "costOfRevenue": 141800000,
        "grossProfit": 59500000,
        "grossProfitRatio": 0.2955787382,
        "researchAndDevelopmentExpenses": 0,
        "generalAndAdministrativeExpenses": 0,
        "sellingAndMarketingExpenses": 0,
        "sellingGeneralAndAdministrativeExpenses": -122800000,
        "otherExpenses": 0,
        "operatingExpenses": -122800000,
        "costAndExpenses": 19000000,
        "interestIncome": 0,
        "interestExpense": 0,
        "depreciationAndAmortization": -19000000,
        "ebitda": 13400000,
        "ebitdaratio": 0.0665673125,
        "operatingIncome": 182300000,
        "operatingIncomeRatio": 0.9056135122,
        "totalOtherIncomeExpensesNet": -149900000,
        "incomeBeforeTax": 32400000,
        "incomeBeforeTaxRatio": 0.1609538003,
        "incomeTaxExpense": 12500000,
        "netIncome": 19900000,
        "netIncomeRatio": 0.0988574267,
        "eps": 0.34,
        "epsdiluted": 0.34,
        "weightedAverageShsOut": 57906294,
        "weightedAverageShsOutDil": 57906294,
        "link": "https://www.sec.gov/Archives/edgar/data/54480/000005448096000009/0000054480-96-000009-index.html",
        "finalLink": "https://www.sec.gov/Archives/edgar/data/54480/0000054480-96-000009.txt"
    },
    {
        "date": "1995-12-31",
        "symbol": "KSU",
        "reportedCurrency": "USD",
        "cik": "0000054480",
        "fillingDate": "1995-12-31",
        "acceptedDate": "1995-12-30 19:00:00",
        "calendarYear": "1995",
        "period": "Q4",
        "revenue": -159000000,
        "costOfRevenue": 0,
        "grossProfit": -159000000,
        "grossProfitRatio": 1,
        "researchAndDevelopmentExpenses": 0,
        "generalAndAdministrativeExpenses": 0,
        "sellingAndMarketingExpenses": 0,
        "sellingGeneralAndAdministrativeExpenses": 1178100000,
        "otherExpenses": 0,
        "operatingExpenses": 1178100000,
        "costAndExpenses": 508500000,
        "interestIncome": 0,
        "interestExpense": 0,
        "depreciationAndAmortization": 182500000,
        "ebitda": 468800000,
        "ebitdaratio": -2.948427673,
        "operatingIncome": -667500000,
        "operatingIncomeRatio": 4.1981132075,
        "totalOtherIncomeExpensesNet": 964300000,
        "incomeBeforeTax": 296800000,
        "incomeBeforeTaxRatio": -1.8666666667,
        "incomeTaxExpense": 114400000,
        "netIncome": 171900000,
        "netIncomeRatio": -1.0811320755,
        "eps": 2.97,
        "epsdiluted": 2.97,
        "weightedAverageShsOut": 57906294,
        "weightedAverageShsOutDil": 57906294,
        "link": "",
        "finalLink": ""
    },
    {
        "date": "1995-09-30",
        "symbol": "KSU",
        "reportedCurrency": "USD",
        "cik": "0000054480",
        "fillingDate": "1995-11-14",
        "acceptedDate": "1995-11-14 00:00:00",
        "calendarYear": "1995",
        "period": "Q3",
        "revenue": 323300000,
        "costOfRevenue": 216800000,
        "grossProfit": 106500000,
        "grossProfitRatio": 0.3294154036,
        "researchAndDevelopmentExpenses": 0,
        "generalAndAdministrativeExpenses": 0,
        "sellingAndMarketingExpenses": 0,
        "sellingGeneralAndAdministrativeExpenses": -178800000,
        "otherExpenses": 0,
        "operatingExpenses": -178800000,
        "costAndExpenses": 38000000,
        "interestIncome": 0,
        "interestExpense": 0,
        "depreciationAndAmortization": -38000000,
        "ebitda": 11100000,
        "ebitdaratio": 0.0343334364,
        "operatingIncome": 285300000,
        "operatingIncomeRatio": 0.8824621095,
        "totalOtherIncomeExpensesNet": -236200000,
        "incomeBeforeTax": 49100000,
        "incomeBeforeTaxRatio": 0.1518713269,
        "incomeTaxExpense": 20200000,
        "netIncome": 28900000,
        "netIncomeRatio": 0.0893906588,
        "eps": 0.5,
        "epsdiluted": 0.5,
        "weightedAverageShsOut": 57906294,
        "weightedAverageShsOutDil": 57906294,
        "link": "https://www.sec.gov/Archives/edgar/data/54480/000005448095000016/0000054480-95-000016-index.html",
        "finalLink": "https://www.sec.gov/Archives/edgar/data/54480/0000054480-95-000016.txt"
    },
    {
        "date": "1995-06-30",
        "symbol": "KSU",
        "reportedCurrency": "USD",
        "cik": "0000054480",
        "fillingDate": "1995-08-10",
        "acceptedDate": "1995-08-10 00:00:00",
        "calendarYear": "1995",
        "period": "Q2",
        "revenue": 308700000,
        "costOfRevenue": 239100000,
        "grossProfit": 69600000,
        "grossProfitRatio": 0.2254616132,
        "researchAndDevelopmentExpenses": 0,
        "generalAndAdministrativeExpenses": 0,
        "sellingAndMarketingExpenses": 0,
        "sellingGeneralAndAdministrativeExpenses": -202500000,
        "otherExpenses": 0,
        "operatingExpenses": -202500000,
        "costAndExpenses": 36600000,
        "interestIncome": 0,
        "interestExpense": 0,
        "depreciationAndAmortization": -36600000,
        "ebitda": -20500000,
        "ebitdaratio": -0.0664075154,
        "operatingIncome": 272100000,
        "operatingIncomeRatio": 0.8814382896,
        "totalOtherIncomeExpensesNet": -256000000,
        "incomeBeforeTax": 16100000,
        "incomeBeforeTaxRatio": 0.052154195,
        "incomeTaxExpense": 7600000,
        "netIncome": 8500000,
        "netIncomeRatio": 0.0275348235,
        "eps": 0.13,
        "epsdiluted": 0.13,
        "weightedAverageShsOut": 65347849,
        "weightedAverageShsOutDil": 65347849,
        "link": "https://www.sec.gov/Archives/edgar/data/54480/000005448095000011/0000054480-95-000011-index.html",
        "finalLink": "https://www.sec.gov/Archives/edgar/data/54480/0000054480-95-000011.txt"
    },
    {
        "date": "1995-03-31",
        "symbol": "KSU",
        "reportedCurrency": "USD",
        "cik": "0000054480",
        "fillingDate": "1995-05-11",
        "acceptedDate": "1995-05-11 00:00:00",
        "calendarYear": "1995",
        "period": "Q1",
        "revenue": 302200000,
        "costOfRevenue": 213700000,
        "grossProfit": 88500000,
        "grossProfitRatio": 0.2928524156,
        "researchAndDevelopmentExpenses": 0,
        "generalAndAdministrativeExpenses": 0,
        "sellingAndMarketingExpenses": 0,
        "sellingGeneralAndAdministrativeExpenses": -180800000,
        "otherExpenses": 0,
        "operatingExpenses": -180800000,
        "costAndExpenses": 32900000,
        "interestIncome": 0,
        "interestExpense": 0,
        "depreciationAndAmortization": -32900000,
        "ebitda": 45200000,
        "ebitdaratio": 0.1495698213,
        "operatingIncome": 269300000,
        "operatingIncomeRatio": 0.8911317009,
        "totalOtherIncomeExpensesNet": -191200000,
        "incomeBeforeTax": 78100000,
        "incomeBeforeTaxRatio": 0.2584381205,
        "incomeTaxExpense": 50700000,
        "netIncome": 27400000,
        "netIncomeRatio": 0.0906684315,
        "eps": 0.42,
        "epsdiluted": 0.42,
        "weightedAverageShsOut": 65347849,
        "weightedAverageShsOutDil": 65347849,
        "link": "https://www.sec.gov/Archives/edgar/data/54480/000005448095000007/0000054480-95-000007-index.html",
        "finalLink": "https://www.sec.gov/Archives/edgar/data/54480/0000054480-95-000007.txt"
    },
    {
        "date": "1994-12-31",
        "symbol": "KSU",
        "reportedCurrency": "USD",
        "cik": "0000054480",
        "fillingDate": "1995-03-22",
        "acceptedDate": "1995-03-22 00:00:00",
        "calendarYear": "1994",
        "period": "Q4",
        "revenue": 292200000,
        "costOfRevenue": 0,
        "grossProfit": 292200000,
        "grossProfitRatio": 1,
        "researchAndDevelopmentExpenses": 0,
        "generalAndAdministrativeExpenses": 0,
        "sellingAndMarketingExpenses": 0,
        "sellingGeneralAndAdministrativeExpenses": 1356600000,
        "otherExpenses": 0,
        "operatingExpenses": 1356600000,
        "costAndExpenses": 809100000,
        "interestIncome": 0,
        "interestExpense": 0,
        "depreciationAndAmortization": 205400000,
        "ebitda": 229700000,
        "ebitdaratio": 0.7861054073,
        "operatingIncome": -516900000,
        "operatingIncomeRatio": -1.7689938398,
        "totalOtherIncomeExpensesNet": 546500000,
        "incomeBeforeTax": 29600000,
        "incomeBeforeTaxRatio": 0.1013004791,
        "incomeTaxExpense": 7400000,
        "netIncome": 16900000,
        "netIncomeRatio": 0.0578370979,
        "eps": 0.26,
        "epsdiluted": 0.26,
        "weightedAverageShsOut": 65347849,
        "weightedAverageShsOutDil": 65347849,
        "link": "https://www.sec.gov/Archives/edgar/data/54480/000005448095000005/0000054480-95-000005-index.html",
        "finalLink": "https://www.sec.gov/Archives/edgar/data/54480/0000054480-95-000005.txt"
    },
    {
        "date": "1994-09-30",
        "symbol": "KSU",
        "reportedCurrency": "USD",
        "cik": "0000054480",
        "fillingDate": "1994-11-14",
        "acceptedDate": "1994-11-14 00:00:00",
        "calendarYear": "1994",
        "period": "Q3",
        "revenue": 273400000,
        "costOfRevenue": 185600000,
        "grossProfit": 87800000,
        "grossProfitRatio": 0.3211411851,
        "researchAndDevelopmentExpenses": 0,
        "generalAndAdministrativeExpenses": 0,
        "sellingAndMarketingExpenses": 0,
        "sellingGeneralAndAdministrativeExpenses": -154900000,
        "otherExpenses": 0,
        "operatingExpenses": -154900000,
        "costAndExpenses": 30700000,
        "interestIncome": 0,
        "interestExpense": 0,
        "depreciationAndAmortization": -30700000,
        "ebitda": 16300000,
        "ebitdaratio": 0.059619605,
        "operatingIncome": 242700000,
        "operatingIncomeRatio": 0.8877103146,
        "totalOtherIncomeExpensesNet": -195700000,
        "incomeBeforeTax": 47000000,
        "incomeBeforeTaxRatio": 0.1719092904,
        "incomeTaxExpense": 18400000,
        "netIncome": 28600000,
        "netIncomeRatio": 0.104608632,
        "eps": 0.44,
        "epsdiluted": 0.44,
        "weightedAverageShsOut": 65347849,
        "weightedAverageShsOutDil": 65347849,
        "link": "https://www.sec.gov/Archives/edgar/data/54480/000005448094000033/0000054480-94-000033-index.html",
        "finalLink": "https://www.sec.gov/Archives/edgar/data/54480/0000054480-94-000033.txt"
    },
    {
        "date": "1994-06-30",
        "symbol": "KSU",
        "reportedCurrency": "USD",
        "cik": "0000054480",
        "fillingDate": "1994-08-09",
        "acceptedDate": "1994-08-09 00:00:00",
        "calendarYear": "1994",
        "period": "Q2",
        "revenue": 267200000,
        "costOfRevenue": 181200000,
        "grossProfit": 86000000,
        "grossProfitRatio": 0.3218562874,
        "researchAndDevelopmentExpenses": 0,
        "generalAndAdministrativeExpenses": 0,
        "sellingAndMarketingExpenses": 0,
        "sellingGeneralAndAdministrativeExpenses": -153800000,
        "otherExpenses": 0,
        "operatingExpenses": -153800000,
        "costAndExpenses": 27400000,
        "interestIncome": 0,
        "interestExpense": 0,
        "depreciationAndAmortization": -27400000,
        "ebitda": 24500000,
        "ebitdaratio": 0.0916916168,
        "operatingIncome": 239800000,
        "operatingIncomeRatio": 0.8974550898,
        "totalOtherIncomeExpensesNet": -187900000,
        "incomeBeforeTax": 51900000,
        "incomeBeforeTaxRatio": 0.1942365269,
        "incomeTaxExpense": 20100000,
        "netIncome": 31800000,
        "netIncomeRatio": 0.119011976,
        "eps": 0.49,
        "epsdiluted": 0.49,
        "weightedAverageShsOut": 65347849,
        "weightedAverageShsOutDil": 65347849,
        "link": "https://www.sec.gov/Archives/edgar/data/54480/000005448094000021/0000054480-94-000021-index.html",
        "finalLink": "https://www.sec.gov/Archives/edgar/data/54480/0000054480-94-000021.txt"
    },
    {
        "date": "1994-03-31",
        "symbol": "KSU",
        "reportedCurrency": "USD",
        "cik": "0000054480",
        "fillingDate": "1994-05-11",
        "acceptedDate": "1994-05-11 00:00:00",
        "calendarYear": "1994",
        "period": "Q1",
        "revenue": 265100000,
        "costOfRevenue": 180700000,
        "grossProfit": 84400000,
        "grossProfitRatio": 0.3183704263,
        "researchAndDevelopmentExpenses": 0,
        "generalAndAdministrativeExpenses": 0,
        "sellingAndMarketingExpenses": 0,
        "sellingGeneralAndAdministrativeExpenses": -152500000,
        "otherExpenses": 0,
        "operatingExpenses": -152500000,
        "costAndExpenses": 28200000,
        "interestIncome": 0,
        "interestExpense": 0,
        "depreciationAndAmortization": -28200000,
        "ebitda": 17000000,
        "ebitdaratio": 0.0641267446,
        "operatingIncome": 236900000,
        "operatingIncomeRatio": 0.8936250472,
        "totalOtherIncomeExpensesNet": -191700000,
        "incomeBeforeTax": 45200000,
        "incomeBeforeTaxRatio": 0.1705016975,
        "incomeTaxExpense": 17600000,
        "netIncome": 27600000,
        "netIncomeRatio": 0.104111656,
        "eps": 0.42,
        "epsdiluted": 0.42,
        "weightedAverageShsOut": 65347849,
        "weightedAverageShsOutDil": 65347849,
        "link": "https://www.sec.gov/Archives/edgar/data/54480/000005448094000011/0000054480-94-000011-index.html",
        "finalLink": "https://www.sec.gov/Archives/edgar/data/54480/0000054480-94-000011.txt"
    },
    {
        "date": "1993-12-31",
        "symbol": "KSU",
        "reportedCurrency": "USD",
        "cik": "0000054480",
        "fillingDate": "1993-12-31",
        "acceptedDate": "1993-12-30 19:00:00",
        "calendarYear": "1993",
        "period": "Q4",
        "revenue": 261500000,
        "costOfRevenue": 171500000,
        "grossProfit": 90000000,
        "grossProfitRatio": 0.34416826,
        "researchAndDevelopmentExpenses": 0,
        "generalAndAdministrativeExpenses": 0,
        "sellingAndMarketingExpenses": 0,
        "sellingGeneralAndAdministrativeExpenses": 0,
        "otherExpenses": 27700000,
        "operatingExpenses": 27700000,
        "costAndExpenses": 199200000,
        "interestIncome": 0,
        "interestExpense": 0,
        "depreciationAndAmortization": -27700000,
        "ebitda": 22100000,
        "ebitdaratio": 0.0845124283,
        "operatingIncome": 62300000,
        "operatingIncomeRatio": 0.2382409178,
        "totalOtherIncomeExpensesNet": -12500000,
        "incomeBeforeTax": 49800000,
        "incomeBeforeTaxRatio": 0.1904397706,
        "incomeTaxExpense": 19700000,
        "netIncome": 30100000,
        "netIncomeRatio": 0.1151051625,
        "eps": 0.46,
        "epsdiluted": 0.46,
        "weightedAverageShsOut": 65347849,
        "weightedAverageShsOutDil": 65347849,
        "link": "",
        "finalLink": ""
    },
    {
        "date": "1993-09-30",
        "symbol": "KSU",
        "reportedCurrency": "USD",
        "cik": "0000054480",
        "fillingDate": "1993-09-30",
        "acceptedDate": "1993-09-29 20:00:00",
        "calendarYear": "1993",
        "period": "Q3",
        "revenue": 253300000,
        "costOfRevenue": 171700000,
        "grossProfit": 81600000,
        "grossProfitRatio": 0.322147651,
        "researchAndDevelopmentExpenses": 0,
        "generalAndAdministrativeExpenses": 0,
        "sellingAndMarketingExpenses": 0,
        "sellingGeneralAndAdministrativeExpenses": 0,
        "otherExpenses": 23200000,
        "operatingExpenses": 23200000,
        "costAndExpenses": 194900000,
        "interestIncome": 0,
        "interestExpense": 0,
        "depreciationAndAmortization": -27400000,
        "ebitda": 17000000,
        "ebitdaratio": 0.067114094,
        "operatingIncome": 58400000,
        "operatingIncomeRatio": 0.2305566522,
        "totalOtherIncomeExpensesNet": -14000000,
        "incomeBeforeTax": 44400000,
        "incomeBeforeTaxRatio": 0.1752862219,
        "incomeTaxExpense": 21100000,
        "netIncome": 23300000,
        "netIncomeRatio": 0.0919857876,
        "eps": 0.36,
        "epsdiluted": 0.36,
        "weightedAverageShsOut": 65347849,
        "weightedAverageShsOutDil": 65347849,
        "link": "",
        "finalLink": ""
    },
    {
        "date": "1993-06-30",
        "symbol": "KSU",
        "reportedCurrency": "USD",
        "cik": "0000054480",
        "fillingDate": "1993-06-30",
        "acceptedDate": "1993-06-29 20:00:00",
        "calendarYear": "1993",
        "period": "Q2",
        "revenue": 231700000,
        "costOfRevenue": 164300000,
        "grossProfit": 67400000,
        "grossProfitRatio": 0.2908933966,
        "researchAndDevelopmentExpenses": 0,
        "generalAndAdministrativeExpenses": 0,
        "sellingAndMarketingExpenses": 0,
        "sellingGeneralAndAdministrativeExpenses": 0,
        "otherExpenses": 21000000,
        "operatingExpenses": 21000000,
        "costAndExpenses": 185300000,
        "interestIncome": 0,
        "interestExpense": 0,
        "depreciationAndAmortization": -21300000,
        "ebitda": 15100000,
        "ebitdaratio": 0.0651704791,
        "operatingIncome": 46400000,
        "operatingIncomeRatio": 0.2002589555,
        "totalOtherIncomeExpensesNet": -10000000,
        "incomeBeforeTax": 36400000,
        "incomeBeforeTaxRatio": 0.1570996979,
        "incomeTaxExpense": 14900000,
        "netIncome": 21500000,
        "netIncomeRatio": 0.092792404,
        "eps": 0.33,
        "epsdiluted": 0.33,
        "weightedAverageShsOut": 65347849,
        "weightedAverageShsOutDil": 65347849,
        "link": "",
        "finalLink": ""
    },
    {
        "date": "1993-03-31",
        "symbol": "KSU",
        "reportedCurrency": "USD",
        "cik": "0000054480",
        "fillingDate": "1993-03-31",
        "acceptedDate": "1993-03-30 19:00:00",
        "calendarYear": "1993",
        "period": "Q1",
        "revenue": 214600000,
        "costOfRevenue": 148800000,
        "grossProfit": 65800000,
        "grossProfitRatio": 0.3066169618,
        "researchAndDevelopmentExpenses": 0,
        "generalAndAdministrativeExpenses": 0,
        "sellingAndMarketingExpenses": 0,
        "sellingGeneralAndAdministrativeExpenses": 0,
        "otherExpenses": 20800000,
        "operatingExpenses": 20800000,
        "costAndExpenses": 169600000,
        "interestIncome": 0,
        "interestExpense": 0,
        "depreciationAndAmortization": -20800000,
        "ebitda": 8100000,
        "ebitdaratio": 0.0377446412,
        "operatingIncome": 45000000,
        "operatingIncomeRatio": 0.2096924511,
        "totalOtherIncomeExpensesNet": -9600000,
        "incomeBeforeTax": 35400000,
        "incomeBeforeTaxRatio": 0.1649580615,
        "incomeTaxExpense": 13300000,
        "netIncome": 15600000,
        "netIncomeRatio": 0.072693383,
        "eps": 0.24,
        "epsdiluted": 0.24,
        "weightedAverageShsOut": 65347849,
        "weightedAverageShsOutDil": 65347849,
        "link": "",
        "finalLink": ""
    },
    {
        "date": "1992-12-31",
        "symbol": "KSU",
        "reportedCurrency": "USD",
        "cik": "0000054480",
        "fillingDate": "1992-12-31",
        "acceptedDate": "1992-12-30 19:00:00",
        "calendarYear": "1992",
        "period": "Q4",
        "revenue": 199000000,
        "costOfRevenue": 140200000,
        "grossProfit": 58800000,
        "grossProfitRatio": 0.2954773869,
        "researchAndDevelopmentExpenses": 0,
        "generalAndAdministrativeExpenses": 0,
        "sellingAndMarketingExpenses": 0,
        "sellingGeneralAndAdministrativeExpenses": 0,
        "otherExpenses": 24900000,
        "operatingExpenses": 24900000,
        "costAndExpenses": 165100000,
        "interestIncome": 0,
        "interestExpense": 0,
        "depreciationAndAmortization": -24900000,
        "ebitda": 1800000,
        "ebitdaratio": 0.0090452261,
        "operatingIncome": 33900000,
        "operatingIncomeRatio": 0.1703517588,
        "totalOtherIncomeExpensesNet": -7200000,
        "incomeBeforeTax": 26700000,
        "incomeBeforeTaxRatio": 0.1341708543,
        "incomeTaxExpense": 9500000,
        "netIncome": 17200000,
        "netIncomeRatio": 0.0864321608,
        "eps": 0.26,
        "epsdiluted": 0.26,
        "weightedAverageShsOut": 65347849,
        "weightedAverageShsOutDil": 65347849,
        "link": "",
        "finalLink": ""
    },
    {
        "date": "1992-09-30",
        "symbol": "KSU",
        "reportedCurrency": "USD",
        "cik": "0000054480",
        "fillingDate": "1992-09-30",
        "acceptedDate": "1992-09-29 20:00:00",
        "calendarYear": "1992",
        "period": "Q3",
        "revenue": 189500000,
        "costOfRevenue": 139200000,
        "grossProfit": 50300000,
        "grossProfitRatio": 0.2654353562,
        "researchAndDevelopmentExpenses": 0,
        "generalAndAdministrativeExpenses": 0,
        "sellingAndMarketingExpenses": 0,
        "sellingGeneralAndAdministrativeExpenses": 0,
        "otherExpenses": 16400000,
        "operatingExpenses": 16400000,
        "costAndExpenses": 155600000,
        "interestIncome": 0,
        "interestExpense": 0,
        "depreciationAndAmortization": -17400000,
        "ebitda": 8100000,
        "ebitdaratio": 0.0427440633,
        "operatingIncome": 33900000,
        "operatingIncomeRatio": 0.1788918206,
        "totalOtherIncomeExpensesNet": -8400000,
        "incomeBeforeTax": 25500000,
        "incomeBeforeTaxRatio": 0.1345646438,
        "incomeTaxExpense": 9400000,
        "netIncome": 16100000,
        "netIncomeRatio": 0.0849604222,
        "eps": 0.25,
        "epsdiluted": 0.25,
        "weightedAverageShsOut": 65347849,
        "weightedAverageShsOutDil": 65347849,
        "link": "",
        "finalLink": ""
    },
    {
        "date": "1992-06-30",
        "symbol": "KSU",
        "reportedCurrency": "USD",
        "cik": "0000054480",
        "fillingDate": "1992-06-30",
        "acceptedDate": "1992-06-29 20:00:00",
        "calendarYear": "1992",
        "period": "Q2",
        "revenue": 177800000,
        "costOfRevenue": 132000000,
        "grossProfit": 45800000,
        "grossProfitRatio": 0.2575928009,
        "researchAndDevelopmentExpenses": 0,
        "generalAndAdministrativeExpenses": 0,
        "sellingAndMarketingExpenses": 0,
        "sellingGeneralAndAdministrativeExpenses": 0,
        "otherExpenses": 16000000,
        "operatingExpenses": 16000000,
        "costAndExpenses": 148000000,
        "interestIncome": 0,
        "interestExpense": 0,
        "depreciationAndAmortization": -16400000,
        "ebitda": 7800000,
        "ebitdaratio": 0.0438695163,
        "operatingIncome": 29800000,
        "operatingIncomeRatio": 0.1676040495,
        "totalOtherIncomeExpensesNet": -5600000,
        "incomeBeforeTax": 24200000,
        "incomeBeforeTaxRatio": 0.1361079865,
        "incomeTaxExpense": 8400000,
        "netIncome": 15800000,
        "netIncomeRatio": 0.088863892,
        "eps": 0.24,
        "epsdiluted": 0.24,
        "weightedAverageShsOut": 65347849,
        "weightedAverageShsOutDil": 65347849,
        "link": "",
        "finalLink": ""
    },
    {
        "date": "1992-03-31",
        "symbol": "KSU",
        "reportedCurrency": "USD",
        "cik": "0000054480",
        "fillingDate": "1992-03-31",
        "acceptedDate": "1992-03-30 19:00:00",
        "calendarYear": "1992",
        "period": "Q1",
        "revenue": 175100000,
        "costOfRevenue": 131300000,
        "grossProfit": 43800000,
        "grossProfitRatio": 0.2501427756,
        "researchAndDevelopmentExpenses": 0,
        "generalAndAdministrativeExpenses": 0,
        "sellingAndMarketingExpenses": 0,
        "sellingGeneralAndAdministrativeExpenses": 0,
        "otherExpenses": 15500000,
        "operatingExpenses": 15500000,
        "costAndExpenses": 146800000,
        "interestIncome": 0,
        "interestExpense": 0,
        "depreciationAndAmortization": -15500000,
        "ebitda": 6900000,
        "ebitdaratio": 0.0394060537,
        "operatingIncome": 28300000,
        "operatingIncomeRatio": 0.1616219303,
        "totalOtherIncomeExpensesNet": -5900000,
        "incomeBeforeTax": 22400000,
        "incomeBeforeTaxRatio": 0.1279268989,
        "incomeTaxExpense": 7900000,
        "netIncome": 14500000,
        "netIncomeRatio": 0.082809823,
        "eps": 0.22,
        "epsdiluted": 0.22,
        "weightedAverageShsOut": 65347849,
        "weightedAverageShsOutDil": 65347849,
        "link": "",
        "finalLink": ""
    },
    {
        "date": "1991-12-31",
        "symbol": "KSU",
        "reportedCurrency": "USD",
        "cik": "0000054480",
        "fillingDate": "1991-12-31",
        "acceptedDate": "1991-12-30 19:00:00",
        "calendarYear": "1991",
        "period": "Q4",
        "revenue": 160400000,
        "costOfRevenue": 120100000,
        "grossProfit": 40300000,
        "grossProfitRatio": 0.2512468828,
        "researchAndDevelopmentExpenses": 0,
        "generalAndAdministrativeExpenses": 0,
        "sellingAndMarketingExpenses": 0,
        "sellingGeneralAndAdministrativeExpenses": 0,
        "otherExpenses": 15300000,
        "operatingExpenses": 15300000,
        "costAndExpenses": 135400000,
        "interestIncome": 0,
        "interestExpense": 0,
        "depreciationAndAmortization": -15300000,
        "ebitda": 6200000,
        "ebitdaratio": 0.0386533666,
        "operatingIncome": 25000000,
        "operatingIncomeRatio": 0.1558603491,
        "totalOtherIncomeExpensesNet": -3500000,
        "incomeBeforeTax": 21500000,
        "incomeBeforeTaxRatio": 0.1340399002,
        "incomeTaxExpense": 7800000,
        "netIncome": 13700000,
        "netIncomeRatio": 0.0854114713,
        "eps": 0.21,
        "epsdiluted": 0.21,
        "weightedAverageShsOut": 65347849,
        "weightedAverageShsOutDil": 65347849,
        "link": "",
        "finalLink": ""
    },
    {
        "date": "1991-09-30",
        "symbol": "KSU",
        "reportedCurrency": "USD",
        "cik": "0000054480",
        "fillingDate": "1991-09-30",
        "acceptedDate": "1991-09-29 20:00:00",
        "calendarYear": "1991",
        "period": "Q3",
        "revenue": 157500000,
        "costOfRevenue": 117000000,
        "grossProfit": 40500000,
        "grossProfitRatio": 0.2571428571,
        "researchAndDevelopmentExpenses": 0,
        "generalAndAdministrativeExpenses": 0,
        "sellingAndMarketingExpenses": 0,
        "sellingGeneralAndAdministrativeExpenses": 0,
        "otherExpenses": 14700000,
        "operatingExpenses": 14700000,
        "costAndExpenses": 131700000,
        "interestIncome": 0,
        "interestExpense": 0,
        "depreciationAndAmortization": -15300000,
        "ebitda": 3900000,
        "ebitdaratio": 0.0247619048,
        "operatingIncome": 25800000,
        "operatingIncomeRatio": 0.1638095238,
        "totalOtherIncomeExpensesNet": -6600000,
        "incomeBeforeTax": 19200000,
        "incomeBeforeTaxRatio": 0.1219047619,
        "incomeTaxExpense": 6900000,
        "netIncome": 12300000,
        "netIncomeRatio": 0.0780952381,
        "eps": 0.19,
        "epsdiluted": 0.19,
        "weightedAverageShsOut": 65347849,
        "weightedAverageShsOutDil": 65347849,
        "link": "",
        "finalLink": ""
    },
    {
        "date": "1991-06-30",
        "symbol": "KSU",
        "reportedCurrency": "USD",
        "cik": "0000054480",
        "fillingDate": "1991-06-30",
        "acceptedDate": "1991-06-29 20:00:00",
        "calendarYear": "1991",
        "period": "Q2",
        "revenue": 149700000,
        "costOfRevenue": 111300000,
        "grossProfit": 38400000,
        "grossProfitRatio": 0.2565130261,
        "researchAndDevelopmentExpenses": 0,
        "generalAndAdministrativeExpenses": 0,
        "sellingAndMarketingExpenses": 0,
        "sellingGeneralAndAdministrativeExpenses": 0,
        "otherExpenses": 14600000,
        "operatingExpenses": 14600000,
        "costAndExpenses": 125900000,
        "interestIncome": 0,
        "interestExpense": 0,
        "depreciationAndAmortization": -14600000,
        "ebitda": 1200000,
        "ebitdaratio": 0.0080160321,
        "operatingIncome": 23800000,
        "operatingIncomeRatio": 0.1589846359,
        "totalOtherIncomeExpensesNet": -8000000,
        "incomeBeforeTax": 15800000,
        "incomeBeforeTaxRatio": 0.1055444222,
        "incomeTaxExpense": 5700000,
        "netIncome": 10100000,
        "netIncomeRatio": 0.0674682699,
        "eps": 0.15,
        "epsdiluted": 0.15,
        "weightedAverageShsOut": 65347849,
        "weightedAverageShsOutDil": 65347849,
        "link": "",
        "finalLink": ""
    },
    {
        "date": "1991-03-31",
        "symbol": "KSU",
        "reportedCurrency": "USD",
        "cik": "0000054480",
        "fillingDate": "1991-03-31",
        "acceptedDate": "1991-03-30 19:00:00",
        "calendarYear": "1991",
        "period": "Q1",
        "revenue": 142600000,
        "costOfRevenue": 104800000,
        "grossProfit": 37800000,
        "grossProfitRatio": 0.2650771388,
        "researchAndDevelopmentExpenses": 0,
        "generalAndAdministrativeExpenses": 0,
        "sellingAndMarketingExpenses": 0,
        "sellingGeneralAndAdministrativeExpenses": 0,
        "otherExpenses": 14100000,
        "operatingExpenses": 14100000,
        "costAndExpenses": 118900000,
        "interestIncome": 0,
        "interestExpense": 0,
        "depreciationAndAmortization": -14100000,
        "ebitda": 1100000,
        "ebitdaratio": 0.007713885,
        "operatingIncome": 23700000,
        "operatingIncomeRatio": 0.1661991585,
        "totalOtherIncomeExpensesNet": -8500000,
        "incomeBeforeTax": 15200000,
        "incomeBeforeTaxRatio": 0.1065918654,
        "incomeTaxExpense": 5600000,
        "netIncome": 9600000,
        "netIncomeRatio": 0.0673211781,
        "eps": 0.15,
        "epsdiluted": 0.15,
        "weightedAverageShsOut": 65347849,
        "weightedAverageShsOutDil": 65347849,
        "link": "",
        "finalLink": ""
    },
    {
        "date": "1990-12-31",
        "symbol": "KSU",
        "reportedCurrency": "USD",
        "cik": "0000054480",
        "fillingDate": "1990-12-31",
        "acceptedDate": "1990-12-30 19:00:00",
        "calendarYear": "1990",
        "period": "Q4",
        "revenue": 132200000,
        "costOfRevenue": 81700000,
        "grossProfit": 50500000,
        "grossProfitRatio": 0.3819969743,
        "researchAndDevelopmentExpenses": 0,
        "generalAndAdministrativeExpenses": 0,
        "sellingAndMarketingExpenses": 0,
        "sellingGeneralAndAdministrativeExpenses": 0,
        "otherExpenses": 35400000,
        "operatingExpenses": 35400000,
        "costAndExpenses": 117100000,
        "interestIncome": 0,
        "interestExpense": 0,
        "depreciationAndAmortization": -13500000,
        "ebitda": -500000,
        "ebitdaratio": -0.0037821483,
        "operatingIncome": 15100000,
        "operatingIncomeRatio": 0.1142208775,
        "totalOtherIncomeExpensesNet": -2100000,
        "incomeBeforeTax": 13000000,
        "incomeBeforeTaxRatio": 0.0983358548,
        "incomeTaxExpense": 3600000,
        "netIncome": 9400000,
        "netIncomeRatio": 0.0711043873,
        "eps": 0.14,
        "epsdiluted": 0.14,
        "weightedAverageShsOut": 65347849,
        "weightedAverageShsOutDil": 65347849,
        "link": "",
        "finalLink": ""
    },
    {
        "date": "1990-09-30",
        "symbol": "KSU",
        "reportedCurrency": "USD",
        "cik": "0000054480",
        "fillingDate": "1990-09-30",
        "acceptedDate": "1990-09-29 20:00:00",
        "calendarYear": "1990",
        "period": "Q3",
        "revenue": 136200000,
        "costOfRevenue": 95200000,
        "grossProfit": 41000000,
        "grossProfitRatio": 0.3010279001,
        "researchAndDevelopmentExpenses": 0,
        "generalAndAdministrativeExpenses": 0,
        "sellingAndMarketingExpenses": 0,
        "sellingGeneralAndAdministrativeExpenses": 0,
        "otherExpenses": 13100000,
        "operatingExpenses": 13100000,
        "costAndExpenses": 108300000,
        "interestIncome": 0,
        "interestExpense": 0,
        "depreciationAndAmortization": -13100000,
        "ebitda": 6400000,
        "ebitdaratio": 0.046989721,
        "operatingIncome": 27900000,
        "operatingIncomeRatio": 0.204845815,
        "totalOtherIncomeExpensesNet": -8400000,
        "incomeBeforeTax": 19500000,
        "incomeBeforeTaxRatio": 0.1431718062,
        "incomeTaxExpense": 5700000,
        "netIncome": 13800000,
        "netIncomeRatio": 0.1013215859,
        "eps": 0.21,
        "epsdiluted": 0.21,
        "weightedAverageShsOut": 65347849,
        "weightedAverageShsOutDil": 65347849,
        "link": "",
        "finalLink": ""
    },
    {
        "date": "1990-06-30",
        "symbol": "KSU",
        "reportedCurrency": "USD",
        "cik": "0000054480",
        "fillingDate": "1990-06-30",
        "acceptedDate": "1990-06-29 20:00:00",
        "calendarYear": "1990",
        "period": "Q2",
        "revenue": 129000000,
        "costOfRevenue": 94100000,
        "grossProfit": 34900000,
        "grossProfitRatio": 0.2705426357,
        "researchAndDevelopmentExpenses": 0,
        "generalAndAdministrativeExpenses": 0,
        "sellingAndMarketingExpenses": 0,
        "sellingGeneralAndAdministrativeExpenses": 0,
        "otherExpenses": 12800000,
        "operatingExpenses": 12800000,
        "costAndExpenses": 106900000,
        "interestIncome": 0,
        "interestExpense": 0,
        "depreciationAndAmortization": -12800000,
        "ebitda": 600000,
        "ebitdaratio": 0.0046511628,
        "operatingIncome": 22100000,
        "operatingIncomeRatio": 0.1713178295,
        "totalOtherIncomeExpensesNet": -8700000,
        "incomeBeforeTax": 13400000,
        "incomeBeforeTaxRatio": 0.103875969,
        "incomeTaxExpense": 4700000,
        "netIncome": 8700000,
        "netIncomeRatio": 0.0674418605,
        "eps": 0.13,
        "epsdiluted": 0.13,
        "weightedAverageShsOut": 65347849,
        "weightedAverageShsOutDil": 65347849,
        "link": "",
        "finalLink": ""
    },
    {
        "date": "1990-03-31",
        "symbol": "KSU",
        "reportedCurrency": "USD",
        "cik": "0000054480",
        "fillingDate": "1990-03-31",
        "acceptedDate": "1990-03-30 19:00:00",
        "calendarYear": "1990",
        "period": "Q1",
        "revenue": 130600000,
        "costOfRevenue": 95300000,
        "grossProfit": 35300000,
        "grossProfitRatio": 0.2702909648,
        "researchAndDevelopmentExpenses": 0,
        "generalAndAdministrativeExpenses": 0,
        "sellingAndMarketingExpenses": 0,
        "sellingGeneralAndAdministrativeExpenses": 0,
        "otherExpenses": 12700000,
        "operatingExpenses": 12700000,
        "costAndExpenses": 108000000,
        "interestIncome": 0,
        "interestExpense": 0,
        "depreciationAndAmortization": -12700000,
        "ebitda": 1600000,
        "ebitdaratio": 0.0122511485,
        "operatingIncome": 22600000,
        "operatingIncomeRatio": 0.1730474732,
        "totalOtherIncomeExpensesNet": -8300000,
        "incomeBeforeTax": 14300000,
        "incomeBeforeTaxRatio": 0.1094946401,
        "incomeTaxExpense": 4800000,
        "netIncome": 9500000,
        "netIncomeRatio": 0.0727411945,
        "eps": 0.15,
        "epsdiluted": 0.15,
        "weightedAverageShsOut": 65347849,
        "weightedAverageShsOutDil": 65347849,
        "link": "",
        "finalLink": ""
    },
    {
        "date": "1989-12-31",
        "symbol": "KSU",
        "reportedCurrency": "USD",
        "cik": "0000054480",
        "fillingDate": "1989-12-31",
        "acceptedDate": "1989-12-30 19:00:00",
        "calendarYear": "1989",
        "period": "Q4",
        "revenue": 124700000,
        "costOfRevenue": 0,
        "grossProfit": 124700000,
        "grossProfitRatio": 1,
        "researchAndDevelopmentExpenses": 0,
        "generalAndAdministrativeExpenses": 0,
        "sellingAndMarketingExpenses": 0,
        "sellingGeneralAndAdministrativeExpenses": 0,
        "otherExpenses": -415200000,
        "operatingExpenses": -415200000,
        "costAndExpenses": -415200000,
        "interestIncome": 0,
        "interestExpense": 0,
        "depreciationAndAmortization": 312000000,
        "ebitda": 21500000,
        "ebitdaratio": 0.1724137931,
        "operatingIncome": -290500000,
        "operatingIncomeRatio": -2.3295910184,
        "totalOtherIncomeExpensesNet": 0,
        "incomeBeforeTax": 0,
        "incomeBeforeTaxRatio": 0,
        "incomeTaxExpense": -312000000,
        "netIncome": 21500000,
        "netIncomeRatio": 0.1724137931,
        "eps": 0.33,
        "epsdiluted": 0.33,
        "weightedAverageShsOut": 65347849,
        "weightedAverageShsOutDil": 65347849,
        "link": "",
        "finalLink": ""
    },
    {
        "date": "1989-09-30",
        "symbol": "KSU",
        "reportedCurrency": "USD",
        "cik": "0000054480",
        "fillingDate": "1989-09-30",
        "acceptedDate": "1989-09-29 20:00:00",
        "calendarYear": "1989",
        "period": "Q3",
        "revenue": 129300000,
        "costOfRevenue": 0,
        "grossProfit": 129300000,
        "grossProfitRatio": 1,
        "researchAndDevelopmentExpenses": 0,
        "generalAndAdministrativeExpenses": 0,
        "sellingAndMarketingExpenses": 0,
        "sellingGeneralAndAdministrativeExpenses": 0,
        "otherExpenses": 0,
        "operatingExpenses": 0,
        "costAndExpenses": 0,
        "interestIncome": 0,
        "interestExpense": 0,
        "depreciationAndAmortization": -119700000,
        "ebitda": 9600000,
        "ebitdaratio": 0.0742459397,
        "operatingIncome": 129300000,
        "operatingIncomeRatio": 1,
        "totalOtherIncomeExpensesNet": 0,
        "incomeBeforeTax": 0,
        "incomeBeforeTaxRatio": 0,
        "incomeTaxExpense": 119700000,
        "netIncome": 9600000,
        "netIncomeRatio": 0.0742459397,
        "eps": 0.15,
        "epsdiluted": 0.15,
        "weightedAverageShsOut": 65347849,
        "weightedAverageShsOutDil": 65347849,
        "link": "",
        "finalLink": ""
    },
    {
        "date": "1989-06-30",
        "symbol": "KSU",
        "reportedCurrency": "USD",
        "cik": "0000054480",
        "fillingDate": "1989-06-30",
        "acceptedDate": "1989-06-29 20:00:00",
        "calendarYear": "1989",
        "period": "Q2",
        "revenue": 125300000,
        "costOfRevenue": 0,
        "grossProfit": 125300000,
        "grossProfitRatio": 1,
        "researchAndDevelopmentExpenses": 0,
        "generalAndAdministrativeExpenses": 0,
        "sellingAndMarketingExpenses": 0,
        "sellingGeneralAndAdministrativeExpenses": 0,
        "otherExpenses": 0,
        "operatingExpenses": 0,
        "costAndExpenses": 0,
        "interestIncome": 0,
        "interestExpense": 0,
        "depreciationAndAmortization": -116000000,
        "ebitda": 9300000,
        "ebitdaratio": 0.0742218675,
        "operatingIncome": 125300000,
        "operatingIncomeRatio": 1,
        "totalOtherIncomeExpensesNet": 0,
        "incomeBeforeTax": 0,
        "incomeBeforeTaxRatio": 0,
        "incomeTaxExpense": 116000000,
        "netIncome": 9300000,
        "netIncomeRatio": 0.0742218675,
        "eps": 0.14,
        "epsdiluted": 0.14,
        "weightedAverageShsOut": 65347849,
        "weightedAverageShsOutDil": 65347849,
        "link": "",
        "finalLink": ""
    },
    {
        "date": "1989-03-31",
        "symbol": "KSU",
        "reportedCurrency": "USD",
        "cik": "0000054480",
        "fillingDate": "1989-03-31",
        "acceptedDate": "1989-03-30 19:00:00",
        "calendarYear": "1989",
        "period": "Q1",
        "revenue": 124400000,
        "costOfRevenue": 0,
        "grossProfit": 124400000,
        "grossProfitRatio": 1,
        "researchAndDevelopmentExpenses": 0,
        "generalAndAdministrativeExpenses": 0,
        "sellingAndMarketingExpenses": 0,
        "sellingGeneralAndAdministrativeExpenses": 0,
        "otherExpenses": 0,
        "operatingExpenses": 0,
        "costAndExpenses": 0,
        "interestIncome": 0,
        "interestExpense": 0,
        "depreciationAndAmortization": -116900000,
        "ebitda": 7500000,
        "ebitdaratio": 0.0602893891,
        "operatingIncome": 124400000,
        "operatingIncomeRatio": 1,
        "totalOtherIncomeExpensesNet": 0,
        "incomeBeforeTax": 0,
        "incomeBeforeTaxRatio": 0,
        "incomeTaxExpense": 116900000,
        "netIncome": 7500000,
        "netIncomeRatio": 0.0602893891,
        "eps": 0.11,
        "epsdiluted": 0.11,
        "weightedAverageShsOut": 65347849,
        "weightedAverageShsOutDil": 65347849,
        "link": "",
        "finalLink": ""
    },
    {
        "date": "1988-12-31",
        "symbol": "KSU",
        "reportedCurrency": "USD",
        "cik": "0000054480",
        "fillingDate": "1988-12-31",
        "acceptedDate": "1988-12-30 19:00:00",
        "calendarYear": "1988",
        "period": "Q4",
        "revenue": 127800000,
        "costOfRevenue": 0,
        "grossProfit": 127800000,
        "grossProfitRatio": 1,
        "researchAndDevelopmentExpenses": 0,
        "generalAndAdministrativeExpenses": 0,
        "sellingAndMarketingExpenses": 0,
        "sellingGeneralAndAdministrativeExpenses": 0,
        "otherExpenses": -447600000,
        "operatingExpenses": -447600000,
        "costAndExpenses": -447600000,
        "interestIncome": 0,
        "interestExpense": 0,
        "depreciationAndAmortization": 261700000,
        "ebitda": -58100000,
        "ebitdaratio": -0.4546165884,
        "operatingIncome": -319800000,
        "operatingIncomeRatio": -2.5023474178,
        "totalOtherIncomeExpensesNet": 0,
        "incomeBeforeTax": 0,
        "incomeBeforeTaxRatio": 0,
        "incomeTaxExpense": -261700000,
        "netIncome": -58100000,
        "netIncomeRatio": -0.4546165884,
        "eps": -0.89,
        "epsdiluted": -0.89,
        "weightedAverageShsOut": 65347849,
        "weightedAverageShsOutDil": 65347849,
        "link": "",
        "finalLink": ""
    },
    {
        "date": "1988-09-30",
        "symbol": "KSU",
        "reportedCurrency": "USD",
        "cik": "0000054480",
        "fillingDate": "1988-09-30",
        "acceptedDate": "1988-09-29 20:00:00",
        "calendarYear": "1988",
        "period": "Q3",
        "revenue": 132100000,
        "costOfRevenue": 0,
        "grossProfit": 132100000,
        "grossProfitRatio": 1,
        "researchAndDevelopmentExpenses": 0,
        "generalAndAdministrativeExpenses": 0,
        "sellingAndMarketingExpenses": 0,
        "sellingGeneralAndAdministrativeExpenses": 0,
        "otherExpenses": 0,
        "operatingExpenses": 0,
        "costAndExpenses": 0,
        "interestIncome": 0,
        "interestExpense": 0,
        "depreciationAndAmortization": -127600000,
        "ebitda": 4500000,
        "ebitdaratio": 0.0340651022,
        "operatingIncome": 132100000,
        "operatingIncomeRatio": 1,
        "totalOtherIncomeExpensesNet": 0,
        "incomeBeforeTax": 0,
        "incomeBeforeTaxRatio": 0,
        "incomeTaxExpense": 127600000,
        "netIncome": 4500000,
        "netIncomeRatio": 0.0340651022,
        "eps": 0.0689,
        "epsdiluted": 0.0689,
        "weightedAverageShsOut": 65347849,
        "weightedAverageShsOutDil": 65347849,
        "link": "",
        "finalLink": ""
    },
    {
        "date": "1988-06-30",
        "symbol": "KSU",
        "reportedCurrency": "USD",
        "cik": "0000054480",
        "fillingDate": "1988-06-30",
        "acceptedDate": "1988-06-29 20:00:00",
        "calendarYear": "1988",
        "period": "Q2",
        "revenue": 124700000,
        "costOfRevenue": 0,
        "grossProfit": 124700000,
        "grossProfitRatio": 1,
        "researchAndDevelopmentExpenses": 0,
        "generalAndAdministrativeExpenses": 0,
        "sellingAndMarketingExpenses": 0,
        "sellingGeneralAndAdministrativeExpenses": 0,
        "otherExpenses": 0,
        "operatingExpenses": 0,
        "costAndExpenses": 0,
        "interestIncome": 0,
        "interestExpense": 0,
        "depreciationAndAmortization": -119100000,
        "ebitda": 5600000,
        "ebitdaratio": 0.0449077787,
        "operatingIncome": 124700000,
        "operatingIncomeRatio": 1,
        "totalOtherIncomeExpensesNet": 0,
        "incomeBeforeTax": 0,
        "incomeBeforeTaxRatio": 0,
        "incomeTaxExpense": 119100000,
        "netIncome": 5600000,
        "netIncomeRatio": 0.0449077787,
        "eps": 0.0857,
        "epsdiluted": 0.0857,
        "weightedAverageShsOut": 65347849,
        "weightedAverageShsOutDil": 65347849,
        "link": "",
        "finalLink": ""
    },
    {
        "date": "1988-03-31",
        "symbol": "KSU",
        "reportedCurrency": "USD",
        "cik": "0000054480",
        "fillingDate": "1988-03-31",
        "acceptedDate": "1988-03-30 19:00:00",
        "calendarYear": "1988",
        "period": "Q1",
        "revenue": 122900000,
        "costOfRevenue": 0,
        "grossProfit": 122900000,
        "grossProfitRatio": 1,
        "researchAndDevelopmentExpenses": 0,
        "generalAndAdministrativeExpenses": 0,
        "sellingAndMarketingExpenses": 0,
        "sellingGeneralAndAdministrativeExpenses": 0,
        "otherExpenses": 0,
        "operatingExpenses": 0,
        "costAndExpenses": 0,
        "interestIncome": 0,
        "interestExpense": 0,
        "depreciationAndAmortization": -121300000,
        "ebitda": 1600000,
        "ebitdaratio": 0.0130187144,
        "operatingIncome": 122900000,
        "operatingIncomeRatio": 1,
        "totalOtherIncomeExpensesNet": 0,
        "incomeBeforeTax": 0,
        "incomeBeforeTaxRatio": 0,
        "incomeTaxExpense": 121300000,
        "netIncome": 1600000,
        "netIncomeRatio": 0.0130187144,
        "eps": 0.0245,
        "epsdiluted": 0.0245,
        "weightedAverageShsOut": 65347849,
        "weightedAverageShsOutDil": 65347849,
        "link": "",
        "finalLink": ""
    },
    {
        "date": "1987-12-31",
        "symbol": "KSU",
        "reportedCurrency": "USD",
        "cik": "0000054480",
        "fillingDate": "1987-12-31",
        "acceptedDate": "1987-12-30 19:00:00",
        "calendarYear": "1987",
        "period": "Q4",
        "revenue": 135300000,
        "costOfRevenue": 0,
        "grossProfit": 135300000,
        "grossProfitRatio": 1,
        "researchAndDevelopmentExpenses": 0,
        "generalAndAdministrativeExpenses": 0,
        "sellingAndMarketingExpenses": 0,
        "sellingGeneralAndAdministrativeExpenses": 0,
        "otherExpenses": -420700000,
        "operatingExpenses": -420700000,
        "costAndExpenses": -420700000,
        "interestIncome": 0,
        "interestExpense": 0,
        "depreciationAndAmortization": 291400000,
        "ebitda": 6000000,
        "ebitdaratio": 0.044345898,
        "operatingIncome": -285400000,
        "operatingIncomeRatio": -2.1093865484,
        "totalOtherIncomeExpensesNet": 0,
        "incomeBeforeTax": 0,
        "incomeBeforeTaxRatio": 0,
        "incomeTaxExpense": -291400000,
        "netIncome": 6000000,
        "netIncomeRatio": 0.044345898,
        "eps": 0.0918,
        "epsdiluted": 0.0918,
        "weightedAverageShsOut": 65347849,
        "weightedAverageShsOutDil": 65347849,
        "link": "",
        "finalLink": ""
    },
    {
        "date": "1987-09-30",
        "symbol": "KSU",
        "reportedCurrency": "USD",
        "cik": "0000054480",
        "fillingDate": "1987-09-30",
        "acceptedDate": "1987-09-29 20:00:00",
        "calendarYear": "1987",
        "period": "Q3",
        "revenue": 126400000,
        "costOfRevenue": 0,
        "grossProfit": 126400000,
        "grossProfitRatio": 1,
        "researchAndDevelopmentExpenses": 0,
        "generalAndAdministrativeExpenses": 0,
        "sellingAndMarketingExpenses": 0,
        "sellingGeneralAndAdministrativeExpenses": 0,
        "otherExpenses": 0,
        "operatingExpenses": 0,
        "costAndExpenses": 0,
        "interestIncome": 0,
        "interestExpense": 0,
        "depreciationAndAmortization": -118900000,
        "ebitda": 7500000,
        "ebitdaratio": 0.059335443,
        "operatingIncome": 126400000,
        "operatingIncomeRatio": 1,
        "totalOtherIncomeExpensesNet": 0,
        "incomeBeforeTax": 0,
        "incomeBeforeTaxRatio": 0,
        "incomeTaxExpense": 118900000,
        "netIncome": 7500000,
        "netIncomeRatio": 0.059335443,
        "eps": 0.11,
        "epsdiluted": 0.11,
        "weightedAverageShsOut": 65347849,
        "weightedAverageShsOutDil": 65347849,
        "link": "",
        "finalLink": ""
    },
    {
        "date": "1987-06-30",
        "symbol": "KSU",
        "reportedCurrency": "USD",
        "cik": "0000054480",
        "fillingDate": "1987-06-30",
        "acceptedDate": "1987-06-29 20:00:00",
        "calendarYear": "1987",
        "period": "Q2",
        "revenue": 137500000,
        "costOfRevenue": 0,
        "grossProfit": 137500000,
        "grossProfitRatio": 1,
        "researchAndDevelopmentExpenses": 0,
        "generalAndAdministrativeExpenses": 0,
        "sellingAndMarketingExpenses": 0,
        "sellingGeneralAndAdministrativeExpenses": 0,
        "otherExpenses": 0,
        "operatingExpenses": 0,
        "costAndExpenses": 0,
        "interestIncome": 0,
        "interestExpense": 0,
        "depreciationAndAmortization": -133900000,
        "ebitda": 3600000,
        "ebitdaratio": 0.0261818182,
        "operatingIncome": 137500000,
        "operatingIncomeRatio": 1,
        "totalOtherIncomeExpensesNet": 0,
        "incomeBeforeTax": 0,
        "incomeBeforeTaxRatio": 0,
        "incomeTaxExpense": 133900000,
        "netIncome": 3600000,
        "netIncomeRatio": 0.0261818182,
        "eps": 0.0551,
        "epsdiluted": 0.0551,
        "weightedAverageShsOut": 65347849,
        "weightedAverageShsOutDil": 65347849,
        "link": "",
        "finalLink": ""
    },
    {
        "date": "1987-03-31",
        "symbol": "KSU",
        "reportedCurrency": "USD",
        "cik": "0000054480",
        "fillingDate": "1987-03-31",
        "acceptedDate": "1987-03-30 19:00:00",
        "calendarYear": "1987",
        "period": "Q1",
        "revenue": 126900000,
        "costOfRevenue": 0,
        "grossProfit": 126900000,
        "grossProfitRatio": 1,
        "researchAndDevelopmentExpenses": 0,
        "generalAndAdministrativeExpenses": 0,
        "sellingAndMarketingExpenses": 0,
        "sellingGeneralAndAdministrativeExpenses": 0,
        "otherExpenses": 0,
        "operatingExpenses": 0,
        "costAndExpenses": 0,
        "interestIncome": 0,
        "interestExpense": 0,
        "depreciationAndAmortization": -125200000,
        "ebitda": 1700000,
        "ebitdaratio": 0.0133963751,
        "operatingIncome": 126900000,
        "operatingIncomeRatio": 1,
        "totalOtherIncomeExpensesNet": 0,
        "incomeBeforeTax": 0,
        "incomeBeforeTaxRatio": 0,
        "incomeTaxExpense": 125200000,
        "netIncome": 1700000,
        "netIncomeRatio": 0.0133963751,
        "eps": 0.026,
        "epsdiluted": 0.026,
        "weightedAverageShsOut": 65347849,
        "weightedAverageShsOutDil": 65347849,
        "link": "",
        "finalLink": ""
    },
    {
        "date": "1986-12-31",
        "symbol": "KSU",
        "reportedCurrency": "USD",
        "cik": "0000054480",
        "fillingDate": "1986-12-31",
        "acceptedDate": "1986-12-30 19:00:00",
        "calendarYear": "1986",
        "period": "Q4",
        "revenue": 130600000,
        "costOfRevenue": 0,
        "grossProfit": 130600000,
        "grossProfitRatio": 1,
        "researchAndDevelopmentExpenses": 0,
        "generalAndAdministrativeExpenses": 0,
        "sellingAndMarketingExpenses": 0,
        "sellingGeneralAndAdministrativeExpenses": 0,
        "otherExpenses": -510600000,
        "operatingExpenses": -510600000,
        "costAndExpenses": -510600000,
        "interestIncome": 0,
        "interestExpense": 0,
        "depreciationAndAmortization": 341900000,
        "ebitda": -38100000,
        "ebitdaratio": -0.2917304747,
        "operatingIncome": -380000000,
        "operatingIncomeRatio": -2.9096477795,
        "totalOtherIncomeExpensesNet": 0,
        "incomeBeforeTax": 0,
        "incomeBeforeTaxRatio": 0,
        "incomeTaxExpense": -341900000,
        "netIncome": -38100000,
        "netIncomeRatio": -0.2917304747,
        "eps": -0.58,
        "epsdiluted": -0.58,
        "weightedAverageShsOut": 65347849,
        "weightedAverageShsOutDil": 65347849,
        "link": "",
        "finalLink": ""
    },
    {
        "date": "1986-09-30",
        "symbol": "KSU",
        "reportedCurrency": "USD",
        "cik": "0000054480",
        "fillingDate": "1986-09-30",
        "acceptedDate": "1986-09-29 20:00:00",
        "calendarYear": "1986",
        "period": "Q3",
        "revenue": 115300000,
        "costOfRevenue": 0,
        "grossProfit": 115300000,
        "grossProfitRatio": 1,
        "researchAndDevelopmentExpenses": 0,
        "generalAndAdministrativeExpenses": 0,
        "sellingAndMarketingExpenses": 0,
        "sellingGeneralAndAdministrativeExpenses": 0,
        "otherExpenses": 0,
        "operatingExpenses": 0,
        "costAndExpenses": 0,
        "interestIncome": 0,
        "interestExpense": 0,
        "depreciationAndAmortization": -112300000,
        "ebitda": 3000000,
        "ebitdaratio": 0.0260190807,
        "operatingIncome": 115300000,
        "operatingIncomeRatio": 1,
        "totalOtherIncomeExpensesNet": 0,
        "incomeBeforeTax": 0,
        "incomeBeforeTaxRatio": 0,
        "incomeTaxExpense": 112300000,
        "netIncome": 3000000,
        "netIncomeRatio": 0.0260190807,
        "eps": 0.0459,
        "epsdiluted": 0.0459,
        "weightedAverageShsOut": 65347849,
        "weightedAverageShsOutDil": 65347849,
        "link": "",
        "finalLink": ""
    },
    {
        "date": "1986-06-30",
        "symbol": "KSU",
        "reportedCurrency": "USD",
        "cik": "0000054480",
        "fillingDate": "1986-06-30",
        "acceptedDate": "1986-06-29 20:00:00",
        "calendarYear": "1986",
        "period": "Q2",
        "revenue": 111200000,
        "costOfRevenue": 0,
        "grossProfit": 111200000,
        "grossProfitRatio": 1,
        "researchAndDevelopmentExpenses": 0,
        "generalAndAdministrativeExpenses": 0,
        "sellingAndMarketingExpenses": 0,
        "sellingGeneralAndAdministrativeExpenses": 0,
        "otherExpenses": 0,
        "operatingExpenses": 0,
        "costAndExpenses": 0,
        "interestIncome": 0,
        "interestExpense": 0,
        "depreciationAndAmortization": -122900000,
        "ebitda": -11700000,
        "ebitdaratio": -0.1052158273,
        "operatingIncome": 111200000,
        "operatingIncomeRatio": 1,
        "totalOtherIncomeExpensesNet": 0,
        "incomeBeforeTax": 0,
        "incomeBeforeTaxRatio": 0,
        "incomeTaxExpense": 122900000,
        "netIncome": -11700000,
        "netIncomeRatio": -0.1052158273,
        "eps": -0.18,
        "epsdiluted": -0.18,
        "weightedAverageShsOut": 65347849,
        "weightedAverageShsOutDil": 65347849,
        "link": "",
        "finalLink": ""
    },
    {
        "date": "1986-03-31",
        "symbol": "KSU",
        "reportedCurrency": "USD",
        "cik": "0000054480",
        "fillingDate": "1986-03-31",
        "acceptedDate": "1986-03-30 19:00:00",
        "calendarYear": "1986",
        "period": "Q1",
        "revenue": 124000000,
        "costOfRevenue": 0,
        "grossProfit": 124000000,
        "grossProfitRatio": 1,
        "researchAndDevelopmentExpenses": 0,
        "generalAndAdministrativeExpenses": 0,
        "sellingAndMarketingExpenses": 0,
        "sellingGeneralAndAdministrativeExpenses": 0,
        "otherExpenses": 0,
        "operatingExpenses": 0,
        "costAndExpenses": 0,
        "interestIncome": 0,
        "interestExpense": 0,
        "depreciationAndAmortization": -119500000,
        "ebitda": 4500000,
        "ebitdaratio": 0.0362903226,
        "operatingIncome": 124000000,
        "operatingIncomeRatio": 1,
        "totalOtherIncomeExpensesNet": 0,
        "incomeBeforeTax": 0,
        "incomeBeforeTaxRatio": 0,
        "incomeTaxExpense": 119500000,
        "netIncome": 4500000,
        "netIncomeRatio": 0.0362903226,
        "eps": 0.0689,
        "epsdiluted": 0.0689,
        "weightedAverageShsOut": 65347849,
        "weightedAverageShsOutDil": 65347849,
        "link": "",
        "finalLink": ""
    },
    {
        "date": "1985-12-31",
        "symbol": "KSU",
        "reportedCurrency": "USD",
        "cik": "0000054480",
        "fillingDate": "1985-12-31",
        "acceptedDate": "1985-12-30 19:00:00",
        "calendarYear": "1985",
        "period": "Q4",
        "revenue": 120900000,
        "costOfRevenue": 0,
        "grossProfit": 120900000,
        "grossProfitRatio": 1,
        "researchAndDevelopmentExpenses": 0,
        "generalAndAdministrativeExpenses": 0,
        "sellingAndMarketingExpenses": 0,
        "sellingGeneralAndAdministrativeExpenses": 0,
        "otherExpenses": -408800000,
        "operatingExpenses": -408800000,
        "costAndExpenses": -408800000,
        "interestIncome": 0,
        "interestExpense": 0,
        "depreciationAndAmortization": 293300000,
        "ebitda": 5400000,
        "ebitdaratio": 0.0446650124,
        "operatingIncome": -287900000,
        "operatingIncomeRatio": -2.3813068652,
        "totalOtherIncomeExpensesNet": 0,
        "incomeBeforeTax": 0,
        "incomeBeforeTaxRatio": 0,
        "incomeTaxExpense": -293300000,
        "netIncome": 5400000,
        "netIncomeRatio": 0.0446650124,
        "eps": 0.0826,
        "epsdiluted": 0.0826,
        "weightedAverageShsOut": 65347849,
        "weightedAverageShsOutDil": 65347849,
        "link": "",
        "finalLink": ""
    },
    {
        "date": "1985-09-30",
        "symbol": "KSU",
        "reportedCurrency": "USD",
        "cik": "0000054480",
        "fillingDate": "1985-09-30",
        "acceptedDate": "1985-09-29 20:00:00",
        "calendarYear": "1985",
        "period": "Q3",
        "revenue": 119300000,
        "costOfRevenue": 0,
        "grossProfit": 119300000,
        "grossProfitRatio": 1,
        "researchAndDevelopmentExpenses": 0,
        "generalAndAdministrativeExpenses": 0,
        "sellingAndMarketingExpenses": 0,
        "sellingGeneralAndAdministrativeExpenses": 0,
        "otherExpenses": 0,
        "operatingExpenses": 0,
        "costAndExpenses": 0,
        "interestIncome": 0,
        "interestExpense": 0,
        "depreciationAndAmortization": -107500000,
        "ebitda": 11800000,
        "ebitdaratio": 0.0989103101,
        "operatingIncome": 119300000,
        "operatingIncomeRatio": 1,
        "totalOtherIncomeExpensesNet": 0,
        "incomeBeforeTax": 0,
        "incomeBeforeTaxRatio": 0,
        "incomeTaxExpense": 107500000,
        "netIncome": 11800000,
        "netIncomeRatio": 0.0989103101,
        "eps": 0.18,
        "epsdiluted": 0.18,
        "weightedAverageShsOut": 65347849,
        "weightedAverageShsOutDil": 65347849,
        "link": "",
        "finalLink": ""
    }
]