[
    {
        "date": "2025-09-30",
        "symbol": "LEG",
        "reportedCurrency": "USD",
        "cik": "0000058492",
        "fillingDate": "2025-10-31",
        "acceptedDate": "2025-10-31 12:02:00",
        "calendarYear": "2025",
        "period": "Q3",
        "revenue": 1036400000,
        "costOfRevenue": 846500000,
        "grossProfit": 189900000,
        "grossProfitRatio": 0.183230413,
        "researchAndDevelopmentExpenses": 0,
        "generalAndAdministrativeExpenses": 0,
        "sellingAndMarketingExpenses": 0,
        "sellingGeneralAndAdministrativeExpenses": 0,
        "otherExpenses": 124500000,
        "operatingExpenses": 124500000,
        "costAndExpenses": 971000000,
        "interestIncome": 0,
        "interestExpense": 16700000,
        "depreciationAndAmortization": 29400000,
        "ebitda": 200500000,
        "ebitdaratio": 0.1934581243,
        "operatingIncome": 65400000,
        "operatingIncomeRatio": 0.063103049,
        "totalOtherIncomeExpensesNet": 89000000,
        "incomeBeforeTax": 154400000,
        "incomeBeforeTaxRatio": 0.1489772289,
        "incomeTaxExpense": 27300000,
        "netIncome": 127100000,
        "netIncomeRatio": 0.1226360479,
        "eps": 140.2,
        "epsdiluted": 140.2,
        "weightedAverageShsOut": 907000,
        "weightedAverageShsOutDil": 907000,
        "link": "https://www.sec.gov/Archives/edgar/data/58492/000005849225000604/0000058492-25-000604-index.htm",
        "finalLink": "https://www.sec.gov/Archives/edgar/data/58492/000005849225000604/leg-20250930.htm"
    },
    {
        "date": "2025-06-30",
        "symbol": "LEG",
        "reportedCurrency": "USD",
        "cik": "0000058492",
        "fillingDate": "2025-08-07",
        "acceptedDate": "2025-08-07 15:34:37",
        "calendarYear": "2025",
        "period": "Q2",
        "revenue": 1058000000,
        "costOfRevenue": 869000000,
        "grossProfit": 189000000,
        "grossProfitRatio": 0.1786389414,
        "researchAndDevelopmentExpenses": 0,
        "generalAndAdministrativeExpenses": 0,
        "sellingAndMarketingExpenses": 0,
        "sellingGeneralAndAdministrativeExpenses": 118400000,
        "otherExpenses": 0,
        "operatingExpenses": 118400000,
        "costAndExpenses": 987400000,
        "interestIncome": 1800000,
        "interestExpense": 20500000,
        "depreciationAndAmortization": 29700000,
        "ebitda": 120100000,
        "ebitdaratio": 0.1135160681,
        "operatingIncome": 70600000,
        "operatingIncomeRatio": 0.0667296786,
        "totalOtherIncomeExpensesNet": 1100000,
        "incomeBeforeTax": 71700000,
        "incomeBeforeTaxRatio": 0.0677693762,
        "incomeTaxExpense": 19200000,
        "netIncome": 52500000,
        "netIncomeRatio": 0.0496219282,
        "eps": 0.38,
        "epsdiluted": 0.38,
        "weightedAverageShsOut": 138500000,
        "weightedAverageShsOutDil": 139600000,
        "link": "https://www.sec.gov/Archives/edgar/data/58492/000005849225000458/0000058492-25-000458-index.htm",
        "finalLink": "https://www.sec.gov/Archives/edgar/data/58492/000005849225000458/leg-20250630.htm"
    },
    {
        "date": "2025-03-31",
        "symbol": "LEG",
        "reportedCurrency": "USD",
        "cik": "0000058492",
        "fillingDate": "2025-05-07",
        "acceptedDate": "2025-05-07 15:24:15",
        "calendarYear": "2025",
        "period": "Q1",
        "revenue": 1022100000,
        "costOfRevenue": 832100000,
        "grossProfit": 185000000,
        "grossProfitRatio": 0.1809999022,
        "researchAndDevelopmentExpenses": 0,
        "generalAndAdministrativeExpenses": 0,
        "sellingAndMarketingExpenses": 0,
        "sellingGeneralAndAdministrativeExpenses": 123600000,
        "otherExpenses": -1000000,
        "operatingExpenses": 122600000,
        "costAndExpenses": 954200000,
        "interestIncome": 0,
        "interestExpense": 17800000,
        "depreciationAndAmortization": 31600000,
        "ebitda": 94500000,
        "ebitdaratio": 0.0924567068,
        "operatingIncome": 61400000,
        "operatingIncomeRatio": 0.0600724,
        "totalOtherIncomeExpensesNet": -16300000,
        "incomeBeforeTax": 45100000,
        "incomeBeforeTaxRatio": 0.044124841,
        "incomeTaxExpense": 14500000,
        "netIncome": 30600000,
        "netIncomeRatio": 0.0299383622,
        "eps": 0.22,
        "epsdiluted": 0.22,
        "weightedAverageShsOut": 137800000,
        "weightedAverageShsOutDil": 138600000,
        "link": "https://www.sec.gov/Archives/edgar/data/58492/000005849225000316/0000058492-25-000316-index.htm",
        "finalLink": "https://www.sec.gov/Archives/edgar/data/58492/000005849225000316/leg-20250331.htm"
    },
    {
        "date": "2024-12-31",
        "symbol": "LEG",
        "reportedCurrency": "USD",
        "cik": "0000058492",
        "fillingDate": "2025-02-26",
        "acceptedDate": "2025-02-26 15:47:10",
        "calendarYear": "2024",
        "period": "Q4",
        "revenue": 1057000000,
        "costOfRevenue": 880800000,
        "grossProfit": 176200000,
        "grossProfitRatio": 0.1666982025,
        "researchAndDevelopmentExpenses": 0,
        "generalAndAdministrativeExpenses": 0,
        "sellingAndMarketingExpenses": 5000000,
        "sellingGeneralAndAdministrativeExpenses": 122600000,
        "otherExpenses": 7000000,
        "operatingExpenses": 129600000,
        "costAndExpenses": 1000200000,
        "interestIncome": 2200000,
        "interestExpense": 20900000,
        "depreciationAndAmortization": 34100000,
        "ebitda": 80000000,
        "ebitdaratio": 0.0756859035,
        "operatingIncome": 46000000,
        "operatingIncomeRatio": 0.0435193945,
        "totalOtherIncomeExpensesNet": -21000000,
        "incomeBeforeTax": 25000000,
        "incomeBeforeTaxRatio": 0.0236518448,
        "incomeTaxExpense": 10800000,
        "netIncome": 14200000,
        "netIncomeRatio": 0.0134342479,
        "eps": 0.1,
        "epsdiluted": 0.1,
        "weightedAverageShsOut": 137400000,
        "weightedAverageShsOutDil": 138000000,
        "link": "https://www.sec.gov/Archives/edgar/data/58492/000005849225000136/0000058492-25-000136-index.htm",
        "finalLink": "https://www.sec.gov/Archives/edgar/data/58492/000005849225000136/leg-20241231.htm"
    },
    {
        "date": "2024-09-30",
        "symbol": "LEG",
        "reportedCurrency": "USD",
        "cik": "0000058492",
        "fillingDate": "2024-11-07",
        "acceptedDate": "2024-11-07 15:30:13",
        "calendarYear": "2024",
        "period": "Q3",
        "revenue": 1101700000,
        "costOfRevenue": 908300000,
        "grossProfit": 193400000,
        "grossProfitRatio": 0.1755468821,
        "researchAndDevelopmentExpenses": 0,
        "generalAndAdministrativeExpenses": 0,
        "sellingAndMarketingExpenses": 0,
        "sellingGeneralAndAdministrativeExpenses": 127000000,
        "otherExpenses": 0,
        "operatingExpenses": 127000000,
        "costAndExpenses": 1035300000,
        "interestIncome": 1000000,
        "interestExpense": 20000000,
        "depreciationAndAmortization": 35100000,
        "ebitda": 114100000,
        "ebitdaratio": 0.1035672143,
        "operatingIncome": 66400000,
        "operatingIncomeRatio": 0.0602704911,
        "totalOtherIncomeExpensesNet": -8700000,
        "incomeBeforeTax": 57700000,
        "incomeBeforeTaxRatio": 0.0523736044,
        "incomeTaxExpense": 12800000,
        "netIncome": 44900000,
        "netIncomeRatio": 0.0407551965,
        "eps": 0.33,
        "epsdiluted": 0.33,
        "weightedAverageShsOut": 137400000,
        "weightedAverageShsOutDil": 138000000,
        "link": "https://www.sec.gov/Archives/edgar/data/58492/000005849224000648/0000058492-24-000648-index.htm",
        "finalLink": "https://www.sec.gov/Archives/edgar/data/58492/000005849224000648/leg-20240930.htm"
    },
    {
        "date": "2024-06-30",
        "symbol": "LEG",
        "reportedCurrency": "USD",
        "cik": "0000058492",
        "fillingDate": "2024-08-07",
        "acceptedDate": "2024-08-07 15:08:14",
        "calendarYear": "2024",
        "period": "Q2",
        "revenue": 1129200000,
        "costOfRevenue": 944700000,
        "grossProfit": 184500000,
        "grossProfitRatio": 0.1633900106,
        "researchAndDevelopmentExpenses": 0,
        "generalAndAdministrativeExpenses": 131100000,
        "sellingAndMarketingExpenses": -4500000,
        "sellingGeneralAndAdministrativeExpenses": 126600000,
        "otherExpenses": 0,
        "operatingExpenses": 126600000,
        "costAndExpenses": 1071300000,
        "interestIncome": 2400000,
        "interestExpense": 22400000,
        "depreciationAndAmortization": 32700000,
        "ebitda": -579100000,
        "ebitdaratio": -0.5128409493,
        "operatingIncome": 57900000,
        "operatingIncomeRatio": 0.0512752391,
        "totalOtherIncomeExpensesNet": -692200000,
        "incomeBeforeTax": -634300000,
        "incomeBeforeTaxRatio": -0.5617251151,
        "incomeTaxExpense": -32200000,
        "netIncome": -602200000,
        "netIncomeRatio": -0.53329791,
        "eps": -4.39,
        "epsdiluted": -4.39,
        "weightedAverageShsOut": 137300000,
        "weightedAverageShsOutDil": 137300000,
        "link": "https://www.sec.gov/Archives/edgar/data/58492/000005849224000501/0000058492-24-000501-index.htm",
        "finalLink": "https://www.sec.gov/Archives/edgar/data/58492/000005849224000501/leg-20240630.htm"
    },
    {
        "date": "2024-03-31",
        "symbol": "LEG",
        "reportedCurrency": "USD",
        "cik": "0000058492",
        "fillingDate": "2024-05-08",
        "acceptedDate": "2024-05-08 15:40:36",
        "calendarYear": "2024",
        "period": "Q1",
        "revenue": 1097000000,
        "costOfRevenue": 912600000,
        "grossProfit": 184400000,
        "grossProfitRatio": 0.168094804,
        "researchAndDevelopmentExpenses": 0,
        "generalAndAdministrativeExpenses": 125900000,
        "sellingAndMarketingExpenses": -500000,
        "sellingGeneralAndAdministrativeExpenses": 125400000,
        "otherExpenses": 0,
        "operatingExpenses": 125400000,
        "costAndExpenses": 1038000000,
        "interestIncome": 1000000,
        "interestExpense": 21600000,
        "depreciationAndAmortization": 32800000,
        "ebitda": 96900000,
        "ebitdaratio": 0.088331814,
        "operatingIncome": 59000000,
        "operatingIncomeRatio": 0.0537830447,
        "totalOtherIncomeExpensesNet": -16600000,
        "incomeBeforeTax": 42400000,
        "incomeBeforeTaxRatio": 0.038650866,
        "incomeTaxExpense": 10800000,
        "netIncome": 31600000,
        "netIncomeRatio": 0.0288058341,
        "eps": 0.23,
        "epsdiluted": 0.23,
        "weightedAverageShsOut": 136800000,
        "weightedAverageShsOutDil": 137300000,
        "link": "https://www.sec.gov/Archives/edgar/data/58492/000005849224000338/0000058492-24-000338-index.htm",
        "finalLink": "https://www.sec.gov/Archives/edgar/data/58492/000005849224000338/leg-20240331.htm"
    },
    {
        "date": "2023-12-31",
        "symbol": "LEG",
        "reportedCurrency": "USD",
        "cik": "0000058492",
        "fillingDate": "2024-02-27",
        "acceptedDate": "2024-02-27 15:35:57",
        "calendarYear": "2023",
        "period": "Q4",
        "revenue": 1115100000,
        "costOfRevenue": 932700000,
        "grossProfit": 182400000,
        "grossProfitRatio": 0.1635727737,
        "researchAndDevelopmentExpenses": 0,
        "generalAndAdministrativeExpenses": 121100000,
        "sellingAndMarketingExpenses": 0,
        "sellingGeneralAndAdministrativeExpenses": 121100000,
        "otherExpenses": 0,
        "operatingExpenses": 121100000,
        "costAndExpenses": 1053800000,
        "interestIncome": 1700000,
        "interestExpense": 21200000,
        "depreciationAndAmortization": 44800000,
        "ebitda": -320300000,
        "ebitdaratio": -0.2872388127,
        "operatingIncome": 61300000,
        "operatingIncomeRatio": 0.0549726482,
        "totalOtherIncomeExpensesNet": -447600000,
        "incomeBeforeTax": -386300000,
        "incomeBeforeTaxRatio": -0.3464263295,
        "incomeTaxExpense": -88900000,
        "netIncome": -297500000,
        "netIncomeRatio": -0.2667922159,
        "eps": -2.18,
        "epsdiluted": -2.18,
        "weightedAverageShsOut": 136500000,
        "weightedAverageShsOutDil": 136500000,
        "link": "https://www.sec.gov/Archives/edgar/data/58492/000005849224000174/0000058492-24-000174-index.htm",
        "finalLink": "https://www.sec.gov/Archives/edgar/data/58492/000005849224000174/leg-20231231.htm"
    },
    {
        "date": "2023-09-30",
        "symbol": "LEG",
        "reportedCurrency": "USD",
        "cik": "0000058492",
        "fillingDate": "2023-11-07",
        "acceptedDate": "2023-11-07 14:40:04",
        "calendarYear": "2023",
        "period": "Q3",
        "revenue": 1175400000,
        "costOfRevenue": 961100000,
        "grossProfit": 214300000,
        "grossProfitRatio": 0.182320912,
        "researchAndDevelopmentExpenses": 0,
        "generalAndAdministrativeExpenses": 109100000,
        "sellingAndMarketingExpenses": 0,
        "sellingGeneralAndAdministrativeExpenses": 109100000,
        "otherExpenses": 17900000,
        "operatingExpenses": 127000000,
        "costAndExpenses": 1088100000,
        "interestIncome": 1500000,
        "interestExpense": 22000000,
        "depreciationAndAmortization": 44900000,
        "ebitda": 137300000,
        "ebitdaratio": 0.1168112983,
        "operatingIncome": 87300000,
        "operatingIncomeRatio": 0.0742725881,
        "totalOtherIncomeExpensesNet": -16400000,
        "incomeBeforeTax": 70900000,
        "incomeBeforeTaxRatio": 0.0603198911,
        "incomeTaxExpense": 18000000,
        "netIncome": 52800000,
        "netIncomeRatio": 0.044920878,
        "eps": 0.39,
        "epsdiluted": 0.39,
        "weightedAverageShsOut": 136400000,
        "weightedAverageShsOutDil": 136800000,
        "link": "https://www.sec.gov/Archives/edgar/data/58492/000005849223000030/0000058492-23-000030-index.htm",
        "finalLink": "https://www.sec.gov/Archives/edgar/data/58492/000005849223000030/leg-20230930.htm"
    },
    {
        "date": "2023-06-30",
        "symbol": "LEG",
        "reportedCurrency": "USD",
        "cik": "0000058492",
        "fillingDate": "2023-08-08",
        "acceptedDate": "2023-08-08 15:27:26",
        "calendarYear": "2023",
        "period": "Q2",
        "revenue": 1221200000,
        "costOfRevenue": 1000100000,
        "grossProfit": 221100000,
        "grossProfitRatio": 0.1810514248,
        "researchAndDevelopmentExpenses": 0,
        "generalAndAdministrativeExpenses": 119200000,
        "sellingAndMarketingExpenses": 0,
        "sellingGeneralAndAdministrativeExpenses": 119200000,
        "otherExpenses": 10600000,
        "operatingExpenses": 136000000,
        "costAndExpenses": 1136100000,
        "interestIncome": 1100000,
        "interestExpense": 23100000,
        "depreciationAndAmortization": 43600000,
        "ebitda": 140500000,
        "ebitdaratio": 0.1150507697,
        "operatingIncome": 95700000,
        "operatingIncomeRatio": 0.0783655421,
        "totalOtherIncomeExpensesNet": -28200000,
        "incomeBeforeTax": 73700000,
        "incomeBeforeTaxRatio": 0.0603504749,
        "incomeTaxExpense": 19500000,
        "netIncome": 54200000,
        "netIncomeRatio": 0.0443825745,
        "eps": 0.4,
        "epsdiluted": 0.4,
        "weightedAverageShsOut": 136200000,
        "weightedAverageShsOutDil": 136600000,
        "link": "https://www.sec.gov/Archives/edgar/data/58492/000005849223000027/0000058492-23-000027-index.htm",
        "finalLink": "https://www.sec.gov/Archives/edgar/data/58492/000005849223000027/leg-20230630.htm"
    },
    {
        "date": "2023-03-31",
        "symbol": "LEG",
        "reportedCurrency": "USD",
        "cik": "0000058492",
        "fillingDate": "2023-05-04",
        "acceptedDate": "2023-05-04 15:12:08",
        "calendarYear": "2023",
        "period": "Q1",
        "revenue": 1213600000,
        "costOfRevenue": 995000000,
        "grossProfit": 218600000,
        "grossProfitRatio": 0.1801252472,
        "researchAndDevelopmentExpenses": 0,
        "generalAndAdministrativeExpenses": 116000000,
        "sellingAndMarketingExpenses": 0,
        "sellingGeneralAndAdministrativeExpenses": 116000000,
        "otherExpenses": 102600000,
        "operatingExpenses": 218600000,
        "costAndExpenses": 1124300000,
        "interestIncome": 1100000,
        "interestExpense": 22100000,
        "depreciationAndAmortization": 45400000,
        "ebitda": 130000000,
        "ebitdaratio": 0.1071193144,
        "operatingIncome": 85700000,
        "operatingIncomeRatio": 0.0706163481,
        "totalOtherIncomeExpensesNet": -17400000,
        "incomeBeforeTax": 68300000,
        "incomeBeforeTaxRatio": 0.0562788398,
        "incomeTaxExpense": 14800000,
        "netIncome": 53500000,
        "netIncomeRatio": 0.0440837179,
        "eps": 0.39,
        "epsdiluted": 0.39,
        "weightedAverageShsOut": 137179487,
        "weightedAverageShsOutDil": 136300000,
        "link": "https://www.sec.gov/Archives/edgar/data/58492/000005849223000015/0000058492-23-000015-index.htm",
        "finalLink": "https://www.sec.gov/Archives/edgar/data/58492/000005849223000015/leg-20230331.htm"
    },
    {
        "date": "2022-12-31",
        "symbol": "LEG",
        "reportedCurrency": "USD",
        "cik": "0000058492",
        "fillingDate": "2023-02-24",
        "acceptedDate": "2023-02-24 11:40:02",
        "calendarYear": "2022",
        "period": "Q4",
        "revenue": 1195800000,
        "costOfRevenue": 985200000,
        "grossProfit": 210600000,
        "grossProfitRatio": 0.1761164074,
        "researchAndDevelopmentExpenses": 0,
        "generalAndAdministrativeExpenses": 0,
        "sellingAndMarketingExpenses": 0,
        "sellingGeneralAndAdministrativeExpenses": 109800000,
        "otherExpenses": 16800000,
        "operatingExpenses": 126600000,
        "costAndExpenses": 1111800000,
        "interestIncome": 1000000,
        "interestExpense": 23200000,
        "depreciationAndAmortization": 42700000,
        "ebitda": 130900000,
        "ebitdaratio": 0.109466466,
        "operatingIncome": 91200000,
        "operatingIncomeRatio": 0.0762669343,
        "totalOtherIncomeExpensesNet": -15000000,
        "incomeBeforeTax": 69000000,
        "incomeBeforeTaxRatio": 0.0577019568,
        "incomeTaxExpense": 16200000,
        "netIncome": 52800000,
        "netIncomeRatio": 0.0441545409,
        "eps": 0.39,
        "epsdiluted": 0.39,
        "weightedAverageShsOut": 135800000,
        "weightedAverageShsOutDil": 136100000,
        "link": "https://www.sec.gov/Archives/edgar/data/58492/000005849223000003/0000058492-23-000003-index.htm",
        "finalLink": "https://www.sec.gov/Archives/edgar/data/58492/000005849223000003/leg-20221231.htm"
    },
    {
        "date": "2022-09-30",
        "symbol": "LEG",
        "reportedCurrency": "USD",
        "cik": "0000058492",
        "fillingDate": "2022-11-03",
        "acceptedDate": "2022-11-03 14:33:37",
        "calendarYear": "2022",
        "period": "Q3",
        "revenue": 1294400000,
        "costOfRevenue": 1063900000,
        "grossProfit": 230500000,
        "grossProfitRatio": 0.1780747837,
        "researchAndDevelopmentExpenses": 0,
        "generalAndAdministrativeExpenses": 0,
        "sellingAndMarketingExpenses": 0,
        "sellingGeneralAndAdministrativeExpenses": 100400000,
        "otherExpenses": 16600000,
        "operatingExpenses": 117000000,
        "costAndExpenses": 1180900000,
        "interestIncome": 800000,
        "interestExpense": 20500000,
        "depreciationAndAmortization": 44100000,
        "ebitda": 157300000,
        "ebitdaratio": 0.1215234858,
        "operatingIncome": 113200000,
        "operatingIncomeRatio": 0.0874536465,
        "totalOtherIncomeExpensesNet": -19800000,
        "incomeBeforeTax": 93500000,
        "incomeBeforeTaxRatio": 0.0722342398,
        "incomeTaxExpense": 22000000,
        "netIncome": 71400000,
        "netIncomeRatio": 0.0551606922,
        "eps": 0.53,
        "epsdiluted": 0.52,
        "weightedAverageShsOut": 135700000,
        "weightedAverageShsOutDil": 136100000,
        "link": "https://www.sec.gov/Archives/edgar/data/58492/000005849222000024/0000058492-22-000024-index.htm",
        "finalLink": "https://www.sec.gov/Archives/edgar/data/58492/000005849222000024/leg-20220930.htm"
    },
    {
        "date": "2022-06-30",
        "symbol": "LEG",
        "reportedCurrency": "USD",
        "cik": "0000058492",
        "fillingDate": "2022-08-04",
        "acceptedDate": "2022-08-04 14:31:33",
        "calendarYear": "2022",
        "period": "Q2",
        "revenue": 1334200000,
        "costOfRevenue": 1065800000,
        "grossProfit": 268400000,
        "grossProfitRatio": 0.20116924,
        "researchAndDevelopmentExpenses": 0,
        "generalAndAdministrativeExpenses": 0,
        "sellingAndMarketingExpenses": 0,
        "sellingGeneralAndAdministrativeExpenses": 105400000,
        "otherExpenses": -3600000,
        "operatingExpenses": 121800000,
        "costAndExpenses": 1187600000,
        "interestIncome": 1100000,
        "interestExpense": 21100000,
        "depreciationAndAmortization": 44200000,
        "ebitda": 187400000,
        "ebitdaratio": 0.1404587018,
        "operatingIncome": 141400000,
        "operatingIncomeRatio": 0.1059811123,
        "totalOtherIncomeExpensesNet": -18400000,
        "incomeBeforeTax": 123000000,
        "incomeBeforeTaxRatio": 0.0921900765,
        "incomeTaxExpense": 27800000,
        "netIncome": 95200000,
        "netIncomeRatio": 0.0713536201,
        "eps": 0.7,
        "epsdiluted": 0.7,
        "weightedAverageShsOut": 136300000,
        "weightedAverageShsOutDil": 136700000,
        "link": "https://www.sec.gov/Archives/edgar/data/58492/000005849222000020/0000058492-22-000020-index.htm",
        "finalLink": "https://www.sec.gov/Archives/edgar/data/58492/000005849222000020/leg-20220630.htm"
    },
    {
        "date": "2022-03-31",
        "symbol": "LEG",
        "reportedCurrency": "USD",
        "cik": "0000058492",
        "fillingDate": "2022-05-05",
        "acceptedDate": "2022-05-05 15:09:03",
        "calendarYear": "2022",
        "period": "Q1",
        "revenue": 1322300000,
        "costOfRevenue": 1055000000,
        "grossProfit": 267300000,
        "grossProfitRatio": 0.2021477728,
        "researchAndDevelopmentExpenses": 0,
        "generalAndAdministrativeExpenses": 0,
        "sellingAndMarketingExpenses": 0,
        "sellingGeneralAndAdministrativeExpenses": 111700000,
        "otherExpenses": 17000000,
        "operatingExpenses": 128700000,
        "costAndExpenses": 1183700000,
        "interestIncome": 1200000,
        "interestExpense": 20700000,
        "depreciationAndAmortization": 45200000,
        "ebitda": 183100000,
        "ebitdaratio": 0.1384708463,
        "operatingIncome": 137600000,
        "operatingIncomeRatio": 0.1040611056,
        "totalOtherIncomeExpensesNet": -19100000,
        "incomeBeforeTax": 118100000,
        "incomeBeforeTaxRatio": 0.089314074,
        "incomeTaxExpense": 27700000,
        "netIncome": 90400000,
        "netIncomeRatio": 0.0683657264,
        "eps": 0.66,
        "epsdiluted": 0.66,
        "weightedAverageShsOut": 136600000,
        "weightedAverageShsOutDil": 136900000,
        "link": "https://www.sec.gov/Archives/edgar/data/58492/000005849222000013/0000058492-22-000013-index.htm",
        "finalLink": "https://www.sec.gov/Archives/edgar/data/58492/000005849222000013/leg-20220331.htm"
    },
    {
        "date": "2021-12-31",
        "symbol": "LEG",
        "reportedCurrency": "USD",
        "cik": "0000058492",
        "fillingDate": "2022-02-22",
        "acceptedDate": "2022-02-22 15:23:36",
        "calendarYear": "2021",
        "period": "Q4",
        "revenue": 1332900000,
        "costOfRevenue": 1067500000,
        "grossProfit": 265400000,
        "grossProfitRatio": 0.1991147123,
        "researchAndDevelopmentExpenses": 0,
        "generalAndAdministrativeExpenses": 0,
        "sellingAndMarketingExpenses": 0,
        "sellingGeneralAndAdministrativeExpenses": 99600000,
        "otherExpenses": 2300000,
        "operatingExpenses": 115500000,
        "costAndExpenses": 1183000000,
        "interestIncome": 300000,
        "interestExpense": 18700000,
        "depreciationAndAmortization": 46500000,
        "ebitda": 196500000,
        "ebitdaratio": 0.1474229124,
        "operatingIncome": 152400000,
        "operatingIncomeRatio": 0.1143371596,
        "totalOtherIncomeExpensesNet": -16100000,
        "incomeBeforeTax": 133800000,
        "incomeBeforeTaxRatio": 0.1003826244,
        "incomeTaxExpense": 28200000,
        "netIncome": 105500000,
        "netIncomeRatio": 0.079150724,
        "eps": 0.77,
        "epsdiluted": 0.77,
        "weightedAverageShsOut": 136500000,
        "weightedAverageShsOutDil": 137000000,
        "link": "https://www.sec.gov/Archives/edgar/data/58492/000005849222000009/0000058492-22-000009-index.htm",
        "finalLink": "https://www.sec.gov/Archives/edgar/data/58492/000005849222000009/leg-20211231.htm"
    },
    {
        "date": "2021-09-30",
        "symbol": "LEG",
        "reportedCurrency": "USD",
        "cik": "0000058492",
        "fillingDate": "2021-11-05",
        "acceptedDate": "2021-11-05 10:37:36",
        "calendarYear": "2021",
        "period": "Q3",
        "revenue": 1319200000,
        "costOfRevenue": 1063100000,
        "grossProfit": 256100000,
        "grossProfitRatio": 0.1941328078,
        "researchAndDevelopmentExpenses": 0,
        "generalAndAdministrativeExpenses": 0,
        "sellingAndMarketingExpenses": 0,
        "sellingGeneralAndAdministrativeExpenses": 103600000,
        "otherExpenses": 9500000,
        "operatingExpenses": 121400000,
        "costAndExpenses": 1184500000,
        "interestIncome": 600000,
        "interestExpense": 19000000,
        "depreciationAndAmortization": 46800000,
        "ebitda": 190500000,
        "ebitdaratio": 0.1444057004,
        "operatingIncome": 134700000,
        "operatingIncomeRatio": 0.1021073378,
        "totalOtherIncomeExpensesNet": -8900000,
        "incomeBeforeTax": 125800000,
        "incomeBeforeTaxRatio": 0.0953608247,
        "incomeTaxExpense": 28600000,
        "netIncome": 97200000,
        "netIncomeRatio": 0.0736810188,
        "eps": 0.71,
        "epsdiluted": 0.71,
        "weightedAverageShsOut": 136400000,
        "weightedAverageShsOutDil": 136900000,
        "link": "https://www.sec.gov/Archives/edgar/data/58492/000005849221000042/0000058492-21-000042-index.htm",
        "finalLink": "https://www.sec.gov/Archives/edgar/data/58492/000005849221000042/leg-20210930.htm"
    },
    {
        "date": "2021-06-30",
        "symbol": "LEG",
        "reportedCurrency": "USD",
        "cik": "0000058492",
        "fillingDate": "2021-08-05",
        "acceptedDate": "2021-08-05 14:45:38",
        "calendarYear": "2021",
        "period": "Q2",
        "revenue": 1269600000,
        "costOfRevenue": 1000300000,
        "grossProfit": 269300000,
        "grossProfitRatio": 0.2121140517,
        "researchAndDevelopmentExpenses": 0,
        "generalAndAdministrativeExpenses": 0,
        "sellingAndMarketingExpenses": 0,
        "sellingGeneralAndAdministrativeExpenses": 112600000,
        "otherExpenses": 33200000,
        "operatingExpenses": 130600000,
        "costAndExpenses": 1130900000,
        "interestIncome": 800000,
        "interestExpense": 19500000,
        "depreciationAndAmortization": 47300000,
        "ebitda": 218800000,
        "ebitdaratio": 0.1723377442,
        "operatingIncome": 138700000,
        "operatingIncomeRatio": 0.1092470069,
        "totalOtherIncomeExpensesNet": 14500000,
        "incomeBeforeTax": 153200000,
        "incomeBeforeTaxRatio": 0.1206679269,
        "incomeTaxExpense": 40900000,
        "netIncome": 112200000,
        "netIncomeRatio": 0.0883742911,
        "eps": 0.82,
        "epsdiluted": 0.82,
        "weightedAverageShsOut": 136300000,
        "weightedAverageShsOutDil": 136800000,
        "link": "https://www.sec.gov/Archives/edgar/data/58492/000005849221000038/0000058492-21-000038-index.htm",
        "finalLink": "https://www.sec.gov/Archives/edgar/data/58492/000005849221000038/leg-20210630.htm"
    },
    {
        "date": "2021-03-31",
        "symbol": "LEG",
        "reportedCurrency": "USD",
        "cik": "0000058492",
        "fillingDate": "2021-05-06",
        "acceptedDate": "2021-05-06 13:56:42",
        "calendarYear": "2021",
        "period": "Q1",
        "revenue": 1150900000,
        "costOfRevenue": 903400000,
        "grossProfit": 247500000,
        "grossProfitRatio": 0.215049092,
        "researchAndDevelopmentExpenses": 0,
        "generalAndAdministrativeExpenses": 0,
        "sellingAndMarketingExpenses": 0,
        "sellingGeneralAndAdministrativeExpenses": 106300000,
        "otherExpenses": 2300000,
        "operatingExpenses": 122100000,
        "costAndExpenses": 1025500000,
        "interestIncome": 900000,
        "interestExpense": 19300000,
        "depreciationAndAmortization": 44900000,
        "ebitda": 172400000,
        "ebitdaratio": 0.149795812,
        "operatingIncome": 125400000,
        "operatingIncomeRatio": 0.1089582066,
        "totalOtherIncomeExpensesNet": -16100000,
        "incomeBeforeTax": 109300000,
        "incomeBeforeTaxRatio": 0.0949691546,
        "incomeTaxExpense": 21800000,
        "netIncome": 87500000,
        "netIncomeRatio": 0.0760274568,
        "eps": 0.64,
        "epsdiluted": 0.64,
        "weightedAverageShsOut": 136000000,
        "weightedAverageShsOutDil": 136300000,
        "link": "https://www.sec.gov/Archives/edgar/data/58492/000005849221000015/0000058492-21-000015-index.htm",
        "finalLink": "https://www.sec.gov/Archives/edgar/data/58492/000005849221000015/leg-20210331.htm"
    },
    {
        "date": "2020-12-31",
        "symbol": "LEG",
        "reportedCurrency": "USD",
        "cik": "0000058492",
        "fillingDate": "2021-02-24",
        "acceptedDate": "2021-02-24 17:02:57",
        "calendarYear": "2020",
        "period": "Q4",
        "revenue": 1182000000,
        "costOfRevenue": 923400000,
        "grossProfit": 258600000,
        "grossProfitRatio": 0.2187817259,
        "researchAndDevelopmentExpenses": 0,
        "generalAndAdministrativeExpenses": 103800000,
        "sellingAndMarketingExpenses": 0,
        "sellingGeneralAndAdministrativeExpenses": 103800000,
        "otherExpenses": 11200000,
        "operatingExpenses": 120100000,
        "costAndExpenses": 1043500000,
        "interestIncome": 700000,
        "interestExpense": 19500000,
        "depreciationAndAmortization": 48400000,
        "ebitda": 197700000,
        "ebitdaratio": 0.1672588832,
        "operatingIncome": 138500000,
        "operatingIncomeRatio": 0.1171742809,
        "totalOtherIncomeExpensesNet": -21100000,
        "incomeBeforeTax": 130900000,
        "incomeBeforeTaxRatio": 0.1107445008,
        "incomeTaxExpense": 27700000,
        "netIncome": 103200000,
        "netIncomeRatio": 0.0873096447,
        "eps": 0.76,
        "epsdiluted": 0.76,
        "weightedAverageShsOut": 135900000,
        "weightedAverageShsOutDil": 136200000,
        "link": "https://www.sec.gov/Archives/edgar/data/58492/000005849221000005/0000058492-21-000005-index.htm",
        "finalLink": "https://www.sec.gov/Archives/edgar/data/58492/000005849221000005/leg-20201231.htm"
    },
    {
        "date": "2020-09-30",
        "symbol": "LEG",
        "reportedCurrency": "USD",
        "cik": "0000058492",
        "fillingDate": "2020-11-05",
        "acceptedDate": "2020-11-05 16:37:37",
        "calendarYear": "2020",
        "period": "Q3",
        "revenue": 1207600000,
        "costOfRevenue": 940800000,
        "grossProfit": 266800000,
        "grossProfitRatio": 0.2209340841,
        "researchAndDevelopmentExpenses": 0,
        "generalAndAdministrativeExpenses": 0,
        "sellingAndMarketingExpenses": 0,
        "sellingGeneralAndAdministrativeExpenses": 105600000,
        "otherExpenses": 2300000,
        "operatingExpenses": 121800000,
        "costAndExpenses": 1062600000,
        "interestIncome": 500000,
        "interestExpense": 20900000,
        "depreciationAndAmortization": 47000000,
        "ebitda": 197700000,
        "ebitdaratio": 0.16371315,
        "operatingIncome": 145000000,
        "operatingIncomeRatio": 0.1200728718,
        "totalOtherIncomeExpensesNet": -23900000,
        "incomeBeforeTax": 126900000,
        "incomeBeforeTaxRatio": 0.1050844651,
        "incomeTaxExpense": 22000000,
        "netIncome": 104800000,
        "netIncomeRatio": 0.0867837032,
        "eps": 0.77,
        "epsdiluted": 0.77,
        "weightedAverageShsOut": 135800000,
        "weightedAverageShsOutDil": 136100000,
        "link": "https://www.sec.gov/Archives/edgar/data/58492/000005849220000025/0000058492-20-000025-index.htm",
        "finalLink": "https://www.sec.gov/Archives/edgar/data/58492/000005849220000025/leg-20200930.htm"
    },
    {
        "date": "2020-06-30",
        "symbol": "LEG",
        "reportedCurrency": "USD",
        "cik": "0000058492",
        "fillingDate": "2020-08-06",
        "acceptedDate": "2020-08-06 15:38:37",
        "calendarYear": "2020",
        "period": "Q2",
        "revenue": 845100000,
        "costOfRevenue": 698800000,
        "grossProfit": 146300000,
        "grossProfitRatio": 0.1731156076,
        "researchAndDevelopmentExpenses": 0,
        "generalAndAdministrativeExpenses": 97200000,
        "sellingAndMarketingExpenses": 0,
        "sellingGeneralAndAdministrativeExpenses": 97200000,
        "otherExpenses": -10000000,
        "operatingExpenses": 113500000,
        "costAndExpenses": 812300000,
        "interestIncome": 1000000,
        "interestExpense": 21400000,
        "depreciationAndAmortization": 46500000,
        "ebitda": 70200000,
        "ebitdaratio": 0.0830670927,
        "operatingIncome": 32800000,
        "operatingIncomeRatio": 0.0388119749,
        "totalOtherIncomeExpensesNet": -30700000,
        "incomeBeforeTax": 2400000,
        "incomeBeforeTaxRatio": 0.0028399006,
        "incomeTaxExpense": 8500000,
        "netIncome": -6100000,
        "netIncomeRatio": -0.0072180807,
        "eps": -0.045,
        "epsdiluted": -0.045,
        "weightedAverageShsOut": 135700000,
        "weightedAverageShsOutDil": 135700000,
        "link": "https://www.sec.gov/Archives/edgar/data/58492/000005849220000021/0000058492-20-000021-index.htm",
        "finalLink": "https://www.sec.gov/Archives/edgar/data/58492/000005849220000021/leg-20200630.htm"
    },
    {
        "date": "2020-03-31",
        "symbol": "LEG",
        "reportedCurrency": "USD",
        "cik": "0000058492",
        "fillingDate": "2020-05-08",
        "acceptedDate": "2020-05-08 13:06:53",
        "calendarYear": "2020",
        "period": "Q1",
        "revenue": 1045500000,
        "costOfRevenue": 822700000,
        "grossProfit": 222800000,
        "grossProfitRatio": 0.2131037781,
        "researchAndDevelopmentExpenses": 0,
        "generalAndAdministrativeExpenses": 117800000,
        "sellingAndMarketingExpenses": 0,
        "sellingGeneralAndAdministrativeExpenses": 117800000,
        "otherExpenses": -7900000,
        "operatingExpenses": 134200000,
        "costAndExpenses": 956900000,
        "interestIncome": 900000,
        "interestExpense": 20900000,
        "depreciationAndAmortization": 47500000,
        "ebitda": 127000000,
        "ebitdaratio": 0.1214729794,
        "operatingIncome": 88600000,
        "operatingIncomeRatio": 0.0847441416,
        "totalOtherIncomeExpensesNet": -27900000,
        "incomeBeforeTax": 60700000,
        "incomeBeforeTaxRatio": 0.0580583453,
        "incomeTaxExpense": 15000000,
        "netIncome": 45700000,
        "netIncomeRatio": 0.043711143,
        "eps": 0.34,
        "epsdiluted": 0.34,
        "weightedAverageShsOut": 135400000,
        "weightedAverageShsOutDil": 135600000,
        "link": "https://www.sec.gov/Archives/edgar/data/58492/000005849220000009/0000058492-20-000009-index.htm",
        "finalLink": "https://www.sec.gov/Archives/edgar/data/58492/000005849220000009/leg-20200331.htm"
    },
    {
        "date": "2019-12-31",
        "symbol": "LEG",
        "reportedCurrency": "USD",
        "cik": "0000058492",
        "fillingDate": "2020-02-20",
        "acceptedDate": "2020-02-20 14:07:46",
        "calendarYear": "2019",
        "period": "Q4",
        "revenue": 1144900000,
        "costOfRevenue": 872500000,
        "grossProfit": 272400000,
        "grossProfitRatio": 0.2379247096,
        "researchAndDevelopmentExpenses": 0,
        "generalAndAdministrativeExpenses": 117600000,
        "sellingAndMarketingExpenses": 0,
        "sellingGeneralAndAdministrativeExpenses": 117600000,
        "otherExpenses": -3700000,
        "operatingExpenses": 133600000,
        "costAndExpenses": 1006100000,
        "interestIncome": 1900000,
        "interestExpense": 22200000,
        "depreciationAndAmortization": 47200000,
        "ebitda": -7700000,
        "ebitdaratio": -0.0067254782,
        "operatingIncome": 138800000,
        "operatingIncomeRatio": 0.1212332955,
        "totalOtherIncomeExpensesNet": -24000000,
        "incomeBeforeTax": 114800000,
        "incomeBeforeTaxRatio": 0.100270766,
        "incomeTaxExpense": 27900000,
        "netIncome": 86800000,
        "netIncomeRatio": 0.0758144816,
        "eps": 0.64,
        "epsdiluted": 0.64,
        "weightedAverageShsOut": 135200000,
        "weightedAverageShsOutDil": 135800000,
        "link": "https://www.sec.gov/Archives/edgar/data/58492/000005849220000002/0000058492-20-000002-index.htm",
        "finalLink": "https://www.sec.gov/Archives/edgar/data/58492/000005849220000002/leg201910k.htm"
    },
    {
        "date": "2019-09-30",
        "symbol": "LEG",
        "reportedCurrency": "USD",
        "cik": "0000058492",
        "fillingDate": "2019-11-05",
        "acceptedDate": "2019-11-05 15:24:40",
        "calendarYear": "2019",
        "period": "Q3",
        "revenue": 1239300000,
        "costOfRevenue": 963800000,
        "grossProfit": 275500000,
        "grossProfitRatio": 0.2223029129,
        "researchAndDevelopmentExpenses": 0,
        "generalAndAdministrativeExpenses": 115200000,
        "sellingAndMarketingExpenses": 0,
        "sellingGeneralAndAdministrativeExpenses": 115200000,
        "otherExpenses": 100000,
        "operatingExpenses": 131500000,
        "costAndExpenses": 1095300000,
        "interestIncome": 1500000,
        "interestExpense": 22600000,
        "depreciationAndAmortization": 48400000,
        "ebitda": 194000000,
        "ebitdaratio": 0.1565399822,
        "operatingIncome": 144000000,
        "operatingIncomeRatio": 0.116194626,
        "totalOtherIncomeExpensesNet": -21000000,
        "incomeBeforeTax": 123000000,
        "incomeBeforeTaxRatio": 0.0992495764,
        "incomeTaxExpense": 23400000,
        "netIncome": 99600000,
        "netIncomeRatio": 0.0803679496,
        "eps": 0.74,
        "epsdiluted": 0.74,
        "weightedAverageShsOut": 134900000,
        "weightedAverageShsOutDil": 135400000,
        "link": "https://www.sec.gov/Archives/edgar/data/58492/000005849219000018/0000058492-19-000018-index.htm",
        "finalLink": "https://www.sec.gov/Archives/edgar/data/58492/000005849219000018/legq32019.htm"
    },
    {
        "date": "2019-06-30",
        "symbol": "LEG",
        "reportedCurrency": "USD",
        "cik": "0000058492",
        "fillingDate": "2019-08-06",
        "acceptedDate": "2019-08-06 15:56:20",
        "calendarYear": "2019",
        "period": "Q2",
        "revenue": 1213200000,
        "costOfRevenue": 943500000,
        "grossProfit": 269700000,
        "grossProfitRatio": 0.2223046489,
        "researchAndDevelopmentExpenses": 0,
        "generalAndAdministrativeExpenses": 118300000,
        "sellingAndMarketingExpenses": 0,
        "sellingGeneralAndAdministrativeExpenses": 118300000,
        "otherExpenses": 1500000,
        "operatingExpenses": 135200000,
        "costAndExpenses": 1078700000,
        "interestIncome": 2600000,
        "interestExpense": 24500000,
        "depreciationAndAmortization": 50000000,
        "ebitda": 188600000,
        "ebitdaratio": 0.1554566436,
        "operatingIncome": 134500000,
        "operatingIncomeRatio": 0.1108638312,
        "totalOtherIncomeExpensesNet": -37300000,
        "incomeBeforeTax": 114100000,
        "incomeBeforeTaxRatio": 0.0940487966,
        "incomeTaxExpense": 27800000,
        "netIncome": 86200000,
        "netIncomeRatio": 0.0710517639,
        "eps": 0.64,
        "epsdiluted": 0.64,
        "weightedAverageShsOut": 134700000,
        "weightedAverageShsOutDil": 135200000,
        "link": "https://www.sec.gov/Archives/edgar/data/58492/000005849219000015/0000058492-19-000015-index.htm",
        "finalLink": "https://www.sec.gov/Archives/edgar/data/58492/000005849219000015/legq22019.htm"
    },
    {
        "date": "2019-03-31",
        "symbol": "LEG",
        "reportedCurrency": "USD",
        "cik": "0000058492",
        "fillingDate": "2019-05-07",
        "acceptedDate": "2019-05-07 14:27:45",
        "calendarYear": "2019",
        "period": "Q1",
        "revenue": 1155100000,
        "costOfRevenue": 922100000,
        "grossProfit": 233000000,
        "grossProfitRatio": 0.2017141373,
        "researchAndDevelopmentExpenses": 0,
        "generalAndAdministrativeExpenses": 118600000,
        "sellingAndMarketingExpenses": 0,
        "sellingGeneralAndAdministrativeExpenses": 118600000,
        "otherExpenses": -2100000,
        "operatingExpenses": 132700000,
        "costAndExpenses": 1054800000,
        "interestIncome": 1400000,
        "interestExpense": 21400000,
        "depreciationAndAmortization": 46300000,
        "ebitda": 145900000,
        "ebitdaratio": 0.1263094104,
        "operatingIncome": 100300000,
        "operatingIncomeRatio": 0.0868323089,
        "totalOtherIncomeExpensesNet": -22100000,
        "incomeBeforeTax": 78200000,
        "incomeBeforeTaxRatio": 0.0676997663,
        "incomeTaxExpense": 17100000,
        "netIncome": 61200000,
        "netIncomeRatio": 0.0529824258,
        "eps": 0.46,
        "epsdiluted": 0.45,
        "weightedAverageShsOut": 134400000,
        "weightedAverageShsOutDil": 135000000,
        "link": "https://www.sec.gov/Archives/edgar/data/58492/000005849219000010/0000058492-19-000010-index.htm",
        "finalLink": "https://www.sec.gov/Archives/edgar/data/58492/000005849219000010/legq12019.htm"
    },
    {
        "date": "2018-12-31",
        "symbol": "LEG",
        "reportedCurrency": "USD",
        "cik": "0000058492",
        "fillingDate": "2019-02-27",
        "acceptedDate": "2019-02-27 16:27:37",
        "calendarYear": "2018",
        "period": "Q4",
        "revenue": 1046700000,
        "costOfRevenue": 833500000,
        "grossProfit": 213200000,
        "grossProfitRatio": 0.2036877806,
        "researchAndDevelopmentExpenses": 0,
        "generalAndAdministrativeExpenses": 111900000,
        "sellingAndMarketingExpenses": 0,
        "sellingGeneralAndAdministrativeExpenses": 111900000,
        "otherExpenses": -12100000,
        "operatingExpenses": 117100000,
        "costAndExpenses": 950600000,
        "interestIncome": 1600000,
        "interestExpense": 17400000,
        "depreciationAndAmortization": 35100000,
        "ebitda": 120700000,
        "ebitdaratio": 0.1153147989,
        "operatingIncome": 96100000,
        "operatingIncomeRatio": 0.0918123627,
        "totalOtherIncomeExpensesNet": -27900000,
        "incomeBeforeTax": 68200000,
        "incomeBeforeTaxRatio": 0.0651571606,
        "incomeTaxExpense": 15100000,
        "netIncome": 53000000,
        "netIncomeRatio": 0.0506353301,
        "eps": 0.4,
        "epsdiluted": 0.39,
        "weightedAverageShsOut": 134000000,
        "weightedAverageShsOutDil": 134700000,
        "link": "https://www.sec.gov/Archives/edgar/data/58492/000005849219000004/0000058492-19-000004-index.htm",
        "finalLink": "https://www.sec.gov/Archives/edgar/data/58492/000005849219000004/leg201810k.htm"
    },
    {
        "date": "2018-09-30",
        "symbol": "LEG",
        "reportedCurrency": "USD",
        "cik": "0000058492",
        "fillingDate": "2018-11-07",
        "acceptedDate": "2018-11-07 16:00:08",
        "calendarYear": "2018",
        "period": "Q3",
        "revenue": 1091500000,
        "costOfRevenue": 864400000,
        "grossProfit": 227100000,
        "grossProfitRatio": 0.2080622996,
        "researchAndDevelopmentExpenses": 0,
        "generalAndAdministrativeExpenses": 100700000,
        "sellingAndMarketingExpenses": 0,
        "sellingGeneralAndAdministrativeExpenses": 100700000,
        "otherExpenses": 3200000,
        "operatingExpenses": 105900000,
        "costAndExpenses": 970300000,
        "interestIncome": 2000000,
        "interestExpense": 13100000,
        "depreciationAndAmortization": 33800000,
        "ebitda": 160200000,
        "ebitdaratio": 0.1467704993,
        "operatingIncome": 110100000,
        "operatingIncomeRatio": 0.1008703619,
        "totalOtherIncomeExpensesNet": -7900000,
        "incomeBeforeTax": 113300000,
        "incomeBeforeTaxRatio": 0.1038021072,
        "incomeTaxExpense": 23300000,
        "netIncome": 90000000,
        "netIncomeRatio": 0.0824553367,
        "eps": 0.67,
        "epsdiluted": 0.67,
        "weightedAverageShsOut": 133800000,
        "weightedAverageShsOutDil": 134700000,
        "link": "https://www.sec.gov/Archives/edgar/data/58492/000005849218000014/0000058492-18-000014-index.htm",
        "finalLink": "https://www.sec.gov/Archives/edgar/data/58492/000005849218000014/legq3201810q.htm"
    },
    {
        "date": "2018-06-30",
        "symbol": "LEG",
        "reportedCurrency": "USD",
        "cik": "0000058492",
        "fillingDate": "2018-08-03",
        "acceptedDate": "2018-08-03 13:17:26",
        "calendarYear": "2018",
        "period": "Q2",
        "revenue": 1102500000,
        "costOfRevenue": 871500000,
        "grossProfit": 231000000,
        "grossProfitRatio": 0.2095238095,
        "researchAndDevelopmentExpenses": 0,
        "generalAndAdministrativeExpenses": 107800000,
        "sellingAndMarketingExpenses": 0,
        "sellingGeneralAndAdministrativeExpenses": 107800000,
        "otherExpenses": 3000000,
        "operatingExpenses": 112900000,
        "costAndExpenses": 984400000,
        "interestIncome": 2400000,
        "interestExpense": 16000000,
        "depreciationAndAmortization": 33800000,
        "ebitda": 157300000,
        "ebitdaratio": 0.142675737,
        "operatingIncome": 104500000,
        "operatingIncomeRatio": 0.0947845805,
        "totalOtherIncomeExpensesNet": -10600000,
        "incomeBeforeTax": 107500000,
        "incomeBeforeTaxRatio": 0.0975056689,
        "incomeTaxExpense": 22400000,
        "netIncome": 85000000,
        "netIncomeRatio": 0.0770975057,
        "eps": 0.63,
        "epsdiluted": 0.63,
        "weightedAverageShsOut": 134100000,
        "weightedAverageShsOutDil": 135000000,
        "link": "https://www.sec.gov/Archives/edgar/data/58492/000005849218000011/0000058492-18-000011-index.htm",
        "finalLink": "https://www.sec.gov/Archives/edgar/data/58492/000005849218000011/legq2201810q.htm"
    },
    {
        "date": "2018-03-31",
        "symbol": "LEG",
        "reportedCurrency": "USD",
        "cik": "0000058492",
        "fillingDate": "2018-05-08",
        "acceptedDate": "2018-05-08 12:17:16",
        "calendarYear": "2018",
        "period": "Q1",
        "revenue": 1028800000,
        "costOfRevenue": 811400000,
        "grossProfit": 217400000,
        "grossProfitRatio": 0.2113141524,
        "researchAndDevelopmentExpenses": 0,
        "generalAndAdministrativeExpenses": 104700000,
        "sellingAndMarketingExpenses": 0,
        "sellingGeneralAndAdministrativeExpenses": 104700000,
        "otherExpenses": -300000,
        "operatingExpenses": 109700000,
        "costAndExpenses": 921100000,
        "interestIncome": 2400000,
        "interestExpense": 14400000,
        "depreciationAndAmortization": 33400000,
        "ebitda": 143200000,
        "ebitdaratio": 0.1391912908,
        "operatingIncome": 95700000,
        "operatingIncomeRatio": 0.0930209953,
        "totalOtherIncomeExpensesNet": -12300000,
        "incomeBeforeTax": 95400000,
        "incomeBeforeTaxRatio": 0.0927293935,
        "incomeTaxExpense": 17500000,
        "netIncome": 77900000,
        "netIncomeRatio": 0.0757192846,
        "eps": 0.58,
        "epsdiluted": 0.57,
        "weightedAverageShsOut": 135300000,
        "weightedAverageShsOutDil": 136300000,
        "link": "https://www.sec.gov/Archives/edgar/data/58492/000005849218000006/0000058492-18-000006-index.htm",
        "finalLink": "https://www.sec.gov/Archives/edgar/data/58492/000005849218000006/legq1201810q.htm"
    },
    {
        "date": "2017-12-31",
        "symbol": "LEG",
        "reportedCurrency": "USD",
        "cik": "0000058492",
        "fillingDate": "2018-02-22",
        "acceptedDate": "2018-02-22 15:02:48",
        "calendarYear": "2017",
        "period": "Q4",
        "revenue": 984500000,
        "costOfRevenue": 788500000,
        "grossProfit": 196000000,
        "grossProfitRatio": 0.1990858304,
        "researchAndDevelopmentExpenses": 0,
        "generalAndAdministrativeExpenses": 96500000,
        "sellingAndMarketingExpenses": 0,
        "sellingGeneralAndAdministrativeExpenses": 96500000,
        "otherExpenses": 25700000,
        "operatingExpenses": 101200000,
        "costAndExpenses": 889700000,
        "interestIncome": 2400000,
        "interestExpense": 12300000,
        "depreciationAndAmortization": 31500000,
        "ebitda": 153400000,
        "ebitdaratio": 0.1558151346,
        "operatingIncome": 99300000,
        "operatingIncomeRatio": 0.1008633824,
        "totalOtherIncomeExpensesNet": 11300000,
        "incomeBeforeTax": 110600000,
        "incomeBeforeTaxRatio": 0.11234129,
        "incomeTaxExpense": 74200000,
        "netIncome": 36300000,
        "netIncomeRatio": 0.0368715084,
        "eps": 0.27,
        "epsdiluted": 0.27,
        "weightedAverageShsOut": 135600000,
        "weightedAverageShsOutDil": 136600000,
        "link": "https://www.sec.gov/Archives/edgar/data/58492/000005849218000004/0000058492-18-000004-index.htm",
        "finalLink": "https://www.sec.gov/Archives/edgar/data/58492/000005849218000004/leg201710k.htm"
    },
    {
        "date": "2017-09-30",
        "symbol": "LEG",
        "reportedCurrency": "USD",
        "cik": "0000058492",
        "fillingDate": "2017-11-07",
        "acceptedDate": "2017-11-07 16:04:32",
        "calendarYear": "2017",
        "period": "Q3",
        "revenue": 1009700000,
        "costOfRevenue": 793900000,
        "grossProfit": 215800000,
        "grossProfitRatio": 0.2137268496,
        "researchAndDevelopmentExpenses": 0,
        "generalAndAdministrativeExpenses": 95700000,
        "sellingAndMarketingExpenses": 0,
        "sellingGeneralAndAdministrativeExpenses": 95700000,
        "otherExpenses": -4700000,
        "operatingExpenses": 101900000,
        "costAndExpenses": 895800000,
        "interestIncome": 1700000,
        "interestExpense": 10200000,
        "depreciationAndAmortization": 32200000,
        "ebitda": 143100000,
        "ebitdaratio": 0.1417252649,
        "operatingIncome": 113900000,
        "operatingIncomeRatio": 0.1128057839,
        "totalOtherIncomeExpensesNet": -14200000,
        "incomeBeforeTax": 100700000,
        "incomeBeforeTaxRatio": 0.0997325938,
        "incomeTaxExpense": 17200000,
        "netIncome": 82600000,
        "netIncomeRatio": 0.0818064772,
        "eps": 0.61,
        "epsdiluted": 0.6,
        "weightedAverageShsOut": 135700000,
        "weightedAverageShsOutDil": 136900000,
        "link": "https://www.sec.gov/Archives/edgar/data/58492/000005849217000017/0000058492-17-000017-index.htm",
        "finalLink": "https://www.sec.gov/Archives/edgar/data/58492/000005849217000017/legq3201710q.htm"
    },
    {
        "date": "2017-06-30",
        "symbol": "LEG",
        "reportedCurrency": "USD",
        "cik": "0000058492",
        "fillingDate": "2017-08-04",
        "acceptedDate": "2017-08-04 11:35:40",
        "calendarYear": "2017",
        "period": "Q2",
        "revenue": 989300000,
        "costOfRevenue": 759200000,
        "grossProfit": 230100000,
        "grossProfitRatio": 0.2325886991,
        "researchAndDevelopmentExpenses": 0,
        "generalAndAdministrativeExpenses": 105000000,
        "sellingAndMarketingExpenses": 0,
        "sellingGeneralAndAdministrativeExpenses": 105000000,
        "otherExpenses": 1900000,
        "operatingExpenses": 109700000,
        "costAndExpenses": 868900000,
        "interestIncome": 1500000,
        "interestExpense": 10400000,
        "depreciationAndAmortization": 31900000,
        "ebitda": 155700000,
        "ebitdaratio": 0.1573840089,
        "operatingIncome": 120400000,
        "operatingIncomeRatio": 0.1217022137,
        "totalOtherIncomeExpensesNet": -7900000,
        "incomeBeforeTax": 113400000,
        "incomeBeforeTaxRatio": 0.1146265036,
        "incomeTaxExpense": 25800000,
        "netIncome": 87600000,
        "netIncomeRatio": 0.0885474578,
        "eps": 0.64,
        "epsdiluted": 0.64,
        "weightedAverageShsOut": 136000000,
        "weightedAverageShsOutDil": 137400000,
        "link": "https://www.sec.gov/Archives/edgar/data/58492/000005849217000015/0000058492-17-000015-index.htm",
        "finalLink": "https://www.sec.gov/Archives/edgar/data/58492/000005849217000015/legq2201710q.htm"
    },
    {
        "date": "2017-03-31",
        "symbol": "LEG",
        "reportedCurrency": "USD",
        "cik": "0000058492",
        "fillingDate": "2017-05-09",
        "acceptedDate": "2017-05-09 16:39:02",
        "calendarYear": "2017",
        "period": "Q1",
        "revenue": 960300000,
        "costOfRevenue": 734300000,
        "grossProfit": 226000000,
        "grossProfitRatio": 0.2353431219,
        "researchAndDevelopmentExpenses": 0,
        "generalAndAdministrativeExpenses": 106400000,
        "sellingAndMarketingExpenses": 0,
        "sellingGeneralAndAdministrativeExpenses": 106400000,
        "otherExpenses": 1400000,
        "operatingExpenses": 111500000,
        "costAndExpenses": 845800000,
        "interestIncome": 2000000,
        "interestExpense": 10600000,
        "depreciationAndAmortization": 30300000,
        "ebitda": 148200000,
        "ebitdaratio": 0.1543267729,
        "operatingIncome": 105900000,
        "operatingIncomeRatio": 0.1102780381,
        "totalOtherIncomeExpensesNet": -8200000,
        "incomeBeforeTax": 107300000,
        "incomeBeforeTaxRatio": 0.1117359159,
        "incomeTaxExpense": 21200000,
        "netIncome": 86100000,
        "netIncomeRatio": 0.0896594814,
        "eps": 0.63,
        "epsdiluted": 0.62,
        "weightedAverageShsOut": 136800000,
        "weightedAverageShsOutDil": 138100000,
        "link": "https://www.sec.gov/Archives/edgar/data/58492/000005849217000007/0000058492-17-000007-index.htm",
        "finalLink": "https://www.sec.gov/Archives/edgar/data/58492/000005849217000007/legq1201710q.htm"
    },
    {
        "date": "2016-12-31",
        "symbol": "LEG",
        "reportedCurrency": "USD",
        "cik": "0000058492",
        "fillingDate": "2017-02-22",
        "acceptedDate": "2017-02-22 15:21:11",
        "calendarYear": "2016",
        "period": "Q4",
        "revenue": 903700000,
        "costOfRevenue": 699500000,
        "grossProfit": 204200000,
        "grossProfitRatio": 0.2259599425,
        "researchAndDevelopmentExpenses": 0,
        "generalAndAdministrativeExpenses": 98100000,
        "sellingAndMarketingExpenses": 0,
        "sellingGeneralAndAdministrativeExpenses": 98100000,
        "otherExpenses": 16900000,
        "operatingExpenses": 102900000,
        "costAndExpenses": 802400000,
        "interestIncome": 1200000,
        "interestExpense": 9400000,
        "depreciationAndAmortization": 29000000,
        "ebitda": 145900000,
        "ebitdaratio": 0.161447383,
        "operatingIncome": 103500000,
        "operatingIncomeRatio": 0.1145291579,
        "totalOtherIncomeExpensesNet": 6500000,
        "incomeBeforeTax": 110000000,
        "incomeBeforeTaxRatio": 0.1217218103,
        "incomeTaxExpense": 27000000,
        "netIncome": 81600000,
        "netIncomeRatio": 0.090295452,
        "eps": 0.59,
        "epsdiluted": 0.59,
        "weightedAverageShsOut": 137300000,
        "weightedAverageShsOutDil": 139200000,
        "link": "https://www.sec.gov/Archives/edgar/data/58492/000005849217000004/0000058492-17-000004-index.htm",
        "finalLink": "https://www.sec.gov/Archives/edgar/data/58492/000005849217000004/leg201610k.htm"
    },
    {
        "date": "2016-09-30",
        "symbol": "LEG",
        "reportedCurrency": "USD",
        "cik": "0000058492",
        "fillingDate": "2016-11-08",
        "acceptedDate": "2016-11-08 15:58:32",
        "calendarYear": "2016",
        "period": "Q3",
        "revenue": 948900000,
        "costOfRevenue": 721500000,
        "grossProfit": 227400000,
        "grossProfitRatio": 0.2396459058,
        "researchAndDevelopmentExpenses": 0,
        "generalAndAdministrativeExpenses": 93900000,
        "sellingAndMarketingExpenses": 0,
        "sellingGeneralAndAdministrativeExpenses": 93900000,
        "otherExpenses": 1900000,
        "operatingExpenses": 99100000,
        "costAndExpenses": 820600000,
        "interestIncome": 900000,
        "interestExpense": 9900000,
        "depreciationAndAmortization": 29200000,
        "ebitda": 160300000,
        "ebitdaratio": 0.1689324481,
        "operatingIncome": 128300000,
        "operatingIncomeRatio": 0.1352091896,
        "totalOtherIncomeExpensesNet": -7100000,
        "incomeBeforeTax": 121200000,
        "incomeBeforeTaxRatio": 0.1277268416,
        "incomeTaxExpense": 27600000,
        "netIncome": 93500000,
        "netIncomeRatio": 0.098535146,
        "eps": 0.68,
        "epsdiluted": 0.67,
        "weightedAverageShsOut": 137400000,
        "weightedAverageShsOutDil": 139400000,
        "link": "https://www.sec.gov/Archives/edgar/data/58492/000005849216000037/0000058492-16-000037-index.htm",
        "finalLink": "https://www.sec.gov/Archives/edgar/data/58492/000005849216000037/legq3201610q.htm"
    },
    {
        "date": "2016-06-30",
        "symbol": "LEG",
        "reportedCurrency": "USD",
        "cik": "0000058492",
        "fillingDate": "2016-08-04",
        "acceptedDate": "2016-08-04 16:15:14",
        "calendarYear": "2016",
        "period": "Q2",
        "revenue": 958900000,
        "costOfRevenue": 724900000,
        "grossProfit": 234000000,
        "grossProfitRatio": 0.2440296173,
        "researchAndDevelopmentExpenses": 0,
        "generalAndAdministrativeExpenses": 99700000,
        "sellingAndMarketingExpenses": 0,
        "sellingGeneralAndAdministrativeExpenses": 99700000,
        "otherExpenses": 17000000,
        "operatingExpenses": 104500000,
        "costAndExpenses": 829400000,
        "interestIncome": 1000000,
        "interestExpense": 9300000,
        "depreciationAndAmortization": 28900000,
        "ebitda": 176400000,
        "ebitdaratio": 0.1839607884,
        "operatingIncome": 120200000,
        "operatingIncomeRatio": 0.1253519658,
        "totalOtherIncomeExpensesNet": 7700000,
        "incomeBeforeTax": 137200000,
        "incomeBeforeTaxRatio": 0.1430806132,
        "incomeTaxExpense": 37700000,
        "netIncome": 121200000,
        "netIncomeRatio": 0.1263948274,
        "eps": 0.88,
        "epsdiluted": 0.87,
        "weightedAverageShsOut": 137800000,
        "weightedAverageShsOutDil": 140100000,
        "link": "https://www.sec.gov/Archives/edgar/data/58492/000005849216000033/0000058492-16-000033-index.htm",
        "finalLink": "https://www.sec.gov/Archives/edgar/data/58492/000005849216000033/legq2201610q.htm"
    },
    {
        "date": "2016-03-31",
        "symbol": "LEG",
        "reportedCurrency": "USD",
        "cik": "0000058492",
        "fillingDate": "2016-05-04",
        "acceptedDate": "2016-05-04 10:28:01",
        "calendarYear": "2016",
        "period": "Q1",
        "revenue": 938400000,
        "costOfRevenue": 704800000,
        "grossProfit": 233600000,
        "grossProfitRatio": 0.2489343564,
        "researchAndDevelopmentExpenses": 0,
        "generalAndAdministrativeExpenses": 105100000,
        "sellingAndMarketingExpenses": 0,
        "sellingGeneralAndAdministrativeExpenses": 105100000,
        "otherExpenses": 3700000,
        "operatingExpenses": 110200000,
        "costAndExpenses": 815000000,
        "interestIncome": 800000,
        "interestExpense": 8400000,
        "depreciationAndAmortization": 28300000,
        "ebitda": 156200000,
        "ebitdaratio": 0.1664535379,
        "operatingIncome": 123400000,
        "operatingIncomeRatio": 0.1315004263,
        "totalOtherIncomeExpensesNet": -4700000,
        "incomeBeforeTax": 118700000,
        "incomeBeforeTaxRatio": 0.1264919011,
        "incomeTaxExpense": 27700000,
        "netIncome": 89500000,
        "netIncomeRatio": 0.0953751066,
        "eps": 0.64,
        "epsdiluted": 0.63,
        "weightedAverageShsOut": 139100000,
        "weightedAverageShsOutDil": 141200000,
        "link": "https://www.sec.gov/Archives/edgar/data/58492/000005849216000024/0000058492-16-000024-index.htm",
        "finalLink": "https://www.sec.gov/Archives/edgar/data/58492/000005849216000024/legq1201610q.htm"
    },
    {
        "date": "2015-12-31",
        "symbol": "LEG",
        "reportedCurrency": "USD",
        "cik": "0000058492",
        "fillingDate": "2016-02-25",
        "acceptedDate": "2016-02-25 16:22:24",
        "calendarYear": "2015",
        "period": "Q4",
        "revenue": 944600000,
        "costOfRevenue": 711000000,
        "grossProfit": 233600000,
        "grossProfitRatio": 0.2473004446,
        "researchAndDevelopmentExpenses": 0,
        "generalAndAdministrativeExpenses": 115900000,
        "sellingAndMarketingExpenses": 0,
        "sellingGeneralAndAdministrativeExpenses": 115900000,
        "otherExpenses": 1600000,
        "operatingExpenses": 121100000,
        "costAndExpenses": 832100000,
        "interestIncome": 1000000,
        "interestExpense": 7600000,
        "depreciationAndAmortization": 28200000,
        "ebitda": 143300000,
        "ebitdaratio": 0.1517044252,
        "operatingIncome": 112200000,
        "operatingIncomeRatio": 0.1187804362,
        "totalOtherIncomeExpensesNet": -5700000,
        "incomeBeforeTax": 106500000,
        "incomeBeforeTaxRatio": 0.1127461359,
        "incomeTaxExpense": 24700000,
        "netIncome": 80500000,
        "netIncomeRatio": 0.0852212577,
        "eps": 0.58,
        "epsdiluted": 0.57,
        "weightedAverageShsOut": 139900000,
        "weightedAverageShsOutDil": 141900000,
        "link": "https://www.sec.gov/Archives/edgar/data/58492/000005849216000019/0000058492-16-000019-index.htm",
        "finalLink": "https://www.sec.gov/Archives/edgar/data/58492/000005849216000019/legq4201510k.htm"
    },
    {
        "date": "2015-09-30",
        "symbol": "LEG",
        "reportedCurrency": "USD",
        "cik": "0000058492",
        "fillingDate": "2015-11-04",
        "acceptedDate": "2015-11-04 13:04:47",
        "calendarYear": "2015",
        "period": "Q3",
        "revenue": 1009100000,
        "costOfRevenue": 768000000,
        "grossProfit": 241100000,
        "grossProfitRatio": 0.2389257754,
        "researchAndDevelopmentExpenses": 0,
        "generalAndAdministrativeExpenses": 96900000,
        "sellingAndMarketingExpenses": 0,
        "sellingGeneralAndAdministrativeExpenses": 96900000,
        "otherExpenses": 2500000,
        "operatingExpenses": 102100000,
        "costAndExpenses": 870100000,
        "interestIncome": 1100000,
        "interestExpense": 9200000,
        "depreciationAndAmortization": 28500000,
        "ebitda": 171100000,
        "ebitdaratio": 0.169557031,
        "operatingIncome": 139000000,
        "operatingIncomeRatio": 0.1377465068,
        "totalOtherIncomeExpensesNet": -6700000,
        "incomeBeforeTax": 132300000,
        "incomeBeforeTaxRatio": 0.131106927,
        "incomeTaxExpense": 36100000,
        "netIncome": 95200000,
        "netIncomeRatio": 0.0943414924,
        "eps": 0.68,
        "epsdiluted": 0.67,
        "weightedAverageShsOut": 140400000,
        "weightedAverageShsOutDil": 142500000,
        "link": "https://www.sec.gov/Archives/edgar/data/58492/000005849215000016/0000058492-15-000016-index.htm",
        "finalLink": "https://www.sec.gov/Archives/edgar/data/58492/000005849215000016/legq3201510q.htm"
    },
    {
        "date": "2015-06-30",
        "symbol": "LEG",
        "reportedCurrency": "USD",
        "cik": "0000058492",
        "fillingDate": "2015-08-05",
        "acceptedDate": "2015-08-05 13:11:03",
        "calendarYear": "2015",
        "period": "Q2",
        "revenue": 997300000,
        "costOfRevenue": 766600000,
        "grossProfit": 230700000,
        "grossProfitRatio": 0.2313245764,
        "researchAndDevelopmentExpenses": 0,
        "generalAndAdministrativeExpenses": 106600000,
        "sellingAndMarketingExpenses": 0,
        "sellingGeneralAndAdministrativeExpenses": 106600000,
        "otherExpenses": 300000,
        "operatingExpenses": 111800000,
        "costAndExpenses": 878400000,
        "interestIncome": 1000000,
        "interestExpense": 10200000,
        "depreciationAndAmortization": 26900000,
        "ebitda": 147100000,
        "ebitdaratio": 0.1474982453,
        "operatingIncome": 118900000,
        "operatingIncomeRatio": 0.1192218991,
        "totalOtherIncomeExpensesNet": -9900000,
        "incomeBeforeTax": 109000000,
        "incomeBeforeTaxRatio": 0.1092950968,
        "incomeTaxExpense": 32300000,
        "netIncome": 77700000,
        "netIncomeRatio": 0.077910358,
        "eps": 0.55,
        "epsdiluted": 0.54,
        "weightedAverageShsOut": 141400000,
        "weightedAverageShsOutDil": 143400000,
        "link": "https://www.sec.gov/Archives/edgar/data/58492/000005849215000014/0000058492-15-000014-index.htm",
        "finalLink": "https://www.sec.gov/Archives/edgar/data/58492/000005849215000014/legq2201510q.htm"
    },
    {
        "date": "2015-03-31",
        "symbol": "LEG",
        "reportedCurrency": "USD",
        "cik": "0000058492",
        "fillingDate": "2015-05-06",
        "acceptedDate": "2015-05-06 13:42:35",
        "calendarYear": "2015",
        "period": "Q1",
        "revenue": 966200000,
        "costOfRevenue": 748400000,
        "grossProfit": 217800000,
        "grossProfitRatio": 0.2254191679,
        "researchAndDevelopmentExpenses": 0,
        "generalAndAdministrativeExpenses": 97500000,
        "sellingAndMarketingExpenses": 0,
        "sellingGeneralAndAdministrativeExpenses": 97500000,
        "otherExpenses": -3400000,
        "operatingExpenses": 102700000,
        "costAndExpenses": 851100000,
        "interestIncome": 1300000,
        "interestExpense": 9700000,
        "depreciationAndAmortization": 29600000,
        "ebitda": 142600000,
        "ebitdaratio": 0.147588491,
        "operatingIncome": 115100000,
        "operatingIncomeRatio": 0.1191264748,
        "totalOtherIncomeExpensesNet": -13100000,
        "incomeBeforeTax": 102000000,
        "incomeBeforeTaxRatio": 0.1055682053,
        "incomeTaxExpense": 28700000,
        "netIncome": 71700000,
        "netIncomeRatio": 0.0742082385,
        "eps": 0.51,
        "epsdiluted": 0.5,
        "weightedAverageShsOut": 141900000,
        "weightedAverageShsOutDil": 143800000,
        "link": "https://www.sec.gov/Archives/edgar/data/58492/000005849215000005/0000058492-15-000005-index.htm",
        "finalLink": "https://www.sec.gov/Archives/edgar/data/58492/000005849215000005/legq1201510q.htm"
    },
    {
        "date": "2014-12-31",
        "symbol": "LEG",
        "reportedCurrency": "USD",
        "cik": "0000058492",
        "fillingDate": "2015-02-26",
        "acceptedDate": "2015-02-26 14:28:06",
        "calendarYear": "2014",
        "period": "Q4",
        "revenue": 953300000,
        "costOfRevenue": 749500000,
        "grossProfit": 203800000,
        "grossProfitRatio": 0.2137836987,
        "researchAndDevelopmentExpenses": 0,
        "generalAndAdministrativeExpenses": 132000000,
        "sellingAndMarketingExpenses": 0,
        "sellingGeneralAndAdministrativeExpenses": 132000000,
        "otherExpenses": 1500000,
        "operatingExpenses": 137200000,
        "costAndExpenses": 886700000,
        "interestIncome": 1500000,
        "interestExpense": 9100000,
        "depreciationAndAmortization": 30300000,
        "ebitda": 99900000,
        "ebitdaratio": 0.1047938739,
        "operatingIncome": 67800000,
        "operatingIncomeRatio": 0.0711213679,
        "totalOtherIncomeExpensesNet": -8800000,
        "incomeBeforeTax": 59000000,
        "incomeBeforeTaxRatio": 0.0618902759,
        "incomeTaxExpense": 12800000,
        "netIncome": 20600000,
        "netIncomeRatio": 0.0216091472,
        "eps": 0.15,
        "epsdiluted": 0.14,
        "weightedAverageShsOut": 141000000,
        "weightedAverageShsOutDil": 143100000,
        "link": "https://www.sec.gov/Archives/edgar/data/58492/000005849215000002/0000058492-15-000002-index.htm",
        "finalLink": "https://www.sec.gov/Archives/edgar/data/58492/000005849215000002/leg1231201410k.htm"
    },
    {
        "date": "2014-09-30",
        "symbol": "LEG",
        "reportedCurrency": "USD",
        "cik": "0000058492",
        "fillingDate": "2014-11-04",
        "acceptedDate": "2014-11-04 09:58:16",
        "calendarYear": "2014",
        "period": "Q3",
        "revenue": 997400000,
        "costOfRevenue": 788300000,
        "grossProfit": 209100000,
        "grossProfitRatio": 0.2096450772,
        "researchAndDevelopmentExpenses": 0,
        "generalAndAdministrativeExpenses": 131400000,
        "sellingAndMarketingExpenses": 0,
        "sellingGeneralAndAdministrativeExpenses": 131400000,
        "otherExpenses": 2600000,
        "operatingExpenses": 136300000,
        "costAndExpenses": 924600000,
        "interestIncome": 1500000,
        "interestExpense": 8900000,
        "depreciationAndAmortization": 29200000,
        "ebitda": 106100000,
        "ebitdaratio": 0.1063765791,
        "operatingIncome": 63900000,
        "operatingIncomeRatio": 0.0640665731,
        "totalOtherIncomeExpensesNet": -6300000,
        "incomeBeforeTax": 66500000,
        "incomeBeforeTaxRatio": 0.0666733507,
        "incomeTaxExpense": 13100000,
        "netIncome": 48200000,
        "netIncomeRatio": 0.0483256467,
        "eps": 0.34,
        "epsdiluted": 0.34,
        "weightedAverageShsOut": 140700000,
        "weightedAverageShsOutDil": 142500000,
        "link": "https://www.sec.gov/Archives/edgar/data/58492/000005849214000015/0000058492-14-000015-index.htm",
        "finalLink": "https://www.sec.gov/Archives/edgar/data/58492/000005849214000015/leg930201410q.htm"
    },
    {
        "date": "2014-06-30",
        "symbol": "LEG",
        "reportedCurrency": "USD",
        "cik": "0000058492",
        "fillingDate": "2014-08-05",
        "acceptedDate": "2014-08-05 16:04:37",
        "calendarYear": "2014",
        "period": "Q2",
        "revenue": 1001600000,
        "costOfRevenue": 796400000,
        "grossProfit": 205200000,
        "grossProfitRatio": 0.2048722045,
        "researchAndDevelopmentExpenses": 0,
        "generalAndAdministrativeExpenses": 99800000,
        "sellingAndMarketingExpenses": 0,
        "sellingGeneralAndAdministrativeExpenses": 99800000,
        "otherExpenses": -107300000,
        "operatingExpenses": 104800000,
        "costAndExpenses": 901200000,
        "interestIncome": 1400000,
        "interestExpense": 9000000,
        "depreciationAndAmortization": 29500000,
        "ebitda": 133100000,
        "ebitdaratio": 0.1328873802,
        "operatingIncome": 100400000,
        "operatingIncomeRatio": 0.1002396166,
        "totalOtherIncomeExpensesNet": -8600000,
        "incomeBeforeTax": -15900000,
        "incomeBeforeTaxRatio": -0.0158746006,
        "incomeTaxExpense": 7200000,
        "netIncome": -23900000,
        "netIncomeRatio": -0.0238618211,
        "eps": -0.17,
        "epsdiluted": -0.17,
        "weightedAverageShsOut": 141400000,
        "weightedAverageShsOutDil": 141400000,
        "link": "https://www.sec.gov/Archives/edgar/data/58492/000005849214000012/0000058492-14-000012-index.htm",
        "finalLink": "https://www.sec.gov/Archives/edgar/data/58492/000005849214000012/leg630201410q.htm"
    },
    {
        "date": "2014-03-31",
        "symbol": "LEG",
        "reportedCurrency": "USD",
        "cik": "0000058492",
        "fillingDate": "2014-05-07",
        "acceptedDate": "2014-05-07 16:04:48",
        "calendarYear": "2014",
        "period": "Q1",
        "revenue": 919100000,
        "costOfRevenue": 739100000,
        "grossProfit": 180000000,
        "grossProfitRatio": 0.1958437602,
        "researchAndDevelopmentExpenses": 0,
        "generalAndAdministrativeExpenses": 98500000,
        "sellingAndMarketingExpenses": 0,
        "sellingGeneralAndAdministrativeExpenses": 98500000,
        "otherExpenses": 5900000,
        "operatingExpenses": 103400000,
        "costAndExpenses": 842500000,
        "interestIncome": 1400000,
        "interestExpense": 9000000,
        "depreciationAndAmortization": 28900000,
        "ebitda": 116100000,
        "ebitdaratio": 0.1263192253,
        "operatingIncome": 76600000,
        "operatingIncomeRatio": 0.0833424002,
        "totalOtherIncomeExpensesNet": -3100000,
        "incomeBeforeTax": 73500000,
        "incomeBeforeTaxRatio": 0.0799695354,
        "incomeTaxExpense": 19800000,
        "netIncome": 53100000,
        "netIncomeRatio": 0.0577739093,
        "eps": 0.37,
        "epsdiluted": 0.37,
        "weightedAverageShsOut": 142400000,
        "weightedAverageShsOutDil": 144000000,
        "link": "https://www.sec.gov/Archives/edgar/data/58492/000005849214000005/0000058492-14-000005-index.htm",
        "finalLink": "https://www.sec.gov/Archives/edgar/data/58492/000005849214000005/leg331201410q.htm"
    },
    {
        "date": "2013-12-31",
        "symbol": "LEG",
        "reportedCurrency": "USD",
        "cik": "0000058492",
        "fillingDate": "2014-02-26",
        "acceptedDate": "2014-02-26 15:55:28",
        "calendarYear": "2013",
        "period": "Q4",
        "revenue": 896800000,
        "costOfRevenue": 730600000,
        "grossProfit": 166200000,
        "grossProfitRatio": 0.1853256021,
        "researchAndDevelopmentExpenses": 0,
        "generalAndAdministrativeExpenses": 96700000,
        "sellingAndMarketingExpenses": 0,
        "sellingGeneralAndAdministrativeExpenses": 96700000,
        "otherExpenses": -59300000,
        "operatingExpenses": 106200000,
        "costAndExpenses": 836800000,
        "interestIncome": 1500000,
        "interestExpense": 8900000,
        "depreciationAndAmortization": 34300000,
        "ebitda": 36500000,
        "ebitdaratio": 0.0407002676,
        "operatingIncome": 61900000,
        "operatingIncomeRatio": 0.0690231936,
        "totalOtherIncomeExpensesNet": -70300000,
        "incomeBeforeTax": -8200000,
        "incomeBeforeTaxRatio": -0.0091436218,
        "incomeTaxExpense": -14900000,
        "netIncome": 5600000,
        "netIncomeRatio": 0.0062444246,
        "eps": 0.0389,
        "epsdiluted": 0.0389,
        "weightedAverageShsOut": 144000000,
        "weightedAverageShsOutDil": 145900000,
        "link": "https://www.sec.gov/Archives/edgar/data/58492/000005849214000002/0000058492-14-000002-index.htm",
        "finalLink": "https://www.sec.gov/Archives/edgar/data/58492/000005849214000002/leg1231201310k.htm"
    },
    {
        "date": "2013-09-30",
        "symbol": "LEG",
        "reportedCurrency": "USD",
        "cik": "0000058492",
        "fillingDate": "2013-11-06",
        "acceptedDate": "2013-11-06 10:01:27",
        "calendarYear": "2013",
        "period": "Q3",
        "revenue": 957700000,
        "costOfRevenue": 764700000,
        "grossProfit": 193000000,
        "grossProfitRatio": 0.2015244857,
        "researchAndDevelopmentExpenses": 0,
        "generalAndAdministrativeExpenses": 92100000,
        "sellingAndMarketingExpenses": 0,
        "sellingGeneralAndAdministrativeExpenses": 92100000,
        "otherExpenses": 10700000,
        "operatingExpenses": 97500000,
        "costAndExpenses": 862200000,
        "interestIncome": 1700000,
        "interestExpense": 8900000,
        "depreciationAndAmortization": 29200000,
        "ebitda": 130300000,
        "ebitdaratio": 0.1360551321,
        "operatingIncome": 86600000,
        "operatingIncomeRatio": 0.0904249765,
        "totalOtherIncomeExpensesNet": 8400000,
        "incomeBeforeTax": 97300000,
        "incomeBeforeTaxRatio": 0.1015975775,
        "incomeTaxExpense": 25700000,
        "netIncome": 71300000,
        "netIncomeRatio": 0.0744492012,
        "eps": 0.49,
        "epsdiluted": 0.49,
        "weightedAverageShsOut": 144900000,
        "weightedAverageShsOutDil": 147000000,
        "link": "https://www.sec.gov/Archives/edgar/data/58492/000005849213000009/0000058492-13-000009-index.htm",
        "finalLink": "https://www.sec.gov/Archives/edgar/data/58492/000005849213000009/leg0930201310q.htm"
    },
    {
        "date": "2013-06-30",
        "symbol": "LEG",
        "reportedCurrency": "USD",
        "cik": "0000058492",
        "fillingDate": "2013-08-08",
        "acceptedDate": "2013-08-08 12:16:50",
        "calendarYear": "2013",
        "period": "Q2",
        "revenue": 958800000,
        "costOfRevenue": 759700000,
        "grossProfit": 199100000,
        "grossProfitRatio": 0.2076554026,
        "researchAndDevelopmentExpenses": 0,
        "generalAndAdministrativeExpenses": 98800000,
        "sellingAndMarketingExpenses": 0,
        "sellingGeneralAndAdministrativeExpenses": 98800000,
        "otherExpenses": 3600000,
        "operatingExpenses": 104200000,
        "costAndExpenses": 863900000,
        "interestIncome": 1800000,
        "interestExpense": 9100000,
        "depreciationAndAmortization": 29800000,
        "ebitda": 130100000,
        "ebitdaratio": 0.1356904464,
        "operatingIncome": 94900000,
        "operatingIncomeRatio": 0.098977889,
        "totalOtherIncomeExpensesNet": -5500000,
        "incomeBeforeTax": 89400000,
        "incomeBeforeTaxRatio": 0.0932415519,
        "incomeTaxExpense": 24300000,
        "netIncome": 71300000,
        "netIncomeRatio": 0.0743637881,
        "eps": 0.49,
        "epsdiluted": 0.48,
        "weightedAverageShsOut": 145800000,
        "weightedAverageShsOutDil": 148100000,
        "link": "https://www.sec.gov/Archives/edgar/data/58492/000005849213000008/0000058492-13-000008-index.htm",
        "finalLink": "https://www.sec.gov/Archives/edgar/data/58492/000005849213000008/leg0630201310q.htm"
    },
    {
        "date": "2013-03-31",
        "symbol": "LEG",
        "reportedCurrency": "USD",
        "cik": "0000058492",
        "fillingDate": "2013-05-09",
        "acceptedDate": "2013-05-09 16:41:31",
        "calendarYear": "2013",
        "period": "Q1",
        "revenue": 936000000,
        "costOfRevenue": 746600000,
        "grossProfit": 189400000,
        "grossProfitRatio": 0.2023504274,
        "researchAndDevelopmentExpenses": 0,
        "generalAndAdministrativeExpenses": 107700000,
        "sellingAndMarketingExpenses": 0,
        "sellingGeneralAndAdministrativeExpenses": 107700000,
        "otherExpenses": 3600000,
        "operatingExpenses": 113400000,
        "costAndExpenses": 860000000,
        "interestIncome": 2700000,
        "interestExpense": 10100000,
        "depreciationAndAmortization": 28000000,
        "ebitda": 111400000,
        "ebitdaratio": 0.119017094,
        "operatingIncome": 76000000,
        "operatingIncomeRatio": 0.0811965812,
        "totalOtherIncomeExpensesNet": -6700000,
        "incomeBeforeTax": 69500000,
        "incomeBeforeTaxRatio": 0.0742521368,
        "incomeTaxExpense": 20000000,
        "netIncome": 49100000,
        "netIncomeRatio": 0.052457265,
        "eps": 0.34,
        "epsdiluted": 0.33,
        "weightedAverageShsOut": 145900000,
        "weightedAverageShsOutDil": 148000000,
        "link": "https://www.sec.gov/Archives/edgar/data/58492/000005849213000004/0000058492-13-000004-index.htm",
        "finalLink": "https://www.sec.gov/Archives/edgar/data/58492/000005849213000004/leg03311310-q.htm"
    },
    {
        "date": "2012-12-31",
        "symbol": "LEG",
        "reportedCurrency": "USD",
        "cik": "0000058492",
        "fillingDate": "2013-02-28",
        "acceptedDate": "2013-02-28 16:06:35",
        "calendarYear": "2012",
        "period": "Q4",
        "revenue": 853000000,
        "costOfRevenue": 676000000,
        "grossProfit": 177000000,
        "grossProfitRatio": 0.2075029308,
        "researchAndDevelopmentExpenses": 0,
        "generalAndAdministrativeExpenses": 95300000,
        "sellingAndMarketingExpenses": 0,
        "sellingGeneralAndAdministrativeExpenses": 95300000,
        "otherExpenses": 500000,
        "operatingExpenses": 101900000,
        "costAndExpenses": 777900000,
        "interestIncome": 1600000,
        "interestExpense": 11400000,
        "depreciationAndAmortization": 28400000,
        "ebitda": 105600000,
        "ebitdaratio": 0.1237983587,
        "operatingIncome": 75100000,
        "operatingIncomeRatio": 0.088042204,
        "totalOtherIncomeExpensesNet": -10900000,
        "incomeBeforeTax": 64200000,
        "incomeBeforeTaxRatio": 0.0752637749,
        "incomeTaxExpense": -9800000,
        "netIncome": 73500000,
        "netIncomeRatio": 0.0861664713,
        "eps": 0.51,
        "epsdiluted": 0.5,
        "weightedAverageShsOut": 145100000,
        "weightedAverageShsOutDil": 147200000,
        "link": "https://www.sec.gov/Archives/edgar/data/58492/000005849213000002/0000058492-13-000002-index.htm",
        "finalLink": "https://www.sec.gov/Archives/edgar/data/58492/000005849213000002/leg1231201210k.htm"
    },
    {
        "date": "2012-09-30",
        "symbol": "LEG",
        "reportedCurrency": "USD",
        "cik": "0000058492",
        "fillingDate": "2012-11-08",
        "acceptedDate": "2012-11-08 11:43:00",
        "calendarYear": "2012",
        "period": "Q3",
        "revenue": 982200000,
        "costOfRevenue": 776700000,
        "grossProfit": 205500000,
        "grossProfitRatio": 0.2092241906,
        "researchAndDevelopmentExpenses": 0,
        "generalAndAdministrativeExpenses": 94700000,
        "sellingAndMarketingExpenses": 0,
        "sellingGeneralAndAdministrativeExpenses": 94700000,
        "otherExpenses": 6500000,
        "operatingExpenses": 101200000,
        "costAndExpenses": 877900000,
        "interestIncome": 1600000,
        "interestExpense": 9700000,
        "depreciationAndAmortization": 30000000,
        "ebitda": 138000000,
        "ebitdaratio": 0.1405009163,
        "operatingIncome": 104300000,
        "operatingIncomeRatio": 0.1061901853,
        "totalOtherIncomeExpensesNet": -9100000,
        "incomeBeforeTax": 95200000,
        "incomeBeforeTaxRatio": 0.0969252698,
        "incomeTaxExpense": 28600000,
        "netIncome": 65800000,
        "netIncomeRatio": 0.0669924659,
        "eps": 0.46,
        "epsdiluted": 0.45,
        "weightedAverageShsOut": 144400000,
        "weightedAverageShsOutDil": 146100000,
        "link": "https://www.sec.gov/Archives/edgar/data/58492/000005849212000005/0000058492-12-000005-index.htm",
        "finalLink": "https://www.sec.gov/Archives/edgar/data/58492/000005849212000005/leg930201210q.htm"
    },
    {
        "date": "2012-06-30",
        "symbol": "LEG",
        "reportedCurrency": "USD",
        "cik": "0000058492",
        "fillingDate": "2012-08-07",
        "acceptedDate": "2012-08-07 13:01:51",
        "calendarYear": "2012",
        "period": "Q2",
        "revenue": 938800000,
        "costOfRevenue": 751600000,
        "grossProfit": 187200000,
        "grossProfitRatio": 0.1994034938,
        "researchAndDevelopmentExpenses": 0,
        "generalAndAdministrativeExpenses": 92500000,
        "sellingAndMarketingExpenses": 0,
        "sellingGeneralAndAdministrativeExpenses": 92500000,
        "otherExpenses": 6400000,
        "operatingExpenses": 101000000,
        "costAndExpenses": 852600000,
        "interestIncome": 1600000,
        "interestExpense": 8000000,
        "depreciationAndAmortization": 6400000,
        "ebitda": 117100000,
        "ebitdaratio": 0.1247337026,
        "operatingIncome": 88300000,
        "operatingIncomeRatio": 0.094056242,
        "totalOtherIncomeExpensesNet": -9500000,
        "incomeBeforeTax": 78200000,
        "incomeBeforeTaxRatio": 0.083297827,
        "incomeTaxExpense": 15200000,
        "netIncome": 64900000,
        "netIncomeRatio": 0.0691308053,
        "eps": 0.45,
        "epsdiluted": 0.45,
        "weightedAverageShsOut": 144100000,
        "weightedAverageShsOutDil": 145400000,
        "link": "https://www.sec.gov/Archives/edgar/data/58492/000119312512340184/0001193125-12-340184-index.htm",
        "finalLink": "https://www.sec.gov/Archives/edgar/data/58492/000119312512340184/d369275d10q.htm"
    },
    {
        "date": "2012-03-31",
        "symbol": "LEG",
        "reportedCurrency": "USD",
        "cik": "0000058492",
        "fillingDate": "2012-05-04",
        "acceptedDate": "2012-05-04 10:17:28",
        "calendarYear": "2012",
        "period": "Q1",
        "revenue": 946800000,
        "costOfRevenue": 768500000,
        "grossProfit": 178300000,
        "grossProfitRatio": 0.1883185467,
        "researchAndDevelopmentExpenses": 0,
        "generalAndAdministrativeExpenses": 97900000,
        "sellingAndMarketingExpenses": 0,
        "sellingGeneralAndAdministrativeExpenses": 97900000,
        "otherExpenses": 5800000,
        "operatingExpenses": 103700000,
        "costAndExpenses": 872200000,
        "interestIncome": 1700000,
        "interestExpense": 7800000,
        "depreciationAndAmortization": 6200000,
        "ebitda": 80800000,
        "ebitdaratio": 0.0853400929,
        "operatingIncome": 74600000,
        "operatingIncomeRatio": 0.0787917195,
        "totalOtherIncomeExpensesNet": -7400000,
        "incomeBeforeTax": 66800000,
        "incomeBeforeTaxRatio": 0.0705534432,
        "incomeTaxExpense": 22300000,
        "netIncome": 44000000,
        "netIncomeRatio": 0.0464723278,
        "eps": 0.3,
        "epsdiluted": 0.3,
        "weightedAverageShsOut": 143600000,
        "weightedAverageShsOutDil": 145100000,
        "link": "https://www.sec.gov/Archives/edgar/data/58492/000119312512210584/0001193125-12-210584-index.htm",
        "finalLink": "https://www.sec.gov/Archives/edgar/data/58492/000119312512210584/d326623d10q.htm"
    },
    {
        "date": "2011-12-31",
        "symbol": "LEG",
        "reportedCurrency": "USD",
        "cik": "0000058492",
        "fillingDate": "2012-02-24",
        "acceptedDate": "2012-02-24 17:14:12",
        "calendarYear": "2011",
        "period": "Q4",
        "revenue": 854100000,
        "costOfRevenue": 711100000,
        "grossProfit": 143000000,
        "grossProfitRatio": 0.1674277017,
        "researchAndDevelopmentExpenses": 0,
        "generalAndAdministrativeExpenses": 94300000,
        "sellingAndMarketingExpenses": 0,
        "sellingGeneralAndAdministrativeExpenses": 94300000,
        "otherExpenses": 35800000,
        "operatingExpenses": 130100000,
        "costAndExpenses": 841200000,
        "interestIncome": 1500000,
        "interestExpense": 9800000,
        "depreciationAndAmortization": 28700000,
        "ebitda": 43100000,
        "ebitdaratio": 0.0504624751,
        "operatingIncome": 12900000,
        "operatingIncomeRatio": 0.0151036178,
        "totalOtherIncomeExpensesNet": -8300000,
        "incomeBeforeTax": 4600000,
        "incomeBeforeTaxRatio": 0.0053857862,
        "incomeTaxExpense": -4700000,
        "netIncome": 8700000,
        "netIncomeRatio": 0.0101861609,
        "eps": 0.0606,
        "epsdiluted": 0.0606,
        "weightedAverageShsOut": 143000000,
        "weightedAverageShsOutDil": 143600000,
        "link": "https://www.sec.gov/Archives/edgar/data/58492/000119312512078429/0001193125-12-078429-index.htm",
        "finalLink": "https://www.sec.gov/Archives/edgar/data/58492/000119312512078429/d270416d10k.htm"
    },
    {
        "date": "2011-09-30",
        "symbol": "LEG",
        "reportedCurrency": "USD",
        "cik": "0000058492",
        "fillingDate": "2011-11-03",
        "acceptedDate": "2011-11-03 16:15:51",
        "calendarYear": "2011",
        "period": "Q3",
        "revenue": 940900000,
        "costOfRevenue": 770500000,
        "grossProfit": 170400000,
        "grossProfitRatio": 0.1811031991,
        "researchAndDevelopmentExpenses": 0,
        "generalAndAdministrativeExpenses": 93900000,
        "sellingAndMarketingExpenses": 0,
        "sellingGeneralAndAdministrativeExpenses": 93900000,
        "otherExpenses": 4900000,
        "operatingExpenses": 98800000,
        "costAndExpenses": 869300000,
        "interestIncome": 1400000,
        "interestExpense": 9600000,
        "depreciationAndAmortization": 27900000,
        "ebitda": 100900000,
        "ebitdaratio": 0.1072377511,
        "operatingIncome": 71600000,
        "operatingIncomeRatio": 0.0760973536,
        "totalOtherIncomeExpensesNet": -8400000,
        "incomeBeforeTax": 63400000,
        "incomeBeforeTaxRatio": 0.0673822935,
        "incomeTaxExpense": 18100000,
        "netIncome": 44900000,
        "netIncomeRatio": 0.0477202678,
        "eps": 0.31,
        "epsdiluted": 0.31,
        "weightedAverageShsOut": 143800000,
        "weightedAverageShsOutDil": 145100000,
        "link": "https://www.sec.gov/Archives/edgar/data/58492/000119312511295139/0001193125-11-295139-index.htm",
        "finalLink": "https://www.sec.gov/Archives/edgar/data/58492/000119312511295139/d236478d10q.htm"
    },
    {
        "date": "2011-06-30",
        "symbol": "LEG",
        "reportedCurrency": "USD",
        "cik": "0000058492",
        "fillingDate": "2011-08-04",
        "acceptedDate": "2011-08-04 15:52:12",
        "calendarYear": "2011",
        "period": "Q2",
        "revenue": 945200000,
        "costOfRevenue": 763300000,
        "grossProfit": 181900000,
        "grossProfitRatio": 0.1924460432,
        "researchAndDevelopmentExpenses": 0,
        "generalAndAdministrativeExpenses": 98100000,
        "sellingAndMarketingExpenses": 0,
        "sellingGeneralAndAdministrativeExpenses": 98100000,
        "otherExpenses": 4700000,
        "operatingExpenses": 102800000,
        "costAndExpenses": 866100000,
        "interestIncome": 2300000,
        "interestExpense": 9400000,
        "depreciationAndAmortization": 28400000,
        "ebitda": 111600000,
        "ebitdaratio": 0.1180702497,
        "operatingIncome": 79100000,
        "operatingIncomeRatio": 0.0836859924,
        "totalOtherIncomeExpensesNet": -6900000,
        "incomeBeforeTax": 72000000,
        "incomeBeforeTaxRatio": 0.0761743546,
        "incomeTaxExpense": 16500000,
        "netIncome": 54700000,
        "netIncomeRatio": 0.05787135,
        "eps": 0.38,
        "epsdiluted": 0.37,
        "weightedAverageShsOut": 145600000,
        "weightedAverageShsOutDil": 147400000,
        "link": "https://www.sec.gov/Archives/edgar/data/58492/000119312511210271/0001193125-11-210271-index.htm",
        "finalLink": "https://www.sec.gov/Archives/edgar/data/58492/000119312511210271/d10q.htm"
    },
    {
        "date": "2011-03-31",
        "symbol": "LEG",
        "reportedCurrency": "USD",
        "cik": "0000058492",
        "fillingDate": "2011-05-05",
        "acceptedDate": "2011-05-05 10:23:54",
        "calendarYear": "2011",
        "period": "Q1",
        "revenue": 895800000,
        "costOfRevenue": 725800000,
        "grossProfit": 170000000,
        "grossProfitRatio": 0.1897745032,
        "researchAndDevelopmentExpenses": 0,
        "generalAndAdministrativeExpenses": 0,
        "sellingAndMarketingExpenses": 0,
        "sellingGeneralAndAdministrativeExpenses": 95800000,
        "otherExpenses": 74200000,
        "operatingExpenses": 170000000,
        "costAndExpenses": 895800000,
        "interestIncome": 1500000,
        "interestExpense": 9500000,
        "depreciationAndAmortization": 30100000,
        "ebitda": 105800000,
        "ebitdaratio": 0.1181067203,
        "operatingIncome": 74200000,
        "operatingIncomeRatio": 0.0828309891,
        "totalOtherIncomeExpensesNet": -8000000,
        "incomeBeforeTax": 66200000,
        "incomeBeforeTaxRatio": 0.0739004242,
        "incomeTaxExpense": 19900000,
        "netIncome": 45000000,
        "netIncomeRatio": 0.0502344273,
        "eps": 0.2948885976408912,
        "epsdiluted": 0.2916396629941672,
        "weightedAverageShsOut": 152600000,
        "weightedAverageShsOutDil": 154300000,
        "link": "https://www.sec.gov/Archives/edgar/data/58492/000119312511127636/0001193125-11-127636-index.htm",
        "finalLink": "https://www.sec.gov/Archives/edgar/data/58492/000119312511127636/d10q.htm"
    },
    {
        "date": "2010-12-31",
        "symbol": "LEG",
        "reportedCurrency": "USD",
        "cik": "0000058492",
        "fillingDate": "2011-02-24",
        "acceptedDate": "2011-02-24 16:28:56",
        "calendarYear": "2010",
        "period": "Q4",
        "revenue": 801900000,
        "costOfRevenue": 660400000,
        "grossProfit": 141500000,
        "grossProfitRatio": 0.1764559172,
        "researchAndDevelopmentExpenses": 0,
        "generalAndAdministrativeExpenses": 85600000,
        "sellingAndMarketingExpenses": 0,
        "sellingGeneralAndAdministrativeExpenses": 85600000,
        "otherExpenses": -2600000,
        "operatingExpenses": 83000000,
        "costAndExpenses": 743400000,
        "interestIncome": 1200000,
        "interestExpense": 9900000,
        "depreciationAndAmortization": 31600000,
        "ebitda": 82900000,
        "ebitdaratio": 0.1033794737,
        "operatingIncome": 58500000,
        "operatingIncomeRatio": 0.0729517396,
        "totalOtherIncomeExpensesNet": -17100000,
        "incomeBeforeTax": 41400000,
        "incomeBeforeTaxRatio": 0.051627385,
        "incomeTaxExpense": 8800000,
        "netIncome": 31400000,
        "netIncomeRatio": 0.0391570021,
        "eps": 0.21,
        "epsdiluted": 0.21,
        "weightedAverageShsOut": 150100260,
        "weightedAverageShsOutDil": 152600000,
        "link": "https://www.sec.gov/Archives/edgar/data/58492/000119312511045388/0001193125-11-045388-index.htm",
        "finalLink": "https://www.sec.gov/Archives/edgar/data/58492/000119312511045388/d10k.htm"
    },
    {
        "date": "2010-09-30",
        "symbol": "LEG",
        "reportedCurrency": "USD",
        "cik": "0000058492",
        "fillingDate": "2010-11-03",
        "acceptedDate": "2010-11-03 12:30:54",
        "calendarYear": "2010",
        "period": "Q3",
        "revenue": 866500000,
        "costOfRevenue": 697800000,
        "grossProfit": 168700000,
        "grossProfitRatio": 0.1946912868,
        "researchAndDevelopmentExpenses": 0,
        "generalAndAdministrativeExpenses": 87600000,
        "sellingAndMarketingExpenses": 0,
        "sellingGeneralAndAdministrativeExpenses": 87600000,
        "otherExpenses": 5500000,
        "operatingExpenses": 93100000,
        "costAndExpenses": 790900000,
        "interestIncome": 1700000,
        "interestExpense": 9300000,
        "depreciationAndAmortization": 30000000,
        "ebitda": 107300000,
        "ebitdaratio": 0.1238315061,
        "operatingIncome": 75600000,
        "operatingIncomeRatio": 0.0872475476,
        "totalOtherIncomeExpensesNet": -7600000,
        "incomeBeforeTax": 68000000,
        "incomeBeforeTaxRatio": 0.0784766301,
        "incomeTaxExpense": 18100000,
        "netIncome": 47400000,
        "netIncomeRatio": 0.0547028275,
        "eps": 0.31,
        "epsdiluted": 0.31,
        "weightedAverageShsOut": 150700000,
        "weightedAverageShsOutDil": 152900000,
        "link": "https://www.sec.gov/Archives/edgar/data/58492/000119312510245747/0001193125-10-245747-index.htm",
        "finalLink": "https://www.sec.gov/Archives/edgar/data/58492/000119312510245747/d10q.htm"
    },
    {
        "date": "2010-06-30",
        "symbol": "LEG",
        "reportedCurrency": "USD",
        "cik": "0000058492",
        "fillingDate": "2010-08-05",
        "acceptedDate": "2010-08-05 11:07:51",
        "calendarYear": "2010",
        "period": "Q2",
        "revenue": 874300000,
        "costOfRevenue": 694600000,
        "grossProfit": 179700000,
        "grossProfitRatio": 0.2055358573,
        "researchAndDevelopmentExpenses": 0,
        "generalAndAdministrativeExpenses": 88800000,
        "sellingAndMarketingExpenses": 0,
        "sellingGeneralAndAdministrativeExpenses": 88800000,
        "otherExpenses": 5800000,
        "operatingExpenses": 94600000,
        "costAndExpenses": 789200000,
        "interestIncome": 1200000,
        "interestExpense": 9200000,
        "depreciationAndAmortization": 29300000,
        "ebitda": 115600000,
        "ebitdaratio": 0.1322200618,
        "operatingIncome": 85100000,
        "operatingIncomeRatio": 0.0973350109,
        "totalOtherIncomeExpensesNet": -8000000,
        "incomeBeforeTax": 77100000,
        "incomeBeforeTaxRatio": 0.0881848336,
        "incomeTaxExpense": 23500000,
        "netIncome": 52700000,
        "netIncomeRatio": 0.0602767929,
        "eps": 0.35,
        "epsdiluted": 0.34,
        "weightedAverageShsOut": 151500000,
        "weightedAverageShsOutDil": 153800000,
        "link": "https://www.sec.gov/Archives/edgar/data/58492/000119312510178632/0001193125-10-178632-index.htm",
        "finalLink": "https://www.sec.gov/Archives/edgar/data/58492/000119312510178632/d10q.htm"
    },
    {
        "date": "2010-03-31",
        "symbol": "LEG",
        "reportedCurrency": "USD",
        "cik": "0000058492",
        "fillingDate": "2010-05-05",
        "acceptedDate": "2010-05-05 12:18:47",
        "calendarYear": "2010",
        "period": "Q1",
        "revenue": 816400000,
        "costOfRevenue": 650900000,
        "grossProfit": 165500000,
        "grossProfitRatio": 0.2027192553,
        "researchAndDevelopmentExpenses": 0,
        "generalAndAdministrativeExpenses": 0,
        "sellingAndMarketingExpenses": 0,
        "sellingGeneralAndAdministrativeExpenses": 92300000,
        "otherExpenses": 73200000,
        "operatingExpenses": 165500000,
        "costAndExpenses": 816400000,
        "interestIncome": 1100000,
        "interestExpense": 9300000,
        "depreciationAndAmortization": 31900000,
        "ebitda": 110200000,
        "ebitdaratio": 0.1349828515,
        "operatingIncome": 77200000,
        "operatingIncomeRatio": 0.0945614895,
        "totalOtherIncomeExpensesNet": -8200000,
        "incomeBeforeTax": 69000000,
        "incomeBeforeTaxRatio": 0.0845173934,
        "incomeTaxExpense": 21500000,
        "netIncome": 45100000,
        "netIncomeRatio": 0.0552425282,
        "eps": 0.29554390563564875,
        "epsdiluted": 0.29228775113415423,
        "weightedAverageShsOut": 152600000,
        "weightedAverageShsOutDil": 154300000,
        "link": "https://www.sec.gov/Archives/edgar/data/58492/000119312510108255/0001193125-10-108255-index.htm",
        "finalLink": "https://www.sec.gov/Archives/edgar/data/58492/000119312510108255/d10q.htm"
    },
    {
        "date": "2009-12-31",
        "symbol": "LEG",
        "reportedCurrency": "USD",
        "cik": "0000058492",
        "fillingDate": "2010-02-25",
        "acceptedDate": "2010-02-25 16:05:48",
        "calendarYear": "2009",
        "period": "Q4",
        "revenue": 769700000,
        "costOfRevenue": 599500000,
        "grossProfit": 170200000,
        "grossProfitRatio": 0.2211251137,
        "researchAndDevelopmentExpenses": 0,
        "generalAndAdministrativeExpenses": 87300000,
        "sellingAndMarketingExpenses": 0,
        "sellingGeneralAndAdministrativeExpenses": 87300000,
        "otherExpenses": -15500000,
        "operatingExpenses": 71800000,
        "costAndExpenses": 671300000,
        "interestIncome": 1700000,
        "interestExpense": 9600000,
        "depreciationAndAmortization": 33000000,
        "ebitda": 111300000,
        "ebitdaratio": 0.1446017929,
        "operatingIncome": 98400000,
        "operatingIncomeRatio": 0.1278420164,
        "totalOtherIncomeExpensesNet": -29700000,
        "incomeBeforeTax": 68700000,
        "incomeBeforeTaxRatio": 0.0892555541,
        "incomeTaxExpense": 26200000,
        "netIncome": 35200000,
        "netIncomeRatio": 0.0457321034,
        "eps": 0.23,
        "epsdiluted": 0.23,
        "weightedAverageShsOut": 152600000,
        "weightedAverageShsOutDil": 152600000,
        "link": "https://www.sec.gov/Archives/edgar/data/58492/000119312510040659/0001193125-10-040659-index.htm",
        "finalLink": "https://www.sec.gov/Archives/edgar/data/58492/000119312510040659/d10k.htm"
    },
    {
        "date": "2009-09-30",
        "symbol": "LEG",
        "reportedCurrency": "USD",
        "cik": "0000058492",
        "fillingDate": "2009-11-05",
        "acceptedDate": "2009-11-05 16:00:42",
        "calendarYear": "2009",
        "period": "Q3",
        "revenue": 809900000,
        "costOfRevenue": 622600000,
        "grossProfit": 187300000,
        "grossProfitRatio": 0.2312631189,
        "researchAndDevelopmentExpenses": 0,
        "generalAndAdministrativeExpenses": 84800000,
        "sellingAndMarketingExpenses": 0,
        "sellingGeneralAndAdministrativeExpenses": 84800000,
        "otherExpenses": 7500000,
        "operatingExpenses": 92300000,
        "costAndExpenses": 714900000,
        "interestIncome": 1300000,
        "interestExpense": 9300000,
        "depreciationAndAmortization": 32500000,
        "ebitda": 128800000,
        "ebitdaratio": 0.1590319793,
        "operatingIncome": 95000000,
        "operatingIncomeRatio": 0.1172984319,
        "totalOtherIncomeExpensesNet": -8000000,
        "incomeBeforeTax": 87000000,
        "incomeBeforeTaxRatio": 0.1074206692,
        "incomeTaxExpense": 30800000,
        "netIncome": 54300000,
        "netIncomeRatio": 0.0670453142,
        "eps": 0.34,
        "epsdiluted": 0.34,
        "weightedAverageShsOut": 159700000,
        "weightedAverageShsOutDil": 160500000,
        "link": "https://www.sec.gov/Archives/edgar/data/58492/000119312509225496/0001193125-09-225496-index.htm",
        "finalLink": "https://www.sec.gov/Archives/edgar/data/58492/000119312509225496/d10q.htm"
    },
    {
        "date": "2009-06-30",
        "symbol": "LEG",
        "reportedCurrency": "USD",
        "cik": "0000058492",
        "fillingDate": "2009-08-06",
        "acceptedDate": "2009-08-06 15:46:28",
        "calendarYear": "2009",
        "period": "Q2",
        "revenue": 757400000,
        "costOfRevenue": 610200000,
        "grossProfit": 147200000,
        "grossProfitRatio": 0.194349089,
        "researchAndDevelopmentExpenses": 0,
        "generalAndAdministrativeExpenses": 89000000,
        "sellingAndMarketingExpenses": 0,
        "sellingGeneralAndAdministrativeExpenses": 89000000,
        "otherExpenses": 17400000,
        "operatingExpenses": 106400000,
        "costAndExpenses": 716600000,
        "interestIncome": 1000000,
        "interestExpense": 9100000,
        "depreciationAndAmortization": 33400000,
        "ebitda": 75200000,
        "ebitdaratio": 0.0992870346,
        "operatingIncome": 40800000,
        "operatingIncomeRatio": 0.0538684975,
        "totalOtherIncomeExpensesNet": -8100000,
        "incomeBeforeTax": 32700000,
        "incomeBeforeTaxRatio": 0.0431740164,
        "incomeTaxExpense": 13600000,
        "netIncome": 19000000,
        "netIncomeRatio": 0.0250858199,
        "eps": 0.12,
        "epsdiluted": 0.12,
        "weightedAverageShsOut": 161500000,
        "weightedAverageShsOutDil": 161800000,
        "link": "https://www.sec.gov/Archives/edgar/data/58492/000119312509167092/0001193125-09-167092-index.htm",
        "finalLink": "https://www.sec.gov/Archives/edgar/data/58492/000119312509167092/d10q.htm"
    },
    {
        "date": "2009-03-31",
        "symbol": "LEG",
        "reportedCurrency": "USD",
        "cik": "0000058492",
        "fillingDate": "2009-05-08",
        "acceptedDate": "2009-05-08 12:47:29",
        "calendarYear": "2009",
        "period": "Q1",
        "revenue": 718100000,
        "costOfRevenue": 593100000,
        "grossProfit": 125000000,
        "grossProfitRatio": 0.1740704637,
        "researchAndDevelopmentExpenses": 0,
        "generalAndAdministrativeExpenses": 101900000,
        "sellingAndMarketingExpenses": 0,
        "sellingGeneralAndAdministrativeExpenses": 101900000,
        "otherExpenses": 5200000,
        "operatingExpenses": 107100000,
        "costAndExpenses": 700200000,
        "interestIncome": 1500000,
        "interestExpense": 9400000,
        "depreciationAndAmortization": 31400000,
        "ebitda": 50800000,
        "ebitdaratio": 0.0707422365,
        "operatingIncome": 17900000,
        "operatingIncomeRatio": 0.0249268904,
        "totalOtherIncomeExpensesNet": -7900000,
        "incomeBeforeTax": 10000000,
        "incomeBeforeTaxRatio": 0.0139256371,
        "incomeTaxExpense": 6700000,
        "netIncome": 3300000,
        "netIncomeRatio": 0.0045954602,
        "eps": 0.02,
        "epsdiluted": 0.02,
        "weightedAverageShsOut": 161100000,
        "weightedAverageShsOutDil": 161400000,
        "link": "https://www.sec.gov/Archives/edgar/data/58492/000119312509104970/0001193125-09-104970-index.htm",
        "finalLink": "https://www.sec.gov/Archives/edgar/data/58492/000119312509104970/d10q.htm"
    },
    {
        "date": "2008-12-31",
        "symbol": "LEG",
        "reportedCurrency": "USD",
        "cik": "0000058492",
        "fillingDate": "2009-02-25",
        "acceptedDate": "2009-02-25 10:58:25",
        "calendarYear": "2008",
        "period": "Q4",
        "revenue": 882500000,
        "costOfRevenue": 771900000,
        "grossProfit": 110600000,
        "grossProfitRatio": 0.125325779,
        "researchAndDevelopmentExpenses": 0,
        "generalAndAdministrativeExpenses": 106200000,
        "sellingAndMarketingExpenses": 0,
        "sellingGeneralAndAdministrativeExpenses": 106200000,
        "otherExpenses": -9400000,
        "operatingExpenses": 96800000,
        "costAndExpenses": 868700000,
        "interestIncome": 0,
        "interestExpense": 48400000,
        "depreciationAndAmortization": 34800000,
        "ebitda": 26100000,
        "ebitdaratio": 0.0295750708,
        "operatingIncome": 13800000,
        "operatingIncomeRatio": 0.0156373938,
        "totalOtherIncomeExpensesNet": -39100000,
        "incomeBeforeTax": -25300000,
        "incomeBeforeTaxRatio": -0.0286685552,
        "incomeTaxExpense": -17100000,
        "netIncome": -18000000,
        "netIncomeRatio": -0.0203966006,
        "eps": -0.11,
        "epsdiluted": -0.11,
        "weightedAverageShsOut": 161100000,
        "weightedAverageShsOutDil": 161100000,
        "link": "https://www.sec.gov/Archives/edgar/data/58492/000119312509036996/0001193125-09-036996-index.htm",
        "finalLink": "https://www.sec.gov/Archives/edgar/data/58492/000119312509036996/d10k.htm"
    },
    {
        "date": "2008-09-30",
        "symbol": "LEG",
        "reportedCurrency": "USD",
        "cik": "0000058492",
        "fillingDate": "2008-11-06",
        "acceptedDate": "2008-11-06 16:49:27",
        "calendarYear": "2008",
        "period": "Q3",
        "revenue": 1132200000,
        "costOfRevenue": 925100000,
        "grossProfit": 207100000,
        "grossProfitRatio": 0.1829182123,
        "researchAndDevelopmentExpenses": 0,
        "generalAndAdministrativeExpenses": 105500000,
        "sellingAndMarketingExpenses": 0,
        "sellingGeneralAndAdministrativeExpenses": 105500000,
        "otherExpenses": 6200000,
        "operatingExpenses": 111700000,
        "costAndExpenses": 1036800000,
        "interestIncome": 2300000,
        "interestExpense": 11900000,
        "depreciationAndAmortization": 34400000,
        "ebitda": 132900000,
        "ebitdaratio": 0.117382088,
        "operatingIncome": 95400000,
        "operatingIncomeRatio": 0.0842607313,
        "totalOtherIncomeExpensesNet": -9600000,
        "incomeBeforeTax": 85500000,
        "incomeBeforeTaxRatio": 0.0755166932,
        "incomeTaxExpense": 37100000,
        "netIncome": 32700000,
        "netIncomeRatio": 0.028881823,
        "eps": 0.2,
        "epsdiluted": 0.2,
        "weightedAverageShsOut": 165600000,
        "weightedAverageShsOutDil": 166100000,
        "link": "https://www.sec.gov/Archives/edgar/data/58492/000119312508228053/0001193125-08-228053-index.htm",
        "finalLink": "https://www.sec.gov/Archives/edgar/data/58492/000119312508228053/d10q.htm"
    },
    {
        "date": "2008-06-30",
        "symbol": "LEG",
        "reportedCurrency": "USD",
        "cik": "0000058492",
        "fillingDate": "2008-08-07",
        "acceptedDate": "2008-08-07 16:55:25",
        "calendarYear": "2008",
        "period": "Q2",
        "revenue": 1063100000,
        "costOfRevenue": 866700000,
        "grossProfit": 196400000,
        "grossProfitRatio": 0.1847427335,
        "researchAndDevelopmentExpenses": 0,
        "generalAndAdministrativeExpenses": 107600000,
        "sellingAndMarketingExpenses": 0,
        "sellingGeneralAndAdministrativeExpenses": 107600000,
        "otherExpenses": 6300000,
        "operatingExpenses": 113900000,
        "costAndExpenses": 980600000,
        "interestIncome": 2100000,
        "interestExpense": 13100000,
        "depreciationAndAmortization": 36200000,
        "ebitda": 120700000,
        "ebitdaratio": 0.1135358856,
        "operatingIncome": 82500000,
        "operatingIncomeRatio": 0.0776032358,
        "totalOtherIncomeExpensesNet": -11000000,
        "incomeBeforeTax": 69700000,
        "incomeBeforeTaxRatio": 0.0655629762,
        "incomeTaxExpense": 26200000,
        "netIncome": 46300000,
        "netIncomeRatio": 0.0435518766,
        "eps": 0.27,
        "epsdiluted": 0.27,
        "weightedAverageShsOut": 171300000,
        "weightedAverageShsOutDil": 171500000,
        "link": "https://www.sec.gov/Archives/edgar/data/58492/000119312508170209/0001193125-08-170209-index.htm",
        "finalLink": "https://www.sec.gov/Archives/edgar/data/58492/000119312508170209/d10q.htm"
    },
    {
        "date": "2008-03-31",
        "symbol": "LEG",
        "reportedCurrency": "USD",
        "cik": "0000058492",
        "fillingDate": "2008-05-09",
        "acceptedDate": "2008-05-09 15:30:14",
        "calendarYear": "2008",
        "period": "Q1",
        "revenue": 998300000,
        "costOfRevenue": 821200000,
        "grossProfit": 177100000,
        "grossProfitRatio": 0.1774015827,
        "researchAndDevelopmentExpenses": 0,
        "generalAndAdministrativeExpenses": 103900000,
        "sellingAndMarketingExpenses": 0,
        "sellingGeneralAndAdministrativeExpenses": 103900000,
        "otherExpenses": 6000000,
        "operatingExpenses": 109900000,
        "costAndExpenses": 931100000,
        "interestIncome": 2300000,
        "interestExpense": 13300000,
        "depreciationAndAmortization": 35000000,
        "ebitda": 107600000,
        "ebitdaratio": 0.1077832315,
        "operatingIncome": 67200000,
        "operatingIncomeRatio": 0.0673144345,
        "totalOtherIncomeExpensesNet": -11000000,
        "incomeBeforeTax": 58100000,
        "incomeBeforeTaxRatio": 0.0581989382,
        "incomeTaxExpense": 18900000,
        "netIncome": 43400000,
        "netIncomeRatio": 0.0434739056,
        "eps": 0.25,
        "epsdiluted": 0.25,
        "weightedAverageShsOut": 173100000,
        "weightedAverageShsOutDil": 173200000,
        "link": "https://www.sec.gov/Archives/edgar/data/58492/000119312508109664/0001193125-08-109664-index.htm",
        "finalLink": "https://www.sec.gov/Archives/edgar/data/58492/000119312508109664/d10q.htm"
    },
    {
        "date": "2007-12-31",
        "symbol": "LEG",
        "reportedCurrency": "USD",
        "cik": "0000058492",
        "fillingDate": "2008-02-26",
        "acceptedDate": "2008-02-26 14:05:16",
        "calendarYear": "2007",
        "period": "Q4",
        "revenue": 369900000,
        "costOfRevenue": 276200000,
        "grossProfit": 93700000,
        "grossProfitRatio": 0.2533117059,
        "researchAndDevelopmentExpenses": 0,
        "generalAndAdministrativeExpenses": 57200000,
        "sellingAndMarketingExpenses": 0,
        "sellingGeneralAndAdministrativeExpenses": 57200000,
        "otherExpenses": 23300000,
        "operatingExpenses": 80500000,
        "costAndExpenses": 356700000,
        "interestIncome": 0,
        "interestExpense": 58600000,
        "depreciationAndAmortization": 48300000,
        "ebitda": 61500000,
        "ebitdaratio": 0.1662611517,
        "operatingIncome": 13200000,
        "operatingIncomeRatio": 0.0356853204,
        "totalOtherIncomeExpensesNet": -148200000,
        "incomeBeforeTax": -135000000,
        "incomeBeforeTaxRatio": -0.3649635036,
        "incomeTaxExpense": 2300000,
        "netIncome": -212600000,
        "netIncomeRatio": -0.5747499324,
        "eps": -1.23,
        "epsdiluted": -1.23,
        "weightedAverageShsOut": 173000000,
        "weightedAverageShsOutDil": 173000000,
        "link": "https://www.sec.gov/Archives/edgar/data/58492/000119312508038495/0001193125-08-038495-index.htm",
        "finalLink": "https://www.sec.gov/Archives/edgar/data/58492/000119312508038495/d10k.htm"
    },
    {
        "date": "2007-09-30",
        "symbol": "LEG",
        "reportedCurrency": "USD",
        "cik": "0000058492",
        "fillingDate": "2007-11-08",
        "acceptedDate": "2007-11-08 14:56:34",
        "calendarYear": "2007",
        "period": "Q3",
        "revenue": 1326100000,
        "costOfRevenue": 1085300000,
        "grossProfit": 240800000,
        "grossProfitRatio": 0.1815850992,
        "researchAndDevelopmentExpenses": 0,
        "generalAndAdministrativeExpenses": 127000000,
        "sellingAndMarketingExpenses": 0,
        "sellingGeneralAndAdministrativeExpenses": 127000000,
        "otherExpenses": 0,
        "operatingExpenses": 127000000,
        "costAndExpenses": 1212300000,
        "interestIncome": 2700000,
        "interestExpense": 15800000,
        "depreciationAndAmortization": 44900000,
        "ebitda": 149300000,
        "ebitdaratio": 0.1125857778,
        "operatingIncome": 113800000,
        "operatingIncomeRatio": 0.0858155494,
        "totalOtherIncomeExpensesNet": -11800000,
        "incomeBeforeTax": 94800000,
        "incomeBeforeTaxRatio": 0.0714878214,
        "incomeTaxExpense": 29100000,
        "netIncome": 65700000,
        "netIncomeRatio": 0.049543775,
        "eps": 0.37,
        "epsdiluted": 0.37,
        "weightedAverageShsOut": 177100000,
        "weightedAverageShsOutDil": 177400000,
        "link": "https://www.sec.gov/Archives/edgar/data/58492/000119312507240150/0001193125-07-240150-index.htm",
        "finalLink": "https://www.sec.gov/Archives/edgar/data/58492/000119312507240150/d10q.htm"
    },
    {
        "date": "2007-06-30",
        "symbol": "LEG",
        "reportedCurrency": "USD",
        "cik": "0000058492",
        "fillingDate": "2007-08-09",
        "acceptedDate": "2007-08-09 13:40:24",
        "calendarYear": "2007",
        "period": "Q2",
        "revenue": 1316100000,
        "costOfRevenue": 1081000000,
        "grossProfit": 235100000,
        "grossProfitRatio": 0.1786338424,
        "researchAndDevelopmentExpenses": 0,
        "generalAndAdministrativeExpenses": 134300000,
        "sellingAndMarketingExpenses": 0,
        "sellingGeneralAndAdministrativeExpenses": 134300000,
        "otherExpenses": 0,
        "operatingExpenses": 134300000,
        "costAndExpenses": 1215300000,
        "interestIncome": 0,
        "interestExpense": 0,
        "depreciationAndAmortization": 46700000,
        "ebitda": 133900000,
        "ebitdaratio": 0.1017399894,
        "operatingIncome": 100800000,
        "operatingIncomeRatio": 0.0765899248,
        "totalOtherIncomeExpensesNet": -12900000,
        "incomeBeforeTax": 79600000,
        "incomeBeforeTaxRatio": 0.0604817263,
        "incomeTaxExpense": 19600000,
        "netIncome": 60000000,
        "netIncomeRatio": 0.0455892409,
        "eps": 0.33,
        "epsdiluted": 0.33,
        "weightedAverageShsOut": 181900000,
        "weightedAverageShsOutDil": 182600000,
        "link": "https://www.sec.gov/Archives/edgar/data/58492/000119312507177124/0001193125-07-177124-index.htm",
        "finalLink": "https://www.sec.gov/Archives/edgar/data/58492/000119312507177124/d10q.htm"
    },
    {
        "date": "2007-03-31",
        "symbol": "LEG",
        "reportedCurrency": "USD",
        "cik": "0000058492",
        "fillingDate": "2007-05-09",
        "acceptedDate": "2007-05-09 16:52:09",
        "calendarYear": "2007",
        "period": "Q1",
        "revenue": 1294300000,
        "costOfRevenue": 1065300000,
        "grossProfit": 229000000,
        "grossProfitRatio": 0.1769296145,
        "researchAndDevelopmentExpenses": 0,
        "generalAndAdministrativeExpenses": 122100000,
        "sellingAndMarketingExpenses": 0,
        "sellingGeneralAndAdministrativeExpenses": 122100000,
        "otherExpenses": 0,
        "operatingExpenses": 122100000,
        "costAndExpenses": 1187400000,
        "interestIncome": 1900000,
        "interestExpense": 14100000,
        "depreciationAndAmortization": 43500000,
        "ebitda": 134700000,
        "ebitdaratio": 0.104071699,
        "operatingIncome": 106900000,
        "operatingIncomeRatio": 0.0825929074,
        "totalOtherIncomeExpensesNet": -2200000,
        "incomeBeforeTax": 89000000,
        "incomeBeforeTaxRatio": 0.0687630379,
        "incomeTaxExpense": 26400000,
        "netIncome": 75700000,
        "netIncomeRatio": 0.0584872132,
        "eps": 0.41,
        "epsdiluted": 0.41,
        "weightedAverageShsOut": 183000000,
        "weightedAverageShsOutDil": 183700000,
        "link": "https://www.sec.gov/Archives/edgar/data/58492/000119312507108315/0001193125-07-108315-index.htm",
        "finalLink": "https://www.sec.gov/Archives/edgar/data/58492/000119312507108315/d10q.htm"
    },
    {
        "date": "2006-12-31",
        "symbol": "LEG",
        "reportedCurrency": "USD",
        "cik": "0000058492",
        "fillingDate": "2007-02-27",
        "acceptedDate": "2007-02-27 12:23:15",
        "calendarYear": "2006",
        "period": "Q4",
        "revenue": 1310500000,
        "costOfRevenue": 1067200000,
        "grossProfit": 243300000,
        "grossProfitRatio": 0.1856543304,
        "researchAndDevelopmentExpenses": 0,
        "generalAndAdministrativeExpenses": 119300000,
        "sellingAndMarketingExpenses": 0,
        "sellingGeneralAndAdministrativeExpenses": 119300000,
        "otherExpenses": 18800000,
        "operatingExpenses": 138100000,
        "costAndExpenses": 1205300000,
        "interestIncome": 0,
        "interestExpense": 56200000,
        "depreciationAndAmortization": 43500000,
        "ebitda": 148700000,
        "ebitdaratio": 0.1134681419,
        "operatingIncome": 105200000,
        "operatingIncomeRatio": 0.0802747043,
        "totalOtherIncomeExpensesNet": -30800000,
        "incomeBeforeTax": 105800000,
        "incomeBeforeTaxRatio": 0.0807325448,
        "incomeTaxExpense": 35800000,
        "netIncome": 70000000,
        "netIncomeRatio": 0.0534147272,
        "eps": 0.38,
        "epsdiluted": 0.38,
        "weightedAverageShsOut": 183000000,
        "weightedAverageShsOutDil": 183000000,
        "link": "https://www.sec.gov/Archives/edgar/data/58492/000119312507040727/0001193125-07-040727-index.htm",
        "finalLink": "https://www.sec.gov/Archives/edgar/data/58492/000119312507040727/d10k.htm"
    },
    {
        "date": "2006-09-30",
        "symbol": "LEG",
        "reportedCurrency": "USD",
        "cik": "0000058492",
        "fillingDate": "2006-11-02",
        "acceptedDate": "2006-11-02 14:35:19",
        "calendarYear": "2006",
        "period": "Q3",
        "revenue": 1414600000,
        "costOfRevenue": 1156000000,
        "grossProfit": 258600000,
        "grossProfitRatio": 0.1828078609,
        "researchAndDevelopmentExpenses": 0,
        "generalAndAdministrativeExpenses": 120600000,
        "sellingAndMarketingExpenses": 0,
        "sellingGeneralAndAdministrativeExpenses": 120600000,
        "otherExpenses": 0,
        "operatingExpenses": 120600000,
        "costAndExpenses": 1276600000,
        "interestIncome": 1300000,
        "interestExpense": 14000000,
        "depreciationAndAmortization": 43900000,
        "ebitda": 177200000,
        "ebitdaratio": 0.1252650926,
        "operatingIncome": 138000000,
        "operatingIncomeRatio": 0.0975540789,
        "totalOtherIncomeExpensesNet": -8200000,
        "incomeBeforeTax": 125100000,
        "incomeBeforeTaxRatio": 0.0884348933,
        "incomeTaxExpense": 41100000,
        "netIncome": 84000000,
        "netIncomeRatio": 0.0593807437,
        "eps": 0.45,
        "epsdiluted": 0.45,
        "weightedAverageShsOut": 185600000,
        "weightedAverageShsOutDil": 186300000,
        "link": "https://www.sec.gov/Archives/edgar/data/58492/000119312506221925/0001193125-06-221925-index.htm",
        "finalLink": "https://www.sec.gov/Archives/edgar/data/58492/000119312506221925/d10q.htm"
    },
    {
        "date": "2006-06-30",
        "symbol": "LEG",
        "reportedCurrency": "USD",
        "cik": "0000058492",
        "fillingDate": "2006-08-03",
        "acceptedDate": "2006-08-03 11:25:12",
        "calendarYear": "2006",
        "period": "Q2",
        "revenue": 1402600000,
        "costOfRevenue": 1146200000,
        "grossProfit": 256400000,
        "grossProfitRatio": 0.1828033652,
        "researchAndDevelopmentExpenses": 0,
        "generalAndAdministrativeExpenses": 125800000,
        "sellingAndMarketingExpenses": 0,
        "sellingGeneralAndAdministrativeExpenses": 125800000,
        "otherExpenses": 0,
        "operatingExpenses": 125800000,
        "costAndExpenses": 1272000000,
        "interestIncome": 2100000,
        "interestExpense": 14000000,
        "depreciationAndAmortization": 44800000,
        "ebitda": 170300000,
        "ebitdaratio": 0.1214173677,
        "operatingIncome": 130600000,
        "operatingIncomeRatio": 0.0931127905,
        "totalOtherIncomeExpensesNet": -13900000,
        "incomeBeforeTax": 111600000,
        "incomeBeforeTaxRatio": 0.0795665193,
        "incomeTaxExpense": 27400000,
        "netIncome": 84200000,
        "netIncomeRatio": 0.0600313703,
        "eps": 0.45,
        "epsdiluted": 0.45,
        "weightedAverageShsOut": 186900000,
        "weightedAverageShsOutDil": 187900000,
        "link": "https://www.sec.gov/Archives/edgar/data/58492/000119312506160502/0001193125-06-160502-index.htm",
        "finalLink": "https://www.sec.gov/Archives/edgar/data/58492/000119312506160502/d10q.htm"
    },
    {
        "date": "2006-03-31",
        "symbol": "LEG",
        "reportedCurrency": "USD",
        "cik": "0000058492",
        "fillingDate": "2006-05-05",
        "acceptedDate": "2006-05-05 13:12:39",
        "calendarYear": "2006",
        "period": "Q1",
        "revenue": 1377700000,
        "costOfRevenue": 1137600000,
        "grossProfit": 240100000,
        "grossProfitRatio": 0.1742759672,
        "researchAndDevelopmentExpenses": 0,
        "generalAndAdministrativeExpenses": 123800000,
        "sellingAndMarketingExpenses": 0,
        "sellingGeneralAndAdministrativeExpenses": 123800000,
        "otherExpenses": 12600000,
        "operatingExpenses": 136400000,
        "costAndExpenses": 1274000000,
        "interestIncome": 1500000,
        "interestExpense": 12900000,
        "depreciationAndAmortization": 43200000,
        "ebitda": 151100000,
        "ebitdaratio": 0.1096755462,
        "operatingIncome": 103700000,
        "operatingIncomeRatio": 0.0752703782,
        "totalOtherIncomeExpensesNet": -15600000,
        "incomeBeforeTax": 92300000,
        "incomeBeforeTaxRatio": 0.0669957175,
        "incomeTaxExpense": 30200000,
        "netIncome": 62100000,
        "netIncomeRatio": 0.0450751252,
        "eps": 0.33,
        "epsdiluted": 0.33,
        "weightedAverageShsOut": 187400000,
        "weightedAverageShsOutDil": 188200000,
        "link": "https://www.sec.gov/Archives/edgar/data/58492/000119312506101728/0001193125-06-101728-index.htm",
        "finalLink": "https://www.sec.gov/Archives/edgar/data/58492/000119312506101728/d10q.htm"
    },
    {
        "date": "2005-12-31",
        "symbol": "LEG",
        "reportedCurrency": "USD",
        "cik": "0000058492",
        "fillingDate": "2006-03-01",
        "acceptedDate": "2006-03-01 14:40:35",
        "calendarYear": "2005",
        "period": "Q4",
        "revenue": 1339600000,
        "costOfRevenue": 1120500000,
        "grossProfit": 219100000,
        "grossProfitRatio": 0.1635562855,
        "researchAndDevelopmentExpenses": 0,
        "generalAndAdministrativeExpenses": 122100000,
        "sellingAndMarketingExpenses": 0,
        "sellingGeneralAndAdministrativeExpenses": 122100000,
        "otherExpenses": 10300000,
        "operatingExpenses": 132400000,
        "costAndExpenses": 1252900000,
        "interestIncome": 0,
        "interestExpense": 46700000,
        "depreciationAndAmortization": 44200000,
        "ebitda": 130900000,
        "ebitdaratio": 0.097715736,
        "operatingIncome": 86700000,
        "operatingIncomeRatio": 0.0647208122,
        "totalOtherIncomeExpensesNet": -34000000,
        "incomeBeforeTax": 52700000,
        "incomeBeforeTaxRatio": 0.0393401015,
        "incomeTaxExpense": 7400000,
        "netIncome": 45300000,
        "netIncomeRatio": 0.0338160645,
        "eps": 0.24,
        "epsdiluted": 0.24,
        "weightedAverageShsOut": 187400000,
        "weightedAverageShsOutDil": 187400000,
        "link": "https://www.sec.gov/Archives/edgar/data/58492/000119312506042696/0001193125-06-042696-index.htm",
        "finalLink": "https://www.sec.gov/Archives/edgar/data/58492/000119312506042696/d10k.htm"
    },
    {
        "date": "2005-09-30",
        "symbol": "LEG",
        "reportedCurrency": "USD",
        "cik": "0000058492",
        "fillingDate": "2005-11-03",
        "acceptedDate": "2005-11-03 15:49:13",
        "calendarYear": "2005",
        "period": "Q3",
        "revenue": 1348600000,
        "costOfRevenue": 1133500000,
        "grossProfit": 215100000,
        "grossProfitRatio": 0.1594987394,
        "researchAndDevelopmentExpenses": 0,
        "generalAndAdministrativeExpenses": 115800000,
        "sellingAndMarketingExpenses": 0,
        "sellingGeneralAndAdministrativeExpenses": 115800000,
        "otherExpenses": 0,
        "operatingExpenses": 115800000,
        "costAndExpenses": 1249300000,
        "interestIncome": 1900000,
        "interestExpense": 11900000,
        "depreciationAndAmortization": 44300000,
        "ebitda": 99300000,
        "ebitdaratio": 0.0736319146,
        "operatingIncome": 99300000,
        "operatingIncomeRatio": 0.0736319146,
        "totalOtherIncomeExpensesNet": -21700000,
        "incomeBeforeTax": 77600000,
        "incomeBeforeTaxRatio": 0.0575411538,
        "incomeTaxExpense": 23600000,
        "netIncome": 54000000,
        "netIncomeRatio": 0.0400415245,
        "eps": 0.28,
        "epsdiluted": 0.28,
        "weightedAverageShsOut": 193000000,
        "weightedAverageShsOutDil": 193800000,
        "link": "https://www.sec.gov/Archives/edgar/data/58492/000119312505215600/0001193125-05-215600-index.htm",
        "finalLink": "https://www.sec.gov/Archives/edgar/data/58492/000119312505215600/d10q.htm"
    },
    {
        "date": "2005-06-30",
        "symbol": "LEG",
        "reportedCurrency": "USD",
        "cik": "0000058492",
        "fillingDate": "2005-08-04",
        "acceptedDate": "2005-08-04 16:22:05",
        "calendarYear": "2005",
        "period": "Q2",
        "revenue": 1309800000,
        "costOfRevenue": 1063600000,
        "grossProfit": 246200000,
        "grossProfitRatio": 0.1879676286,
        "researchAndDevelopmentExpenses": 0,
        "generalAndAdministrativeExpenses": 118300000,
        "sellingAndMarketingExpenses": 0,
        "sellingGeneralAndAdministrativeExpenses": 118300000,
        "otherExpenses": 0,
        "operatingExpenses": 118300000,
        "costAndExpenses": 1181900000,
        "interestIncome": 900000,
        "interestExpense": 10400000,
        "depreciationAndAmortization": 39200000,
        "ebitda": 127900000,
        "ebitdaratio": 0.097648496,
        "operatingIncome": 127900000,
        "operatingIncomeRatio": 0.097648496,
        "totalOtherIncomeExpensesNet": -9700000,
        "incomeBeforeTax": 1118200000,
        "incomeBeforeTaxRatio": 0.8537181249,
        "incomeTaxExpense": 39000000,
        "netIncome": 79200000,
        "netIncomeRatio": 0.0604672469,
        "eps": 0.41,
        "epsdiluted": 0.41,
        "weightedAverageShsOut": 193800000,
        "weightedAverageShsOutDil": 195000000,
        "link": "https://www.sec.gov/Archives/edgar/data/58492/000119312505157795/0001193125-05-157795-index.htm",
        "finalLink": "https://www.sec.gov/Archives/edgar/data/58492/000119312505157795/d10q.htm"
    },
    {
        "date": "2005-03-31",
        "symbol": "LEG",
        "reportedCurrency": "USD",
        "cik": "0000058492",
        "fillingDate": "2005-05-05",
        "acceptedDate": "2005-05-05 15:31:48",
        "calendarYear": "2005",
        "period": "Q1",
        "revenue": 1301300000,
        "costOfRevenue": 1068900000,
        "grossProfit": 232400000,
        "grossProfitRatio": 0.1785906401,
        "researchAndDevelopmentExpenses": 0,
        "generalAndAdministrativeExpenses": 112600000,
        "sellingAndMarketingExpenses": 0,
        "sellingGeneralAndAdministrativeExpenses": 112600000,
        "otherExpenses": 0,
        "operatingExpenses": 112600000,
        "costAndExpenses": 1181500000,
        "interestIncome": 2000000,
        "interestExpense": 11600000,
        "depreciationAndAmortization": 43400000,
        "ebitda": 160700000,
        "ebitdaratio": 0.1234918927,
        "operatingIncome": 119800000,
        "operatingIncomeRatio": 0.0920617844,
        "totalOtherIncomeExpensesNet": -9600000,
        "incomeBeforeTax": 107700000,
        "incomeBeforeTaxRatio": 0.0827633905,
        "incomeTaxExpense": 34900000,
        "netIncome": 72800000,
        "netIncomeRatio": 0.0559440559,
        "eps": 0.37,
        "epsdiluted": 0.37,
        "weightedAverageShsOut": 195200000,
        "weightedAverageShsOutDil": 196500000,
        "link": "https://www.sec.gov/Archives/edgar/data/58492/000119312505097373/0001193125-05-097373-index.htm",
        "finalLink": "https://www.sec.gov/Archives/edgar/data/58492/000119312505097373/d10q.htm"
    },
    {
        "date": "2004-12-31",
        "symbol": "LEG",
        "reportedCurrency": "USD",
        "cik": "0000058492",
        "fillingDate": "2005-02-28",
        "acceptedDate": "2005-02-28 16:42:50",
        "calendarYear": "2004",
        "period": "Q4",
        "revenue": 1282200000,
        "costOfRevenue": 1067400000,
        "grossProfit": 214800000,
        "grossProfitRatio": 0.1675245672,
        "researchAndDevelopmentExpenses": 0,
        "generalAndAdministrativeExpenses": 121100000,
        "sellingAndMarketingExpenses": 0,
        "sellingGeneralAndAdministrativeExpenses": 121100000,
        "otherExpenses": 10500000,
        "operatingExpenses": 131600000,
        "costAndExpenses": 1199000000,
        "interestIncome": 0,
        "interestExpense": 45900000,
        "depreciationAndAmortization": 43800000,
        "ebitda": 127000000,
        "ebitdaratio": 0.0990485104,
        "operatingIncome": 83200000,
        "operatingIncomeRatio": 0.0648884729,
        "totalOtherIncomeExpensesNet": -1600000,
        "incomeBeforeTax": 92100000,
        "incomeBeforeTaxRatio": 0.0718296678,
        "incomeTaxExpense": 26500000,
        "netIncome": 65600000,
        "netIncomeRatio": 0.0511620652,
        "eps": 0.34,
        "epsdiluted": 0.34,
        "weightedAverageShsOut": 194517808,
        "weightedAverageShsOutDil": 195200000,
        "link": "https://www.sec.gov/Archives/edgar/data/58492/000119312505038718/0001193125-05-038718-index.htm",
        "finalLink": "https://www.sec.gov/Archives/edgar/data/58492/000119312505038718/d10k.htm"
    },
    {
        "date": "2004-09-30",
        "symbol": "LEG",
        "reportedCurrency": "USD",
        "cik": "0000058492",
        "fillingDate": "2004-11-03",
        "acceptedDate": "2004-11-03 10:42:44",
        "calendarYear": "2004",
        "period": "Q3",
        "revenue": 1338000000,
        "costOfRevenue": 1095500000,
        "grossProfit": 242500000,
        "grossProfitRatio": 0.1812406577,
        "researchAndDevelopmentExpenses": 0,
        "generalAndAdministrativeExpenses": 111300000,
        "sellingAndMarketingExpenses": 0,
        "sellingGeneralAndAdministrativeExpenses": 111300000,
        "otherExpenses": 0,
        "operatingExpenses": 111300000,
        "costAndExpenses": 1206800000,
        "interestIncome": 1100000,
        "interestExpense": 10500000,
        "depreciationAndAmortization": 43700000,
        "ebitda": 131200000,
        "ebitdaratio": 0.0980568012,
        "operatingIncome": 131200000,
        "operatingIncomeRatio": 0.0980568012,
        "totalOtherIncomeExpensesNet": -10100000,
        "incomeBeforeTax": 121100000,
        "incomeBeforeTaxRatio": 0.0905082212,
        "incomeTaxExpense": 40900000,
        "netIncome": 80200000,
        "netIncomeRatio": 0.0599402093,
        "eps": 0.41,
        "epsdiluted": 0.41,
        "weightedAverageShsOut": 195400000,
        "weightedAverageShsOutDil": 196800000,
        "link": "https://www.sec.gov/Archives/edgar/data/58492/000119312504184413/0001193125-04-184413-index.htm",
        "finalLink": "https://www.sec.gov/Archives/edgar/data/58492/000119312504184413/d10q.htm"
    },
    {
        "date": "2004-06-30",
        "symbol": "LEG",
        "reportedCurrency": "USD",
        "cik": "0000058492",
        "fillingDate": "2004-08-16",
        "acceptedDate": "2004-08-16 12:37:27",
        "calendarYear": "2004",
        "period": "Q2",
        "revenue": 1278100000,
        "costOfRevenue": 1034700000,
        "grossProfit": 243400000,
        "grossProfitRatio": 0.1904389328,
        "researchAndDevelopmentExpenses": 0,
        "generalAndAdministrativeExpenses": 115800000,
        "sellingAndMarketingExpenses": 0,
        "sellingGeneralAndAdministrativeExpenses": 115800000,
        "otherExpenses": 0,
        "operatingExpenses": 115800000,
        "costAndExpenses": 1150500000,
        "interestIncome": 1400000,
        "interestExpense": 11800000,
        "depreciationAndAmortization": 46400000,
        "ebitda": 127600000,
        "ebitdaratio": 0.0998356936,
        "operatingIncome": 127600000,
        "operatingIncomeRatio": 0.0998356936,
        "totalOtherIncomeExpensesNet": -11200000,
        "incomeBeforeTax": 116400000,
        "incomeBeforeTaxRatio": 0.091072686,
        "incomeTaxExpense": 39600000,
        "netIncome": 76800000,
        "netIncomeRatio": 0.0600891949,
        "eps": 0.39,
        "epsdiluted": 0.39,
        "weightedAverageShsOut": 196000000,
        "weightedAverageShsOutDil": 197000000,
        "link": "https://www.sec.gov/Archives/edgar/data/58492/000119312504141446/0001193125-04-141446-index.htm",
        "finalLink": "https://www.sec.gov/Archives/edgar/data/58492/000119312504141446/d10qa.htm"
    },
    {
        "date": "2004-03-31",
        "symbol": "LEG",
        "reportedCurrency": "USD",
        "cik": "0000058492",
        "fillingDate": "2004-05-05",
        "acceptedDate": "2004-05-05 17:19:33",
        "calendarYear": "2004",
        "period": "Q1",
        "revenue": 1187200000,
        "costOfRevenue": 972100000,
        "grossProfit": 215100000,
        "grossProfitRatio": 0.1811826146,
        "researchAndDevelopmentExpenses": 0,
        "generalAndAdministrativeExpenses": 112000000,
        "sellingAndMarketingExpenses": 0,
        "sellingGeneralAndAdministrativeExpenses": 112000000,
        "otherExpenses": 0,
        "operatingExpenses": 112000000,
        "costAndExpenses": 1084100000,
        "interestIncome": 1700000,
        "interestExpense": 12000000,
        "depreciationAndAmortization": 43300000,
        "ebitda": 103100000,
        "ebitdaratio": 0.0868429919,
        "operatingIncome": 103100000,
        "operatingIncomeRatio": 0.0868429919,
        "totalOtherIncomeExpensesNet": -10100000,
        "incomeBeforeTax": 93000000,
        "incomeBeforeTaxRatio": 0.0783355795,
        "incomeTaxExpense": 30200000,
        "netIncome": 62800000,
        "netIncomeRatio": 0.0528975741,
        "eps": 0.32,
        "epsdiluted": 0.32,
        "weightedAverageShsOut": 196100000,
        "weightedAverageShsOutDil": 197100000,
        "link": "https://www.sec.gov/Archives/edgar/data/58492/000119312504079427/0001193125-04-079427-index.htm",
        "finalLink": "https://www.sec.gov/Archives/edgar/data/58492/000119312504079427/d10q.htm"
    },
    {
        "date": "2003-12-31",
        "symbol": "LEG",
        "reportedCurrency": "USD",
        "cik": "0000058492",
        "fillingDate": "2004-03-11",
        "acceptedDate": "2004-03-11 13:41:46",
        "calendarYear": "2003",
        "period": "Q4",
        "revenue": 1141200000,
        "costOfRevenue": 929300000,
        "grossProfit": 211900000,
        "grossProfitRatio": 0.1856817385,
        "researchAndDevelopmentExpenses": 0,
        "generalAndAdministrativeExpenses": 109400000,
        "sellingAndMarketingExpenses": 0,
        "sellingGeneralAndAdministrativeExpenses": 109400000,
        "otherExpenses": 8400000,
        "operatingExpenses": 117800000,
        "costAndExpenses": 1047100000,
        "interestIncome": 0,
        "interestExpense": 46900000,
        "depreciationAndAmortization": 44900000,
        "ebitda": 139000000,
        "ebitdaratio": 0.1218016123,
        "operatingIncome": 94100000,
        "operatingIncomeRatio": 0.0824570627,
        "totalOtherIncomeExpensesNet": -6100000,
        "incomeBeforeTax": 88000000,
        "incomeBeforeTaxRatio": 0.0771118121,
        "incomeTaxExpense": 29000000,
        "netIncome": 59000000,
        "netIncomeRatio": 0.0516999649,
        "eps": 0.3,
        "epsdiluted": 0.3,
        "weightedAverageShsOut": 194280952,
        "weightedAverageShsOutDil": 196100000,
        "link": "https://www.sec.gov/Archives/edgar/data/58492/000119312504038989/0001193125-04-038989-index.htm",
        "finalLink": "https://www.sec.gov/Archives/edgar/data/58492/000119312504038989/d10k.htm"
    },
    {
        "date": "2003-09-30",
        "symbol": "LEG",
        "reportedCurrency": "USD",
        "cik": "0000058492",
        "fillingDate": "2003-11-12",
        "acceptedDate": "2003-11-12 14:34:10",
        "calendarYear": "2003",
        "period": "Q3",
        "revenue": 1156700000,
        "costOfRevenue": 962000000,
        "grossProfit": 194700000,
        "grossProfitRatio": 0.1683236794,
        "researchAndDevelopmentExpenses": 0,
        "generalAndAdministrativeExpenses": 103700000,
        "sellingAndMarketingExpenses": 0,
        "sellingGeneralAndAdministrativeExpenses": 103700000,
        "otherExpenses": 0,
        "operatingExpenses": 103700000,
        "costAndExpenses": 1065700000,
        "interestIncome": 1900000,
        "interestExpense": 13300000,
        "depreciationAndAmortization": 39800000,
        "ebitda": 91000000,
        "ebitdaratio": 0.0786720844,
        "operatingIncome": 91000000,
        "operatingIncomeRatio": 0.0786720844,
        "totalOtherIncomeExpensesNet": -12900000,
        "incomeBeforeTax": 78100000,
        "incomeBeforeTaxRatio": 0.067519668,
        "incomeTaxExpense": 27300000,
        "netIncome": 50800000,
        "netIncomeRatio": 0.0439180427,
        "eps": 0.26,
        "epsdiluted": 0.26,
        "weightedAverageShsOut": 196000000,
        "weightedAverageShsOutDil": 196500000,
        "link": "https://www.sec.gov/Archives/edgar/data/58492/000119312503078255/0001193125-03-078255-index.htm",
        "finalLink": "https://www.sec.gov/Archives/edgar/data/58492/000119312503078255/d10q.htm"
    },
    {
        "date": "2003-06-30",
        "symbol": "LEG",
        "reportedCurrency": "USD",
        "cik": "0000058492",
        "fillingDate": "2003-08-06",
        "acceptedDate": "2003-08-06 15:03:50",
        "calendarYear": "2003",
        "period": "Q2",
        "revenue": 1052700000,
        "costOfRevenue": 868900000,
        "grossProfit": 183800000,
        "grossProfitRatio": 0.1745986511,
        "researchAndDevelopmentExpenses": 0,
        "generalAndAdministrativeExpenses": 99600000,
        "sellingAndMarketingExpenses": 0,
        "sellingGeneralAndAdministrativeExpenses": 99600000,
        "otherExpenses": 0,
        "operatingExpenses": 99600000,
        "costAndExpenses": 968500000,
        "interestIncome": 1500000,
        "interestExpense": 11500000,
        "depreciationAndAmortization": 42000000,
        "ebitda": 84200000,
        "ebitdaratio": 0.079984801,
        "operatingIncome": 84200000,
        "operatingIncomeRatio": 0.079984801,
        "totalOtherIncomeExpensesNet": -11800000,
        "incomeBeforeTax": 72400000,
        "incomeBeforeTaxRatio": 0.0687755296,
        "incomeTaxExpense": 25700000,
        "netIncome": 46700000,
        "netIncomeRatio": 0.0443621165,
        "eps": 0.24,
        "epsdiluted": 0.24,
        "weightedAverageShsOut": 196600000,
        "weightedAverageShsOutDil": 197000000,
        "link": "https://www.sec.gov/Archives/edgar/data/58492/000119312503029964/0001193125-03-029964-index.htm",
        "finalLink": "https://www.sec.gov/Archives/edgar/data/58492/000119312503029964/d10q.htm"
    },
    {
        "date": "2003-03-31",
        "symbol": "LEG",
        "reportedCurrency": "USD",
        "cik": "0000058492",
        "fillingDate": "2003-05-14",
        "acceptedDate": "2003-05-14 14:59:03",
        "calendarYear": "2003",
        "period": "Q1",
        "revenue": 1037600000,
        "costOfRevenue": 856300000,
        "grossProfit": 181300000,
        "grossProfitRatio": 0.1747301465,
        "researchAndDevelopmentExpenses": 0,
        "generalAndAdministrativeExpenses": 97200000,
        "sellingAndMarketingExpenses": 0,
        "sellingGeneralAndAdministrativeExpenses": 97200000,
        "otherExpenses": 0,
        "operatingExpenses": 97200000,
        "costAndExpenses": 953500000,
        "interestIncome": 1400000,
        "interestExpense": 9900000,
        "depreciationAndAmortization": 40300000,
        "ebitda": 84100000,
        "ebitdaratio": 0.0810524287,
        "operatingIncome": 84100000,
        "operatingIncomeRatio": 0.0810524287,
        "totalOtherIncomeExpensesNet": -7500000,
        "incomeBeforeTax": 76600000,
        "incomeBeforeTaxRatio": 0.0738242097,
        "incomeTaxExpense": 27200000,
        "netIncome": 49400000,
        "netIncomeRatio": 0.0476098689,
        "eps": 0.25,
        "epsdiluted": 0.25,
        "weightedAverageShsOut": 197600000,
        "weightedAverageShsOutDil": 197800000,
        "link": "https://www.sec.gov/Archives/edgar/data/58492/000095013103002877/0000950131-03-002877-index.htm",
        "finalLink": "https://www.sec.gov/Archives/edgar/data/58492/000095013103002877/d10q.htm"
    },
    {
        "date": "2002-12-31",
        "symbol": "LEG",
        "reportedCurrency": "USD",
        "cik": "0000058492",
        "fillingDate": "2003-03-18",
        "acceptedDate": "2003-03-18 16:38:28",
        "calendarYear": "2002",
        "period": "Q4",
        "revenue": 1012600000,
        "costOfRevenue": 830400000,
        "grossProfit": 182200000,
        "grossProfitRatio": 0.1799328461,
        "researchAndDevelopmentExpenses": 0,
        "generalAndAdministrativeExpenses": 94700000,
        "sellingAndMarketingExpenses": 0,
        "sellingGeneralAndAdministrativeExpenses": 94700000,
        "otherExpenses": 2300000,
        "operatingExpenses": 97000000,
        "costAndExpenses": 927400000,
        "interestIncome": 0,
        "interestExpense": 42100000,
        "depreciationAndAmortization": 42600000,
        "ebitda": 127800000,
        "ebitdaratio": 0.1262097571,
        "operatingIncome": 85200000,
        "operatingIncomeRatio": 0.084139838,
        "totalOtherIncomeExpensesNet": -9500000,
        "incomeBeforeTax": 75700000,
        "incomeBeforeTaxRatio": 0.0747580486,
        "incomeTaxExpense": 26800000,
        "netIncome": 48900000,
        "netIncomeRatio": 0.0482915268,
        "eps": 0.25,
        "epsdiluted": 0.25,
        "weightedAverageShsOut": 197600000,
        "weightedAverageShsOutDil": 197600000,
        "link": "https://www.sec.gov/Archives/edgar/data/58492/000095013103001429/0000950131-03-001429-index.htm",
        "finalLink": "https://www.sec.gov/Archives/edgar/data/58492/000095013103001429/d10k.htm"
    },
    {
        "date": "2002-09-30",
        "symbol": "LEG",
        "reportedCurrency": "USD",
        "cik": "0000058492",
        "fillingDate": "2002-11-13",
        "acceptedDate": "2002-11-13 15:31:16",
        "calendarYear": "2002",
        "period": "Q3",
        "revenue": 1121200000,
        "costOfRevenue": 909900000,
        "grossProfit": 211300000,
        "grossProfitRatio": 0.1884587941,
        "researchAndDevelopmentExpenses": 0,
        "generalAndAdministrativeExpenses": 98500000,
        "sellingAndMarketingExpenses": 0,
        "sellingGeneralAndAdministrativeExpenses": 98500000,
        "otherExpenses": 2500000,
        "operatingExpenses": 101000000,
        "costAndExpenses": 1010900000,
        "interestIncome": 0,
        "interestExpense": 0,
        "depreciationAndAmortization": 45000000,
        "ebitda": 155300000,
        "ebitdaratio": 0.1385123082,
        "operatingIncome": 110300000,
        "operatingIncomeRatio": 0.0983767392,
        "totalOtherIncomeExpensesNet": -19300000,
        "incomeBeforeTax": 91000000,
        "incomeBeforeTaxRatio": 0.0811630396,
        "incomeTaxExpense": 33300000,
        "netIncome": 57700000,
        "netIncomeRatio": 0.0514627185,
        "eps": 0.29,
        "epsdiluted": 0.29,
        "weightedAverageShsOut": 199000000,
        "weightedAverageShsOutDil": 199500000,
        "link": "https://www.sec.gov/Archives/edgar/data/58492/000095013102004396/0000950131-02-004396-index.htm",
        "finalLink": "https://www.sec.gov/Archives/edgar/data/58492/000095013102004396/d10q.txt"
    },
    {
        "date": "2002-06-30",
        "symbol": "LEG",
        "reportedCurrency": "USD",
        "cik": "0000058492",
        "fillingDate": "2002-08-05",
        "acceptedDate": "2002-08-05 11:52:07",
        "calendarYear": "2002",
        "period": "Q2",
        "revenue": 1115300000,
        "costOfRevenue": 886200000,
        "grossProfit": 229100000,
        "grossProfitRatio": 0.2054155833,
        "researchAndDevelopmentExpenses": 0,
        "generalAndAdministrativeExpenses": 103400000,
        "sellingAndMarketingExpenses": 0,
        "sellingGeneralAndAdministrativeExpenses": 103400000,
        "otherExpenses": 2800000,
        "operatingExpenses": 106200000,
        "costAndExpenses": 992400000,
        "interestIncome": 0,
        "interestExpense": 0,
        "depreciationAndAmortization": 38700000,
        "ebitda": 161600000,
        "ebitdaratio": 0.1448937506,
        "operatingIncome": 122900000,
        "operatingIncomeRatio": 0.1101945665,
        "totalOtherIncomeExpensesNet": -13500000,
        "incomeBeforeTax": 109400000,
        "incomeBeforeTaxRatio": 0.0980901999,
        "incomeTaxExpense": 39100000,
        "netIncome": 70300000,
        "netIncomeRatio": 0.063032368,
        "eps": 0.35,
        "epsdiluted": 0.35,
        "weightedAverageShsOut": 199300000,
        "weightedAverageShsOutDil": 200500000,
        "link": "https://www.sec.gov/Archives/edgar/data/58492/000095013102002932/0000950131-02-002932-index.htm",
        "finalLink": "https://www.sec.gov/Archives/edgar/data/58492/000095013102002932/d10q.txt"
    },
    {
        "date": "2002-03-31",
        "symbol": "LEG",
        "reportedCurrency": "USD",
        "cik": "0000058492",
        "fillingDate": "2002-05-08",
        "acceptedDate": "2002-05-08 15:51:56",
        "calendarYear": "2002",
        "period": "Q1",
        "revenue": 1022700000,
        "costOfRevenue": 823600000,
        "grossProfit": 199100000,
        "grossProfitRatio": 0.194680747,
        "researchAndDevelopmentExpenses": 0,
        "generalAndAdministrativeExpenses": 97600000,
        "sellingAndMarketingExpenses": 0,
        "sellingGeneralAndAdministrativeExpenses": 97600000,
        "otherExpenses": 2600000,
        "operatingExpenses": 100200000,
        "costAndExpenses": 923800000,
        "interestIncome": 0,
        "interestExpense": 0,
        "depreciationAndAmortization": 38300000,
        "ebitda": 137200000,
        "ebitdaratio": 0.1341546886,
        "operatingIncome": 98900000,
        "operatingIncomeRatio": 0.096704801,
        "totalOtherIncomeExpensesNet": -11500000,
        "incomeBeforeTax": 87400000,
        "incomeBeforeTaxRatio": 0.0854600567,
        "incomeTaxExpense": 31200000,
        "netIncome": 56200000,
        "netIncomeRatio": 0.0549525765,
        "eps": 0.28,
        "epsdiluted": 0.28,
        "weightedAverageShsOut": 199500000,
        "weightedAverageShsOutDil": 200700000,
        "link": "https://www.sec.gov/Archives/edgar/data/58492/000095013102001850/0000950131-02-001850-index.htm",
        "finalLink": "https://www.sec.gov/Archives/edgar/data/58492/000095013102001850/d10q.txt"
    },
    {
        "date": "2001-12-31",
        "symbol": "LEG",
        "reportedCurrency": "USD",
        "cik": "0000058492",
        "fillingDate": "2002-03-28",
        "acceptedDate": "2002-03-28 00:00:00",
        "calendarYear": "2001",
        "period": "Q4",
        "revenue": 968500000,
        "costOfRevenue": 736900000,
        "grossProfit": 231600000,
        "grossProfitRatio": 0.2391326794,
        "researchAndDevelopmentExpenses": 0,
        "generalAndAdministrativeExpenses": 144700000,
        "sellingAndMarketingExpenses": 0,
        "sellingGeneralAndAdministrativeExpenses": 144700000,
        "otherExpenses": 10000000,
        "operatingExpenses": 154700000,
        "costAndExpenses": 891600000,
        "interestIncome": 0,
        "interestExpense": 0,
        "depreciationAndAmortization": 52100000,
        "ebitda": 129000000,
        "ebitdaratio": 0.1331956634,
        "operatingIncome": 76900000,
        "operatingIncomeRatio": 0.0794011358,
        "totalOtherIncomeExpensesNet": -20800000,
        "incomeBeforeTax": 56100000,
        "incomeBeforeTaxRatio": 0.0579246257,
        "incomeTaxExpense": 20700000,
        "netIncome": 35400000,
        "netIncomeRatio": 0.0365513681,
        "eps": 0.18,
        "epsdiluted": 0.18,
        "weightedAverageShsOut": 199500000,
        "weightedAverageShsOutDil": 199500000,
        "link": "https://www.sec.gov/Archives/edgar/data/58492/000095013102001230/0000950131-02-001230-index.htm",
        "finalLink": "https://www.sec.gov/Archives/edgar/data/58492/000095013102001230/d10k405.txt"
    },
    {
        "date": "2001-09-30",
        "symbol": "LEG",
        "reportedCurrency": "USD",
        "cik": "0000058492",
        "fillingDate": "2001-10-31",
        "acceptedDate": "2001-10-31 00:00:00",
        "calendarYear": "2001",
        "period": "Q3",
        "revenue": 1056800000,
        "costOfRevenue": 799000000,
        "grossProfit": 257800000,
        "grossProfitRatio": 0.2439439818,
        "researchAndDevelopmentExpenses": 0,
        "generalAndAdministrativeExpenses": 149300000,
        "sellingAndMarketingExpenses": 0,
        "sellingGeneralAndAdministrativeExpenses": 149300000,
        "otherExpenses": 9200000,
        "operatingExpenses": 158500000,
        "costAndExpenses": 957500000,
        "interestIncome": 0,
        "interestExpense": 0,
        "depreciationAndAmortization": 48200000,
        "ebitda": 147500000,
        "ebitdaratio": 0.1395722937,
        "operatingIncome": 99300000,
        "operatingIncomeRatio": 0.0939629069,
        "totalOtherIncomeExpensesNet": -11700000,
        "incomeBeforeTax": 87600000,
        "incomeBeforeTaxRatio": 0.0828917487,
        "incomeTaxExpense": 32300000,
        "netIncome": 55300000,
        "netIncomeRatio": 0.052327782,
        "eps": 0.28,
        "epsdiluted": 0.28,
        "weightedAverageShsOut": 199700000,
        "weightedAverageShsOutDil": 200700000,
        "link": "https://www.sec.gov/Archives/edgar/data/58492/000095013101503930/0000950131-01-503930-index.htm",
        "finalLink": "https://www.sec.gov/Archives/edgar/data/58492/000095013101503930/d10q.txt"
    },
    {
        "date": "2001-06-30",
        "symbol": "LEG",
        "reportedCurrency": "USD",
        "cik": "0000058492",
        "fillingDate": "2001-08-13",
        "acceptedDate": "2001-08-13 00:00:00",
        "calendarYear": "2001",
        "period": "Q2",
        "revenue": 1035200000,
        "costOfRevenue": 783700000,
        "grossProfit": 251500000,
        "grossProfitRatio": 0.2429482226,
        "researchAndDevelopmentExpenses": 0,
        "generalAndAdministrativeExpenses": 146600000,
        "sellingAndMarketingExpenses": 0,
        "sellingGeneralAndAdministrativeExpenses": 146600000,
        "otherExpenses": 11900000,
        "operatingExpenses": 158500000,
        "costAndExpenses": 942200000,
        "interestIncome": 0,
        "interestExpense": 0,
        "depreciationAndAmortization": 50500000,
        "ebitda": 143500000,
        "ebitdaratio": 0.1386205564,
        "operatingIncome": 93000000,
        "operatingIncomeRatio": 0.0898377125,
        "totalOtherIncomeExpensesNet": -12300000,
        "incomeBeforeTax": 80700000,
        "incomeBeforeTaxRatio": 0.0779559505,
        "incomeTaxExpense": 29800000,
        "netIncome": 50900000,
        "netIncomeRatio": 0.0491692427,
        "eps": 0.26,
        "epsdiluted": 0.25,
        "weightedAverageShsOut": 199400000,
        "weightedAverageShsOutDil": 200200000,
        "link": "https://www.sec.gov/Archives/edgar/data/58492/000094018001500136/0000940180-01-500136-index.htm",
        "finalLink": "https://www.sec.gov/Archives/edgar/data/58492/000094018001500136/d10q.txt"
    },
    {
        "date": "2001-03-31",
        "symbol": "LEG",
        "reportedCurrency": "USD",
        "cik": "0000058492",
        "fillingDate": "2001-05-11",
        "acceptedDate": "2001-05-11 00:00:00",
        "calendarYear": "2001",
        "period": "Q1",
        "revenue": 1053300000,
        "costOfRevenue": 802200000,
        "grossProfit": 251100000,
        "grossProfitRatio": 0.2383936201,
        "researchAndDevelopmentExpenses": 0,
        "generalAndAdministrativeExpenses": 149700000,
        "sellingAndMarketingExpenses": 0,
        "sellingGeneralAndAdministrativeExpenses": 149700000,
        "otherExpenses": 8800000,
        "operatingExpenses": 158500000,
        "costAndExpenses": 960700000,
        "interestIncome": 0,
        "interestExpense": 0,
        "depreciationAndAmortization": 45800000,
        "ebitda": 138400000,
        "ebitdaratio": 0.1313965632,
        "operatingIncome": 92600000,
        "operatingIncomeRatio": 0.0879141745,
        "totalOtherIncomeExpensesNet": -19700000,
        "incomeBeforeTax": 72900000,
        "incomeBeforeTaxRatio": 0.069211051,
        "incomeTaxExpense": 26900000,
        "netIncome": 46000000,
        "netIncomeRatio": 0.0436722681,
        "eps": 0.23,
        "epsdiluted": 0.23,
        "weightedAverageShsOut": 199200000,
        "weightedAverageShsOutDil": 200400000,
        "link": "https://www.sec.gov/Archives/edgar/data/58492/000102140801500860/0001021408-01-500860-index.htm",
        "finalLink": "https://www.sec.gov/Archives/edgar/data/58492/000102140801500860/d10q.txt"
    },
    {
        "date": "2000-12-31",
        "symbol": "LEG",
        "reportedCurrency": "USD",
        "cik": "0000058492",
        "fillingDate": "2001-03-29",
        "acceptedDate": "2001-03-29 00:00:00",
        "calendarYear": "2000",
        "period": "Q4",
        "revenue": 1007500000,
        "costOfRevenue": 751400000,
        "grossProfit": 256100000,
        "grossProfitRatio": 0.2541935484,
        "researchAndDevelopmentExpenses": 0,
        "generalAndAdministrativeExpenses": 144900000,
        "sellingAndMarketingExpenses": 0,
        "sellingGeneralAndAdministrativeExpenses": 144900000,
        "otherExpenses": 46500000,
        "operatingExpenses": 191400000,
        "costAndExpenses": 942800000,
        "interestIncome": 0,
        "interestExpense": 0,
        "depreciationAndAmortization": 46500000,
        "ebitda": 111200000,
        "ebitdaratio": 0.1103722084,
        "operatingIncome": 64700000,
        "operatingIncomeRatio": 0.0642183623,
        "totalOtherIncomeExpensesNet": 6800000,
        "incomeBeforeTax": 71500000,
        "incomeBeforeTaxRatio": 0.0709677419,
        "incomeTaxExpense": 26400000,
        "netIncome": 45100000,
        "netIncomeRatio": 0.044764268,
        "eps": 0.23,
        "epsdiluted": 0.23,
        "weightedAverageShsOut": 197285714,
        "weightedAverageShsOutDil": 199200000,
        "link": "https://www.sec.gov/Archives/edgar/data/58492/000095013101500388/0000950131-01-500388-index.htm",
        "finalLink": "https://www.sec.gov/Archives/edgar/data/58492/000095013101500388/d10k405.txt"
    },
    {
        "date": "2000-09-30",
        "symbol": "LEG",
        "reportedCurrency": "USD",
        "cik": "0000058492",
        "fillingDate": "2000-11-13",
        "acceptedDate": "2000-11-13 00:00:00",
        "calendarYear": "2000",
        "period": "Q3",
        "revenue": 1129600000,
        "costOfRevenue": 800200000,
        "grossProfit": 329400000,
        "grossProfitRatio": 0.2916076487,
        "researchAndDevelopmentExpenses": 0,
        "generalAndAdministrativeExpenses": 145100000,
        "sellingAndMarketingExpenses": 0,
        "sellingGeneralAndAdministrativeExpenses": 145100000,
        "otherExpenses": 45300000,
        "operatingExpenses": 190400000,
        "costAndExpenses": 990600000,
        "interestIncome": 0,
        "interestExpense": 0,
        "depreciationAndAmortization": 45300000,
        "ebitda": 184300000,
        "ebitdaratio": 0.1631550992,
        "operatingIncome": 139000000,
        "operatingIncomeRatio": 0.1230524079,
        "totalOtherIncomeExpensesNet": -29800000,
        "incomeBeforeTax": 109200000,
        "incomeBeforeTaxRatio": 0.0966713881,
        "incomeTaxExpense": 40300000,
        "netIncome": 68900000,
        "netIncomeRatio": 0.0609950425,
        "eps": 0.35,
        "epsdiluted": 0.34,
        "weightedAverageShsOut": 199300000,
        "weightedAverageShsOutDil": 200700000,
        "link": "https://www.sec.gov/Archives/edgar/data/58492/000005849200000012/0000058492-00-000012-index.htm",
        "finalLink": "https://www.sec.gov/Archives/edgar/data/58492/000005849200000012/0000058492-00-000012-0001.txt"
    },
    {
        "date": "2000-06-30",
        "symbol": "LEG",
        "reportedCurrency": "USD",
        "cik": "0000058492",
        "fillingDate": "2000-08-11",
        "acceptedDate": "2000-08-11 00:00:00",
        "calendarYear": "2000",
        "period": "Q2",
        "revenue": 1095600000,
        "costOfRevenue": 764500000,
        "grossProfit": 331100000,
        "grossProfitRatio": 0.3022088353,
        "researchAndDevelopmentExpenses": 0,
        "generalAndAdministrativeExpenses": 143100000,
        "sellingAndMarketingExpenses": 0,
        "sellingGeneralAndAdministrativeExpenses": 143100000,
        "otherExpenses": 42600000,
        "operatingExpenses": 185700000,
        "costAndExpenses": 950200000,
        "interestIncome": 0,
        "interestExpense": 0,
        "depreciationAndAmortization": 42600000,
        "ebitda": 188000000,
        "ebitdaratio": 0.1715954728,
        "operatingIncome": 145400000,
        "operatingIncomeRatio": 0.1327126689,
        "totalOtherIncomeExpensesNet": -24800000,
        "incomeBeforeTax": 120600000,
        "incomeBeforeTaxRatio": 0.1100766703,
        "incomeTaxExpense": 44300000,
        "netIncome": 76300000,
        "netIncomeRatio": 0.0696422052,
        "eps": 0.38,
        "epsdiluted": 0.38,
        "weightedAverageShsOut": 199000000,
        "weightedAverageShsOutDil": 200600000,
        "link": "https://www.sec.gov/Archives/edgar/data/58492/000005849200000007/0000058492-00-000007-index.htm",
        "finalLink": "https://www.sec.gov/Archives/edgar/data/58492/000005849200000007/0000058492-00-000007-0001.txt"
    },
    {
        "date": "2000-03-31",
        "symbol": "LEG",
        "reportedCurrency": "USD",
        "cik": "0000058492",
        "fillingDate": "2000-05-12",
        "acceptedDate": "2000-05-12 00:00:00",
        "calendarYear": "2000",
        "period": "Q1",
        "revenue": 1043600000,
        "costOfRevenue": 733200000,
        "grossProfit": 310400000,
        "grossProfitRatio": 0.2974319663,
        "researchAndDevelopmentExpenses": 0,
        "generalAndAdministrativeExpenses": 134000000,
        "sellingAndMarketingExpenses": 0,
        "sellingGeneralAndAdministrativeExpenses": 134000000,
        "otherExpenses": 38900000,
        "operatingExpenses": 172900000,
        "costAndExpenses": 906100000,
        "interestIncome": 0,
        "interestExpense": 0,
        "depreciationAndAmortization": 38900000,
        "ebitda": 176400000,
        "ebitdaratio": 0.1690302798,
        "operatingIncome": 137500000,
        "operatingIncomeRatio": 0.1317554619,
        "totalOtherIncomeExpensesNet": -20200000,
        "incomeBeforeTax": 117300000,
        "incomeBeforeTaxRatio": 0.1123993867,
        "incomeTaxExpense": 43500000,
        "netIncome": 73800000,
        "netIncomeRatio": 0.0707167497,
        "eps": 0.37,
        "epsdiluted": 0.37,
        "weightedAverageShsOut": 198800000,
        "weightedAverageShsOutDil": 200300000,
        "link": "https://www.sec.gov/Archives/edgar/data/58492/000005849200000003/0000058492-00-000003-index.html",
        "finalLink": "https://www.sec.gov/Archives/edgar/data/58492/000005849200000003/"
    },
    {
        "date": "1999-12-31",
        "symbol": "LEG",
        "reportedCurrency": "USD",
        "cik": "0000058492",
        "fillingDate": "2000-03-29",
        "acceptedDate": "2000-03-29 00:00:00",
        "calendarYear": "1999",
        "period": "Q4",
        "revenue": 965100000,
        "costOfRevenue": 689900000,
        "grossProfit": 275200000,
        "grossProfitRatio": 0.2851517977,
        "researchAndDevelopmentExpenses": 0,
        "generalAndAdministrativeExpenses": 128800000,
        "sellingAndMarketingExpenses": 0,
        "sellingGeneralAndAdministrativeExpenses": 128800000,
        "otherExpenses": 39400000,
        "operatingExpenses": 168200000,
        "costAndExpenses": 858100000,
        "interestIncome": 0,
        "interestExpense": 0,
        "depreciationAndAmortization": 39400000,
        "ebitda": 146400000,
        "ebitdaratio": 0.151694125,
        "operatingIncome": 107000000,
        "operatingIncomeRatio": 0.11086934,
        "totalOtherIncomeExpensesNet": 11400000,
        "incomeBeforeTax": 118400000,
        "incomeBeforeTaxRatio": 0.1226815874,
        "incomeTaxExpense": 44100000,
        "netIncome": 74300000,
        "netIncomeRatio": 0.0769868407,
        "eps": 0.37,
        "epsdiluted": 0.37,
        "weightedAverageShsOut": 198800000,
        "weightedAverageShsOutDil": 198800000,
        "link": "https://www.sec.gov/Archives/edgar/data/58492/000095013100002096/0000950131-00-002096-index.html",
        "finalLink": "https://www.sec.gov/Archives/edgar/data/58492/000095013100002096/"
    },
    {
        "date": "1999-09-30",
        "symbol": "LEG",
        "reportedCurrency": "USD",
        "cik": "0000058492",
        "fillingDate": "1999-11-15",
        "acceptedDate": "1999-11-15 00:00:00",
        "calendarYear": "1999",
        "period": "Q3",
        "revenue": 991100000,
        "costOfRevenue": 685500000,
        "grossProfit": 305600000,
        "grossProfitRatio": 0.3083442639,
        "researchAndDevelopmentExpenses": 0,
        "generalAndAdministrativeExpenses": 128900000,
        "sellingAndMarketingExpenses": 0,
        "sellingGeneralAndAdministrativeExpenses": 128900000,
        "otherExpenses": 35700000,
        "operatingExpenses": 164600000,
        "costAndExpenses": 850100000,
        "interestIncome": 0,
        "interestExpense": 0,
        "depreciationAndAmortization": 35700000,
        "ebitda": 176700000,
        "ebitdaratio": 0.1782867521,
        "operatingIncome": 141000000,
        "operatingIncomeRatio": 0.1422661689,
        "totalOtherIncomeExpensesNet": -17000000,
        "incomeBeforeTax": 124000000,
        "incomeBeforeTaxRatio": 0.1251135102,
        "incomeTaxExpense": 46300000,
        "netIncome": 77700000,
        "netIncomeRatio": 0.0783977399,
        "eps": 0.39,
        "epsdiluted": 0.39,
        "weightedAverageShsOut": 198200000,
        "weightedAverageShsOutDil": 200900000,
        "link": "https://www.sec.gov/Archives/edgar/data/58492/000005849299000017/0000058492-99-000017-index.html",
        "finalLink": "https://www.sec.gov/Archives/edgar/data/58492/000005849299000017/"
    },
    {
        "date": "1999-06-30",
        "symbol": "LEG",
        "reportedCurrency": "USD",
        "cik": "0000058492",
        "fillingDate": "1999-08-13",
        "acceptedDate": "1999-08-13 00:00:00",
        "calendarYear": "1999",
        "period": "Q2",
        "revenue": 935200000,
        "costOfRevenue": 644600000,
        "grossProfit": 290600000,
        "grossProfitRatio": 0.3107356715,
        "researchAndDevelopmentExpenses": 0,
        "generalAndAdministrativeExpenses": 120800000,
        "sellingAndMarketingExpenses": 0,
        "sellingGeneralAndAdministrativeExpenses": 120800000,
        "otherExpenses": 37200000,
        "operatingExpenses": 158000000,
        "costAndExpenses": 802600000,
        "interestIncome": 0,
        "interestExpense": 0,
        "depreciationAndAmortization": 37200000,
        "ebitda": 169800000,
        "ebitdaratio": 0.1815654405,
        "operatingIncome": 132600000,
        "operatingIncomeRatio": 0.1417878529,
        "totalOtherIncomeExpensesNet": -17500000,
        "incomeBeforeTax": 115100000,
        "incomeBeforeTaxRatio": 0.123075278,
        "incomeTaxExpense": 42700000,
        "netIncome": 72400000,
        "netIncomeRatio": 0.0774165954,
        "eps": 0.37,
        "epsdiluted": 0.36,
        "weightedAverageShsOut": 198100000,
        "weightedAverageShsOutDil": 200900000,
        "link": "https://www.sec.gov/Archives/edgar/data/58492/000005849299000009/0000058492-99-000009-index.html",
        "finalLink": "https://www.sec.gov/Archives/edgar/data/58492/000005849299000009/"
    },
    {
        "date": "1999-03-31",
        "symbol": "LEG",
        "reportedCurrency": "USD",
        "cik": "0000058492",
        "fillingDate": "1999-05-14",
        "acceptedDate": "1999-05-14 00:00:00",
        "calendarYear": "1999",
        "period": "Q1",
        "revenue": 887600000,
        "costOfRevenue": 618200000,
        "grossProfit": 269400000,
        "grossProfitRatio": 0.3035150969,
        "researchAndDevelopmentExpenses": 0,
        "generalAndAdministrativeExpenses": 112700000,
        "sellingAndMarketingExpenses": 0,
        "sellingGeneralAndAdministrativeExpenses": 112700000,
        "otherExpenses": 37000000,
        "operatingExpenses": 149700000,
        "costAndExpenses": 767900000,
        "interestIncome": 0,
        "interestExpense": 0,
        "depreciationAndAmortization": 37000000,
        "ebitda": 156700000,
        "ebitdaratio": 0.1765434881,
        "operatingIncome": 119700000,
        "operatingIncomeRatio": 0.1348580442,
        "totalOtherIncomeExpensesNet": -14600000,
        "incomeBeforeTax": 105100000,
        "incomeBeforeTaxRatio": 0.1184091933,
        "incomeTaxExpense": 39000000,
        "netIncome": 66100000,
        "netIncomeRatio": 0.0744704822,
        "eps": 0.33,
        "epsdiluted": 0.33,
        "weightedAverageShsOut": 199100000,
        "weightedAverageShsOutDil": 201400000,
        "link": "https://www.sec.gov/Archives/edgar/data/58492/000005849299000002/0000058492-99-000002-index.html",
        "finalLink": "https://www.sec.gov/Archives/edgar/data/58492/"
    },
    {
        "date": "1998-12-31",
        "symbol": "LEG",
        "reportedCurrency": "USD",
        "cik": "0000058492",
        "fillingDate": "1999-03-31",
        "acceptedDate": "1999-03-31 00:00:00",
        "calendarYear": "1998",
        "period": "Q4",
        "revenue": 837700000,
        "costOfRevenue": 602900000,
        "grossProfit": 234800000,
        "grossProfitRatio": 0.2802912737,
        "researchAndDevelopmentExpenses": 0,
        "generalAndAdministrativeExpenses": 109300000,
        "sellingAndMarketingExpenses": 0,
        "sellingGeneralAndAdministrativeExpenses": 109300000,
        "otherExpenses": 35500000,
        "operatingExpenses": 144800000,
        "costAndExpenses": 747700000,
        "interestIncome": 0,
        "interestExpense": 0,
        "depreciationAndAmortization": 35500000,
        "ebitda": 125500000,
        "ebitdaratio": 0.1498149696,
        "operatingIncome": 90000000,
        "operatingIncomeRatio": 0.10743703,
        "totalOtherIncomeExpensesNet": 7700000,
        "incomeBeforeTax": 97700000,
        "incomeBeforeTaxRatio": 0.1166288647,
        "incomeTaxExpense": 36200000,
        "netIncome": 61500000,
        "netIncomeRatio": 0.0734153038,
        "eps": 0.31,
        "epsdiluted": 0.31,
        "weightedAverageShsOut": 199100000,
        "weightedAverageShsOutDil": 199100000,
        "link": "https://www.sec.gov/Archives/edgar/data/58492/000095013199001939/0000950131-99-001939-index.html",
        "finalLink": "https://www.sec.gov/Archives/edgar/data/58492/"
    },
    {
        "date": "1998-09-30",
        "symbol": "LEG",
        "reportedCurrency": "USD",
        "cik": "0000058492",
        "fillingDate": "1998-11-12",
        "acceptedDate": "1998-11-12 00:00:00",
        "calendarYear": "1998",
        "period": "Q3",
        "revenue": 884100000,
        "costOfRevenue": 623900000,
        "grossProfit": 260200000,
        "grossProfitRatio": 0.2943105983,
        "researchAndDevelopmentExpenses": 0,
        "generalAndAdministrativeExpenses": 109900000,
        "sellingAndMarketingExpenses": 0,
        "sellingGeneralAndAdministrativeExpenses": 109900000,
        "otherExpenses": 31400000,
        "operatingExpenses": 141300000,
        "costAndExpenses": 765200000,
        "interestIncome": 0,
        "interestExpense": 0,
        "depreciationAndAmortization": 31400000,
        "ebitda": 150300000,
        "ebitdaratio": 0.1700033933,
        "operatingIncome": 118900000,
        "operatingIncomeRatio": 0.134487049,
        "totalOtherIncomeExpensesNet": -14500000,
        "incomeBeforeTax": 104400000,
        "incomeBeforeTaxRatio": 0.1180861893,
        "incomeTaxExpense": 39200000,
        "netIncome": 65200000,
        "netIncomeRatio": 0.0737473137,
        "eps": 0.33,
        "epsdiluted": 0.32,
        "weightedAverageShsOut": 198300000,
        "weightedAverageShsOutDil": 201100000,
        "link": "https://www.sec.gov/Archives/edgar/data/58492/000005849298000017/0000058492-98-000017-index.html",
        "finalLink": "https://www.sec.gov/Archives/edgar/data/58492/"
    },
    {
        "date": "1998-06-30",
        "symbol": "LEG",
        "reportedCurrency": "USD",
        "cik": "0000058492",
        "fillingDate": "1998-08-13",
        "acceptedDate": "1998-08-13 00:00:00",
        "calendarYear": "1998",
        "period": "Q2",
        "revenue": 855400000,
        "costOfRevenue": 605200000,
        "grossProfit": 250200000,
        "grossProfitRatio": 0.2924947393,
        "researchAndDevelopmentExpenses": 0,
        "generalAndAdministrativeExpenses": 105000000,
        "sellingAndMarketingExpenses": 0,
        "sellingGeneralAndAdministrativeExpenses": 105000000,
        "otherExpenses": 30900000,
        "operatingExpenses": 135900000,
        "costAndExpenses": 741100000,
        "interestIncome": 0,
        "interestExpense": 0,
        "depreciationAndAmortization": 30900000,
        "ebitda": 145200000,
        "ebitdaratio": 0.1697451485,
        "operatingIncome": 114300000,
        "operatingIncomeRatio": 0.1336216975,
        "totalOtherIncomeExpensesNet": -13500000,
        "incomeBeforeTax": 100800000,
        "incomeBeforeTaxRatio": 0.1178396072,
        "incomeTaxExpense": 37400000,
        "netIncome": 63400000,
        "netIncomeRatio": 0.074117372,
        "eps": 0.32,
        "epsdiluted": 0.32,
        "weightedAverageShsOut": 197600000,
        "weightedAverageShsOutDil": 200900000,
        "link": "https://www.sec.gov/Archives/edgar/data/58492/000005849298000015/0000058492-98-000015-index.html",
        "finalLink": "https://www.sec.gov/Archives/edgar/data/58492/"
    },
    {
        "date": "1998-03-31",
        "symbol": "LEG",
        "reportedCurrency": "USD",
        "cik": "0000058492",
        "fillingDate": "1998-05-15",
        "acceptedDate": "1998-05-15 00:00:00",
        "calendarYear": "1998",
        "period": "Q1",
        "revenue": 793200000,
        "costOfRevenue": 560800000,
        "grossProfit": 232400000,
        "grossProfitRatio": 0.2929904186,
        "researchAndDevelopmentExpenses": 0,
        "generalAndAdministrativeExpenses": 98600000,
        "sellingAndMarketingExpenses": 0,
        "sellingGeneralAndAdministrativeExpenses": 98600000,
        "otherExpenses": 30100000,
        "operatingExpenses": 128700000,
        "costAndExpenses": 689500000,
        "interestIncome": 0,
        "interestExpense": 0,
        "depreciationAndAmortization": 30100000,
        "ebitda": 133800000,
        "ebitdaratio": 0.1686838124,
        "operatingIncome": 103700000,
        "operatingIncomeRatio": 0.1307362582,
        "totalOtherIncomeExpensesNet": -11000000,
        "incomeBeforeTax": 92700000,
        "incomeBeforeTaxRatio": 0.1168683812,
        "incomeTaxExpense": 34800000,
        "netIncome": 57900000,
        "netIncomeRatio": 0.0729954614,
        "eps": 0.3,
        "epsdiluted": 0.29,
        "weightedAverageShsOut": 196300000,
        "weightedAverageShsOutDil": 199700000,
        "link": "https://www.sec.gov/Archives/edgar/data/58492/000005849298000008/0000058492-98-000008-index.html",
        "finalLink": "https://www.sec.gov/Archives/edgar/data/58492/"
    },
    {
        "date": "1997-12-31",
        "symbol": "LEG",
        "reportedCurrency": "USD",
        "cik": "0000058492",
        "fillingDate": "1998-03-30",
        "acceptedDate": "1998-03-30 00:00:00",
        "calendarYear": "1997",
        "period": "Q4",
        "revenue": 767800000,
        "costOfRevenue": 560300000,
        "grossProfit": 207500000,
        "grossProfitRatio": 0.27025267,
        "researchAndDevelopmentExpenses": 0,
        "generalAndAdministrativeExpenses": 96700000,
        "sellingAndMarketingExpenses": 0,
        "sellingGeneralAndAdministrativeExpenses": 96700000,
        "otherExpenses": 29100000,
        "operatingExpenses": 125800000,
        "costAndExpenses": 686100000,
        "interestIncome": 0,
        "interestExpense": 0,
        "depreciationAndAmortization": 29100000,
        "ebitda": 110800000,
        "ebitdaratio": 0.1443084136,
        "operatingIncome": 81700000,
        "operatingIncomeRatio": 0.1064079187,
        "totalOtherIncomeExpensesNet": 5700000,
        "incomeBeforeTax": 87400000,
        "incomeBeforeTaxRatio": 0.113831727,
        "incomeTaxExpense": 32300000,
        "netIncome": 55100000,
        "netIncomeRatio": 0.0717634801,
        "eps": 0.28,
        "epsdiluted": 0.28,
        "weightedAverageShsOut": 196300000,
        "weightedAverageShsOutDil": 196300000,
        "link": "https://www.sec.gov/Archives/edgar/data/58492/000095013198002134/0000950131-98-002134-index.html",
        "finalLink": "https://www.sec.gov/Archives/edgar/data/58492/"
    },
    {
        "date": "1997-09-30",
        "symbol": "LEG",
        "reportedCurrency": "USD",
        "cik": "0000058492",
        "fillingDate": "1997-11-12",
        "acceptedDate": "1997-11-12 00:00:00",
        "calendarYear": "1997",
        "period": "Q3",
        "revenue": 747000000,
        "costOfRevenue": 533300000,
        "grossProfit": 213700000,
        "grossProfitRatio": 0.2860776439,
        "researchAndDevelopmentExpenses": 0,
        "generalAndAdministrativeExpenses": 91800000,
        "sellingAndMarketingExpenses": 0,
        "sellingGeneralAndAdministrativeExpenses": 91800000,
        "otherExpenses": 25200000,
        "operatingExpenses": 117000000,
        "costAndExpenses": 650300000,
        "interestIncome": 0,
        "interestExpense": 0,
        "depreciationAndAmortization": 25200000,
        "ebitda": 121900000,
        "ebitdaratio": 0.1631860776,
        "operatingIncome": 96700000,
        "operatingIncomeRatio": 0.1294511379,
        "totalOtherIncomeExpensesNet": -12800000,
        "incomeBeforeTax": 83900000,
        "incomeBeforeTaxRatio": 0.1123159304,
        "incomeTaxExpense": 31100000,
        "netIncome": 52800000,
        "netIncomeRatio": 0.0706827309,
        "eps": 0.28,
        "epsdiluted": 0.27,
        "weightedAverageShsOut": 191400000,
        "weightedAverageShsOutDil": 196200000,
        "link": "https://www.sec.gov/Archives/edgar/data/58492/000005849297000023/0000058492-97-000023-index.html",
        "finalLink": "https://www.sec.gov/Archives/edgar/data/58492/"
    },
    {
        "date": "1997-06-30",
        "symbol": "LEG",
        "reportedCurrency": "USD",
        "cik": "0000058492",
        "fillingDate": "1997-08-07",
        "acceptedDate": "1997-08-07 00:00:00",
        "calendarYear": "1997",
        "period": "Q2",
        "revenue": 721200000,
        "costOfRevenue": 509700000,
        "grossProfit": 211500000,
        "grossProfitRatio": 0.2932612313,
        "researchAndDevelopmentExpenses": 0,
        "generalAndAdministrativeExpenses": 87900000,
        "sellingAndMarketingExpenses": 0,
        "sellingGeneralAndAdministrativeExpenses": 87900000,
        "otherExpenses": 28000000,
        "operatingExpenses": 115900000,
        "costAndExpenses": 625600000,
        "interestIncome": 0,
        "interestExpense": 0,
        "depreciationAndAmortization": 28000000,
        "ebitda": 123600000,
        "ebitdaratio": 0.1713810316,
        "operatingIncome": 95600000,
        "operatingIncomeRatio": 0.1325568497,
        "totalOtherIncomeExpensesNet": -11700000,
        "incomeBeforeTax": 83900000,
        "incomeBeforeTaxRatio": 0.116333888,
        "incomeTaxExpense": 31900000,
        "netIncome": 52000000,
        "netIncomeRatio": 0.0721020521,
        "eps": 0.28,
        "epsdiluted": 0.28,
        "weightedAverageShsOut": 190400000,
        "weightedAverageShsOutDil": 190400000,
        "link": "https://www.sec.gov/Archives/edgar/data/58492/000005849297000021/0000058492-97-000021-index.html",
        "finalLink": "https://www.sec.gov/Archives/edgar/data/58492/"
    },
    {
        "date": "1997-03-31",
        "symbol": "LEG",
        "reportedCurrency": "USD",
        "cik": "0000058492",
        "fillingDate": "1997-05-08",
        "acceptedDate": "1997-05-08 00:00:00",
        "calendarYear": "1997",
        "period": "Q1",
        "revenue": 673200000,
        "costOfRevenue": 479700000,
        "grossProfit": 193500000,
        "grossProfitRatio": 0.2874331551,
        "researchAndDevelopmentExpenses": 0,
        "generalAndAdministrativeExpenses": 82400000,
        "sellingAndMarketingExpenses": 0,
        "sellingGeneralAndAdministrativeExpenses": 82400000,
        "otherExpenses": 23300000,
        "operatingExpenses": 105700000,
        "costAndExpenses": 585400000,
        "interestIncome": 0,
        "interestExpense": 0,
        "depreciationAndAmortization": 23300000,
        "ebitda": 111100000,
        "ebitdaratio": 0.1650326797,
        "operatingIncome": 87800000,
        "operatingIncomeRatio": 0.1304218657,
        "totalOtherIncomeExpensesNet": -9700000,
        "incomeBeforeTax": 78100000,
        "incomeBeforeTaxRatio": 0.1160130719,
        "incomeTaxExpense": 29700000,
        "netIncome": 48400000,
        "netIncomeRatio": 0.0718954248,
        "eps": 0.26,
        "epsdiluted": 0.26,
        "weightedAverageShsOut": 189400000,
        "weightedAverageShsOutDil": 189400000,
        "link": "https://www.sec.gov/Archives/edgar/data/58492/000005849297000006/0000058492-97-000006-index.html",
        "finalLink": "https://www.sec.gov/Archives/edgar/data/58492/"
    },
    {
        "date": "1996-12-31",
        "symbol": "LEG",
        "reportedCurrency": "USD",
        "cik": "0000058492",
        "fillingDate": "1997-03-27",
        "acceptedDate": "1997-03-27 00:00:00",
        "calendarYear": "1996",
        "period": "Q4",
        "revenue": 626400000,
        "costOfRevenue": 454200000,
        "grossProfit": 172200000,
        "grossProfitRatio": 0.2749042146,
        "researchAndDevelopmentExpenses": 0,
        "generalAndAdministrativeExpenses": 80900000,
        "sellingAndMarketingExpenses": 0,
        "sellingGeneralAndAdministrativeExpenses": 80900000,
        "otherExpenses": 24600000,
        "operatingExpenses": 105500000,
        "costAndExpenses": 559700000,
        "interestIncome": 0,
        "interestExpense": 0,
        "depreciationAndAmortization": 24600000,
        "ebitda": 91300000,
        "ebitdaratio": 0.1457535121,
        "operatingIncome": 66700000,
        "operatingIncomeRatio": 0.1064814815,
        "totalOtherIncomeExpensesNet": 5900000,
        "incomeBeforeTax": 72600000,
        "incomeBeforeTaxRatio": 0.1159003831,
        "incomeTaxExpense": 27900000,
        "netIncome": 44700000,
        "netIncomeRatio": 0.0713601533,
        "eps": 0.24,
        "epsdiluted": 0.24,
        "weightedAverageShsOut": 188040523,
        "weightedAverageShsOutDil": 189400000,
        "link": "https://www.sec.gov/Archives/edgar/data/58492/000095013197002089/0000950131-97-002089-index.html",
        "finalLink": "https://www.sec.gov/Archives/edgar/data/58492/"
    },
    {
        "date": "1996-09-30",
        "symbol": "LEG",
        "reportedCurrency": "USD",
        "cik": "0000058492",
        "fillingDate": "1996-10-30",
        "acceptedDate": "1996-10-30 00:00:00",
        "calendarYear": "1996",
        "period": "Q3",
        "revenue": 628600000,
        "costOfRevenue": 447800000,
        "grossProfit": 180800000,
        "grossProfitRatio": 0.2876232899,
        "researchAndDevelopmentExpenses": 0,
        "generalAndAdministrativeExpenses": 74900000,
        "sellingAndMarketingExpenses": 0,
        "sellingGeneralAndAdministrativeExpenses": 74900000,
        "otherExpenses": 23500000,
        "operatingExpenses": 98400000,
        "costAndExpenses": 546200000,
        "interestIncome": 0,
        "interestExpense": 0,
        "depreciationAndAmortization": 23500000,
        "ebitda": 105900000,
        "ebitdaratio": 0.168469615,
        "operatingIncome": 82400000,
        "operatingIncomeRatio": 0.1310849507,
        "totalOtherIncomeExpensesNet": -10500000,
        "incomeBeforeTax": 71900000,
        "incomeBeforeTaxRatio": 0.1143811645,
        "incomeTaxExpense": 27900000,
        "netIncome": 44000000,
        "netIncomeRatio": 0.0699968183,
        "eps": 0.25,
        "epsdiluted": 0.24,
        "weightedAverageShsOut": 184000000,
        "weightedAverageShsOutDil": 184000000,
        "link": "https://www.sec.gov/Archives/edgar/data/58492/000005849296000018/0000058492-96-000018-index.html",
        "finalLink": "https://www.sec.gov/Archives/edgar/data/58492/"
    },
    {
        "date": "1996-06-30",
        "symbol": "LEG",
        "reportedCurrency": "USD",
        "cik": "0000058492",
        "fillingDate": "1996-08-14",
        "acceptedDate": "1996-08-14 00:00:00",
        "calendarYear": "1996",
        "period": "Q2",
        "revenue": 620000000,
        "costOfRevenue": 436500000,
        "grossProfit": 183500000,
        "grossProfitRatio": 0.2959677419,
        "researchAndDevelopmentExpenses": 0,
        "generalAndAdministrativeExpenses": 75900000,
        "sellingAndMarketingExpenses": 0,
        "sellingGeneralAndAdministrativeExpenses": 75900000,
        "otherExpenses": 25900000,
        "operatingExpenses": 101800000,
        "costAndExpenses": 538300000,
        "interestIncome": 0,
        "interestExpense": 0,
        "depreciationAndAmortization": 25900000,
        "ebitda": 107600000,
        "ebitdaratio": 0.1735483871,
        "operatingIncome": 81700000,
        "operatingIncomeRatio": 0.1317741935,
        "totalOtherIncomeExpensesNet": -37900000,
        "incomeBeforeTax": 43800000,
        "incomeBeforeTaxRatio": 0.0706451613,
        "incomeTaxExpense": 17200000,
        "netIncome": 14100000,
        "netIncomeRatio": 0.0227419355,
        "eps": 0.08,
        "epsdiluted": 0.08,
        "weightedAverageShsOut": 182600000,
        "weightedAverageShsOutDil": 182600000,
        "link": "https://www.sec.gov/Archives/edgar/data/58492/000005849296000006/0000058492-96-000006-index.html",
        "finalLink": "https://www.sec.gov/Archives/edgar/data/58492/"
    },
    {
        "date": "1996-03-31",
        "symbol": "LEG",
        "reportedCurrency": "USD",
        "cik": "0000058492",
        "fillingDate": "1996-04-25",
        "acceptedDate": "1996-04-25 00:00:00",
        "calendarYear": "1996",
        "period": "Q1",
        "revenue": 524200000,
        "costOfRevenue": 375700000,
        "grossProfit": 148500000,
        "grossProfitRatio": 0.2832888211,
        "researchAndDevelopmentExpenses": 0,
        "generalAndAdministrativeExpenses": 66800000,
        "sellingAndMarketingExpenses": 0,
        "sellingGeneralAndAdministrativeExpenses": 66800000,
        "otherExpenses": 18200000,
        "operatingExpenses": 85000000,
        "costAndExpenses": 460700000,
        "interestIncome": 0,
        "interestExpense": 0,
        "depreciationAndAmortization": 18200000,
        "ebitda": 81700000,
        "ebitdaratio": 0.1558565433,
        "operatingIncome": 63500000,
        "operatingIncomeRatio": 0.1211369706,
        "totalOtherIncomeExpensesNet": -3900000,
        "incomeBeforeTax": 59600000,
        "incomeBeforeTaxRatio": 0.1136970622,
        "incomeTaxExpense": 23200000,
        "netIncome": 36400000,
        "netIncomeRatio": 0.0694391454,
        "eps": 0.21,
        "epsdiluted": 0.21,
        "weightedAverageShsOut": 170400000,
        "weightedAverageShsOutDil": 170400000,
        "link": "https://www.sec.gov/Archives/edgar/data/58492/000005849296000002/0000058492-96-000002-index.html",
        "finalLink": "https://www.sec.gov/Archives/edgar/data/58492/"
    },
    {
        "date": "1995-12-31",
        "symbol": "LEG",
        "reportedCurrency": "USD",
        "cik": "0000058492",
        "fillingDate": "1996-03-28",
        "acceptedDate": "1996-03-28 00:00:00",
        "calendarYear": "1995",
        "period": "Q4",
        "revenue": 494900000,
        "costOfRevenue": 354100000,
        "grossProfit": 140800000,
        "grossProfitRatio": 0.2845019196,
        "researchAndDevelopmentExpenses": 0,
        "generalAndAdministrativeExpenses": 64000000,
        "sellingAndMarketingExpenses": 0,
        "sellingGeneralAndAdministrativeExpenses": 64000000,
        "otherExpenses": 18800000,
        "operatingExpenses": 82800000,
        "costAndExpenses": 436900000,
        "interestIncome": 0,
        "interestExpense": 0,
        "depreciationAndAmortization": 18800000,
        "ebitda": 76800000,
        "ebitdaratio": 0.1551828652,
        "operatingIncome": 58000000,
        "operatingIncomeRatio": 0.117195393,
        "totalOtherIncomeExpensesNet": -2800000,
        "incomeBeforeTax": 55200000,
        "incomeBeforeTaxRatio": 0.1115376844,
        "incomeTaxExpense": 21000000,
        "netIncome": 34200000,
        "netIncomeRatio": 0.0691048697,
        "eps": 0.2,
        "epsdiluted": 0.2,
        "weightedAverageShsOut": 169342138,
        "weightedAverageShsOutDil": 170400000,
        "link": "https://www.sec.gov/Archives/edgar/data/58492/000095013196001285/0000950131-96-001285-index.html",
        "finalLink": "https://www.sec.gov/Archives/edgar/data/58492/"
    },
    {
        "date": "1995-09-30",
        "symbol": "LEG",
        "reportedCurrency": "USD",
        "cik": "0000058492",
        "fillingDate": "1995-11-13",
        "acceptedDate": "1995-11-13 00:00:00",
        "calendarYear": "1995",
        "period": "Q3",
        "revenue": 523600000,
        "costOfRevenue": 383600000,
        "grossProfit": 140000000,
        "grossProfitRatio": 0.2673796791,
        "researchAndDevelopmentExpenses": 0,
        "generalAndAdministrativeExpenses": 62900000,
        "sellingAndMarketingExpenses": 0,
        "sellingGeneralAndAdministrativeExpenses": 62900000,
        "otherExpenses": 16100000,
        "operatingExpenses": 79000000,
        "costAndExpenses": 462600000,
        "interestIncome": 0,
        "interestExpense": 0,
        "depreciationAndAmortization": 16100000,
        "ebitda": 77100000,
        "ebitdaratio": 0.147249809,
        "operatingIncome": 61000000,
        "operatingIncomeRatio": 0.1165011459,
        "totalOtherIncomeExpensesNet": -3900000,
        "incomeBeforeTax": 57100000,
        "incomeBeforeTaxRatio": 0.109052712,
        "incomeTaxExpense": 22300000,
        "netIncome": 34800000,
        "netIncomeRatio": 0.0664629488,
        "eps": 0.21,
        "epsdiluted": 0.21,
        "weightedAverageShsOut": 170800000,
        "weightedAverageShsOutDil": 170800000,
        "link": "https://www.sec.gov/Archives/edgar/data/58492/000005849295000031/0000058492-95-000031-index.html",
        "finalLink": "https://www.sec.gov/Archives/edgar/data/58492/"
    },
    {
        "date": "1995-06-30",
        "symbol": "LEG",
        "reportedCurrency": "USD",
        "cik": "0000058492",
        "fillingDate": "1995-08-10",
        "acceptedDate": "1995-08-10 00:00:00",
        "calendarYear": "1995",
        "period": "Q2",
        "revenue": 517700000,
        "costOfRevenue": 378700000,
        "grossProfit": 139000000,
        "grossProfitRatio": 0.2684952675,
        "researchAndDevelopmentExpenses": 0,
        "generalAndAdministrativeExpenses": 64400000,
        "sellingAndMarketingExpenses": 0,
        "sellingGeneralAndAdministrativeExpenses": 64400000,
        "otherExpenses": 15800000,
        "operatingExpenses": 80200000,
        "costAndExpenses": 458900000,
        "interestIncome": 0,
        "interestExpense": 0,
        "depreciationAndAmortization": 15800000,
        "ebitda": 74600000,
        "ebitdaratio": 0.144098899,
        "operatingIncome": 58800000,
        "operatingIncomeRatio": 0.113579293,
        "totalOtherIncomeExpensesNet": -4600000,
        "incomeBeforeTax": 54200000,
        "incomeBeforeTaxRatio": 0.1046938381,
        "incomeTaxExpense": 21200000,
        "netIncome": 33000000,
        "netIncomeRatio": 0.0637434808,
        "eps": 0.2,
        "epsdiluted": 0.2,
        "weightedAverageShsOut": 169800000,
        "weightedAverageShsOutDil": 169800000,
        "link": "https://www.sec.gov/Archives/edgar/data/58492/000005849295000024/0000058492-95-000024-index.html",
        "finalLink": "https://www.sec.gov/Archives/edgar/data/58492/"
    },
    {
        "date": "1995-03-31",
        "symbol": "LEG",
        "reportedCurrency": "USD",
        "cik": "0000058492",
        "fillingDate": "1995-05-12",
        "acceptedDate": "1995-05-12 00:00:00",
        "calendarYear": "1995",
        "period": "Q1",
        "revenue": 523100000,
        "costOfRevenue": 384800000,
        "grossProfit": 138300000,
        "grossProfitRatio": 0.2643853948,
        "researchAndDevelopmentExpenses": 0,
        "generalAndAdministrativeExpenses": 63500000,
        "sellingAndMarketingExpenses": 0,
        "sellingGeneralAndAdministrativeExpenses": 63500000,
        "otherExpenses": 16400000,
        "operatingExpenses": 79900000,
        "costAndExpenses": 464700000,
        "interestIncome": 0,
        "interestExpense": 0,
        "depreciationAndAmortization": 16400000,
        "ebitda": 74800000,
        "ebitdaratio": 0.1429936915,
        "operatingIncome": 58400000,
        "operatingIncomeRatio": 0.1116421334,
        "totalOtherIncomeExpensesNet": -4200000,
        "incomeBeforeTax": 54200000,
        "incomeBeforeTaxRatio": 0.1036130759,
        "incomeTaxExpense": 21300000,
        "netIncome": 32900000,
        "netIncomeRatio": 0.0628942841,
        "eps": 0.2,
        "epsdiluted": 0.2,
        "weightedAverageShsOut": 168800000,
        "weightedAverageShsOutDil": 168800000,
        "link": "https://www.sec.gov/Archives/edgar/data/58492/000005849295000009/0000058492-95-000009-index.html",
        "finalLink": "https://www.sec.gov/Archives/edgar/data/58492/"
    },
    {
        "date": "1994-12-31",
        "symbol": "LEG",
        "reportedCurrency": "USD",
        "cik": "0000058492",
        "fillingDate": "1995-03-29",
        "acceptedDate": "1995-03-29 00:00:00",
        "calendarYear": "1994",
        "period": "Q4",
        "revenue": 492100000,
        "costOfRevenue": 360700000,
        "grossProfit": 131400000,
        "grossProfitRatio": 0.2670188986,
        "researchAndDevelopmentExpenses": 0,
        "generalAndAdministrativeExpenses": 61700000,
        "sellingAndMarketingExpenses": 0,
        "sellingGeneralAndAdministrativeExpenses": 61700000,
        "otherExpenses": 15900000,
        "operatingExpenses": 77600000,
        "costAndExpenses": 438300000,
        "interestIncome": 0,
        "interestExpense": 0,
        "depreciationAndAmortization": 15900000,
        "ebitda": 69700000,
        "ebitdaratio": 0.1416378785,
        "operatingIncome": 53800000,
        "operatingIncomeRatio": 0.1093273725,
        "totalOtherIncomeExpensesNet": -3600000,
        "incomeBeforeTax": 50200000,
        "incomeBeforeTaxRatio": 0.1020117862,
        "incomeTaxExpense": 19200000,
        "netIncome": 31000000,
        "netIncomeRatio": 0.0629953262,
        "eps": 0.18,
        "epsdiluted": 0.18,
        "weightedAverageShsOut": 167372662,
        "weightedAverageShsOutDil": 168800000,
        "link": "https://www.sec.gov/Archives/edgar/data/58492/000095013195000759/0000950131-95-000759-index.html",
        "finalLink": "https://www.sec.gov/Archives/edgar/data/58492/"
    },
    {
        "date": "1994-09-30",
        "symbol": "LEG",
        "reportedCurrency": "USD",
        "cik": "0000058492",
        "fillingDate": "1994-11-14",
        "acceptedDate": "1994-11-14 00:00:00",
        "calendarYear": "1994",
        "period": "Q3",
        "revenue": 482600000,
        "costOfRevenue": 357300000,
        "grossProfit": 125300000,
        "grossProfitRatio": 0.2596353087,
        "researchAndDevelopmentExpenses": 0,
        "generalAndAdministrativeExpenses": 58000000,
        "sellingAndMarketingExpenses": 0,
        "sellingGeneralAndAdministrativeExpenses": 58000000,
        "otherExpenses": 14700000,
        "operatingExpenses": 72700000,
        "costAndExpenses": 430000000,
        "interestIncome": 0,
        "interestExpense": 0,
        "depreciationAndAmortization": 14700000,
        "ebitda": 67300000,
        "ebitdaratio": 0.1394529631,
        "operatingIncome": 52600000,
        "operatingIncomeRatio": 0.1089929548,
        "totalOtherIncomeExpensesNet": -2700000,
        "incomeBeforeTax": 49900000,
        "incomeBeforeTaxRatio": 0.1033982594,
        "incomeTaxExpense": 19700000,
        "netIncome": 30200000,
        "netIncomeRatio": 0.0625777041,
        "eps": 0.19,
        "epsdiluted": 0.19,
        "weightedAverageShsOut": 165600000,
        "weightedAverageShsOutDil": 165600000,
        "link": "https://www.sec.gov/Archives/edgar/data/58492/000005849294000031/0000058492-94-000031-index.html",
        "finalLink": "https://www.sec.gov/Archives/edgar/data/58492/"
    },
    {
        "date": "1994-06-30",
        "symbol": "LEG",
        "reportedCurrency": "USD",
        "cik": "0000058492",
        "fillingDate": "1994-08-10",
        "acceptedDate": "1994-08-10 00:00:00",
        "calendarYear": "1994",
        "period": "Q2",
        "revenue": 448800000,
        "costOfRevenue": 331100000,
        "grossProfit": 117700000,
        "grossProfitRatio": 0.262254902,
        "researchAndDevelopmentExpenses": 0,
        "generalAndAdministrativeExpenses": 54500000,
        "sellingAndMarketingExpenses": 0,
        "sellingGeneralAndAdministrativeExpenses": 54500000,
        "otherExpenses": 13400000,
        "operatingExpenses": 67900000,
        "costAndExpenses": 399000000,
        "interestIncome": 0,
        "interestExpense": 0,
        "depreciationAndAmortization": 13400000,
        "ebitda": 63200000,
        "ebitdaratio": 0.1408199643,
        "operatingIncome": 49800000,
        "operatingIncomeRatio": 0.1109625668,
        "totalOtherIncomeExpensesNet": -3200000,
        "incomeBeforeTax": 46600000,
        "incomeBeforeTaxRatio": 0.1038324421,
        "incomeTaxExpense": 18400000,
        "netIncome": 28200000,
        "netIncomeRatio": 0.0628342246,
        "eps": 0.17,
        "epsdiluted": 0.17,
        "weightedAverageShsOut": 165600000,
        "weightedAverageShsOutDil": 165600000,
        "link": "https://www.sec.gov/Archives/edgar/data/58492/000005849294000008/0000058492-94-000008-index.html",
        "finalLink": "https://www.sec.gov/Archives/edgar/data/58492/"
    },
    {
        "date": "1994-03-31",
        "symbol": "LEG",
        "reportedCurrency": "USD",
        "cik": "0000058492",
        "fillingDate": "1994-05-13",
        "acceptedDate": "1994-05-13 00:00:00",
        "calendarYear": "1994",
        "period": "Q1",
        "revenue": 434600000,
        "costOfRevenue": 323100000,
        "grossProfit": 111500000,
        "grossProfitRatio": 0.2565577543,
        "researchAndDevelopmentExpenses": 0,
        "generalAndAdministrativeExpenses": 52700000,
        "sellingAndMarketingExpenses": 0,
        "sellingGeneralAndAdministrativeExpenses": 52700000,
        "otherExpenses": 12900000,
        "operatingExpenses": 65600000,
        "costAndExpenses": 388700000,
        "interestIncome": 0,
        "interestExpense": 0,
        "depreciationAndAmortization": 12900000,
        "ebitda": 58800000,
        "ebitdaratio": 0.1352968247,
        "operatingIncome": 45900000,
        "operatingIncomeRatio": 0.105614358,
        "totalOtherIncomeExpensesNet": -3100000,
        "incomeBeforeTax": 42800000,
        "incomeBeforeTaxRatio": 0.0984813622,
        "incomeTaxExpense": 16800000,
        "netIncome": 26000000,
        "netIncomeRatio": 0.0598251266,
        "eps": 0.16,
        "epsdiluted": 0.16,
        "weightedAverageShsOut": 165600000,
        "weightedAverageShsOutDil": 165600000,
        "link": "https://www.sec.gov/Archives/edgar/data/58492/000005849294000002/0000058492-94-000002-index.html",
        "finalLink": "https://www.sec.gov/Archives/edgar/data/58492/"
    },
    {
        "date": "1993-12-31",
        "symbol": "LEG",
        "reportedCurrency": "USD",
        "cik": "0000058492",
        "fillingDate": "1994-03-29",
        "acceptedDate": "1994-03-29 00:00:00",
        "calendarYear": "1993",
        "period": "Q4",
        "revenue": 396600000,
        "costOfRevenue": 293500000,
        "grossProfit": 103100000,
        "grossProfitRatio": 0.2599596571,
        "researchAndDevelopmentExpenses": 0,
        "generalAndAdministrativeExpenses": 0,
        "sellingAndMarketingExpenses": 0,
        "sellingGeneralAndAdministrativeExpenses": 48900000,
        "otherExpenses": 13100000,
        "operatingExpenses": 62000000,
        "costAndExpenses": 355500000,
        "interestIncome": 0,
        "interestExpense": 0,
        "depreciationAndAmortization": 13100000,
        "ebitda": 54200000,
        "ebitdaratio": 0.1366616238,
        "operatingIncome": 41100000,
        "operatingIncomeRatio": 0.1036308623,
        "totalOtherIncomeExpensesNet": -3700000,
        "incomeBeforeTax": 37400000,
        "incomeBeforeTaxRatio": 0.0943015633,
        "incomeTaxExpense": 14400000,
        "netIncome": 23000000,
        "netIncomeRatio": 0.05799294,
        "eps": 0.14,
        "epsdiluted": 0.14,
        "weightedAverageShsOut": 152450142,
        "weightedAverageShsOutDil": 159285714,
        "link": "https://www.sec.gov/Archives/edgar/data/58492/000091205794001099/0000912057-94-001099-index.html",
        "finalLink": "https://www.sec.gov/Archives/edgar/data/58492/"
    },
    {
        "date": "1993-09-30",
        "symbol": "LEG",
        "reportedCurrency": "USD",
        "cik": "0000058492",
        "fillingDate": "1993-09-30",
        "acceptedDate": "1993-09-30 00:00:00",
        "calendarYear": "1993",
        "period": "Q3",
        "revenue": 395400000,
        "costOfRevenue": 293600000,
        "grossProfit": 101800000,
        "grossProfitRatio": 0.2574607992,
        "researchAndDevelopmentExpenses": 0,
        "generalAndAdministrativeExpenses": 0,
        "sellingAndMarketingExpenses": 0,
        "sellingGeneralAndAdministrativeExpenses": 49600000,
        "otherExpenses": 10700000,
        "operatingExpenses": 60300000,
        "costAndExpenses": 353900000,
        "interestIncome": 0,
        "interestExpense": 0,
        "depreciationAndAmortization": 12800000,
        "ebitda": 54300000,
        "ebitdaratio": 0.1373292868,
        "operatingIncome": 41500000,
        "operatingIncomeRatio": 0.1049570056,
        "totalOtherIncomeExpensesNet": -4400000,
        "incomeBeforeTax": 37100000,
        "incomeBeforeTaxRatio": 0.0938290339,
        "incomeTaxExpense": 14800000,
        "netIncome": 22300000,
        "netIncomeRatio": 0.0563985837,
        "eps": 0.14,
        "epsdiluted": 0.14,
        "weightedAverageShsOut": 159285714,
        "weightedAverageShsOutDil": 159285714,
        "link": null,
        "finalLink": null
    },
    {
        "date": "1993-06-30",
        "symbol": "LEG",
        "reportedCurrency": "USD",
        "cik": "0000058492",
        "fillingDate": "1993-06-30",
        "acceptedDate": "1993-06-30 00:00:00",
        "calendarYear": "1993",
        "period": "Q2",
        "revenue": 333800000,
        "costOfRevenue": 246900000,
        "grossProfit": 86900000,
        "grossProfitRatio": 0.2603355303,
        "researchAndDevelopmentExpenses": 0,
        "generalAndAdministrativeExpenses": 0,
        "sellingAndMarketingExpenses": 0,
        "sellingGeneralAndAdministrativeExpenses": 43100000,
        "otherExpenses": 9900000,
        "operatingExpenses": 53000000,
        "costAndExpenses": 299900000,
        "interestIncome": 0,
        "interestExpense": 0,
        "depreciationAndAmortization": 9900000,
        "ebitda": 43800000,
        "ebitdaratio": 0.1312162972,
        "operatingIncome": 33900000,
        "operatingIncomeRatio": 0.1015578191,
        "totalOtherIncomeExpensesNet": -1200000,
        "incomeBeforeTax": 32700000,
        "incomeBeforeTaxRatio": 0.097962852,
        "incomeTaxExpense": 12600000,
        "netIncome": 20100000,
        "netIncomeRatio": 0.060215698,
        "eps": 0.13,
        "epsdiluted": 0.13,
        "weightedAverageShsOut": 154615385,
        "weightedAverageShsOutDil": 154615385,
        "link": null,
        "finalLink": null
    },
    {
        "date": "1993-03-31",
        "symbol": "LEG",
        "reportedCurrency": "USD",
        "cik": "0000058492",
        "fillingDate": "1993-03-31",
        "acceptedDate": "1993-03-31 00:00:00",
        "calendarYear": "1993",
        "period": "Q1",
        "revenue": 320900000,
        "costOfRevenue": 238600000,
        "grossProfit": 82300000,
        "grossProfitRatio": 0.2564661888,
        "researchAndDevelopmentExpenses": 0,
        "generalAndAdministrativeExpenses": 0,
        "sellingAndMarketingExpenses": 0,
        "sellingGeneralAndAdministrativeExpenses": 40300000,
        "otherExpenses": 9500000,
        "operatingExpenses": 49800000,
        "costAndExpenses": 288400000,
        "interestIncome": 0,
        "interestExpense": 0,
        "depreciationAndAmortization": 9500000,
        "ebitda": 42000000,
        "ebitdaratio": 0.1308818947,
        "operatingIncome": 32500000,
        "operatingIncomeRatio": 0.1012776566,
        "totalOtherIncomeExpensesNet": -2300000,
        "incomeBeforeTax": 30200000,
        "incomeBeforeTaxRatio": 0.0941103147,
        "incomeTaxExpense": 11500000,
        "netIncome": 18700000,
        "netIncomeRatio": 0.0582736055,
        "eps": 0.12,
        "epsdiluted": 0.12,
        "weightedAverageShsOut": 155833333,
        "weightedAverageShsOutDil": 155833333,
        "link": null,
        "finalLink": null
    },
    {
        "date": "1992-12-31",
        "symbol": "LEG",
        "reportedCurrency": "USD",
        "cik": "0000058492",
        "fillingDate": "1992-12-31",
        "acceptedDate": "1992-12-31 00:00:00",
        "calendarYear": "1992",
        "period": "Q4",
        "revenue": 297500000,
        "costOfRevenue": 192100000,
        "grossProfit": 105400000,
        "grossProfitRatio": 0.3542857143,
        "researchAndDevelopmentExpenses": 0,
        "generalAndAdministrativeExpenses": 0,
        "sellingAndMarketingExpenses": 0,
        "sellingGeneralAndAdministrativeExpenses": 39900000,
        "otherExpenses": 38200000,
        "operatingExpenses": 78100000,
        "costAndExpenses": 270200000,
        "interestIncome": 0,
        "interestExpense": 0,
        "depreciationAndAmortization": 600000,
        "ebitda": 27300000,
        "ebitdaratio": 0.0917647059,
        "operatingIncome": 27300000,
        "operatingIncomeRatio": 0.0917647059,
        "totalOtherIncomeExpensesNet": -1800000,
        "incomeBeforeTax": 25500000,
        "incomeBeforeTaxRatio": 0.0857142857,
        "incomeTaxExpense": 9500000,
        "netIncome": 16000000,
        "netIncomeRatio": 0.0537815126,
        "eps": 0.11,
        "epsdiluted": 0.11,
        "weightedAverageShsOut": 148333333,
        "weightedAverageShsOutDil": 148333333,
        "link": null,
        "finalLink": null
    },
    {
        "date": "1992-09-30",
        "symbol": "LEG",
        "reportedCurrency": "USD",
        "cik": "0000058492",
        "fillingDate": "1992-09-30",
        "acceptedDate": "1992-09-30 00:00:00",
        "calendarYear": "1992",
        "period": "Q3",
        "revenue": 304300000,
        "costOfRevenue": 234400000,
        "grossProfit": 69900000,
        "grossProfitRatio": 0.2297075255,
        "researchAndDevelopmentExpenses": 0,
        "generalAndAdministrativeExpenses": 0,
        "sellingAndMarketingExpenses": 0,
        "sellingGeneralAndAdministrativeExpenses": 39000000,
        "otherExpenses": 0,
        "operatingExpenses": 39000000,
        "costAndExpenses": 273400000,
        "interestIncome": 0,
        "interestExpense": 0,
        "depreciationAndAmortization": 1100000,
        "ebitda": 30900000,
        "ebitdaratio": 0.1015445284,
        "operatingIncome": 30900000,
        "operatingIncomeRatio": 0.1015445284,
        "totalOtherIncomeExpensesNet": -2200000,
        "incomeBeforeTax": 28700000,
        "incomeBeforeTaxRatio": 0.0943148209,
        "incomeTaxExpense": 10900000,
        "netIncome": 17800000,
        "netIncomeRatio": 0.0584949063,
        "eps": 0.12,
        "epsdiluted": 0.12,
        "weightedAverageShsOut": 148333333,
        "weightedAverageShsOutDil": 148333333,
        "link": null,
        "finalLink": null
    },
    {
        "date": "1992-06-30",
        "symbol": "LEG",
        "reportedCurrency": "USD",
        "cik": "0000058492",
        "fillingDate": "1992-06-30",
        "acceptedDate": "1992-06-30 00:00:00",
        "calendarYear": "1992",
        "period": "Q2",
        "revenue": 283900000,
        "costOfRevenue": 219000000,
        "grossProfit": 64900000,
        "grossProfitRatio": 0.2286016203,
        "researchAndDevelopmentExpenses": 0,
        "generalAndAdministrativeExpenses": 0,
        "sellingAndMarketingExpenses": 0,
        "sellingGeneralAndAdministrativeExpenses": 39600000,
        "otherExpenses": 0,
        "operatingExpenses": 39600000,
        "costAndExpenses": 258600000,
        "interestIncome": 0,
        "interestExpense": 0,
        "depreciationAndAmortization": 600000,
        "ebitda": 25300000,
        "ebitdaratio": 0.0891158859,
        "operatingIncome": 25300000,
        "operatingIncomeRatio": 0.0891158859,
        "totalOtherIncomeExpensesNet": -2000000,
        "incomeBeforeTax": 23300000,
        "incomeBeforeTaxRatio": 0.0820711518,
        "incomeTaxExpense": 8500000,
        "netIncome": 14800000,
        "netIncomeRatio": 0.0521310321,
        "eps": 0.1,
        "epsdiluted": 0.1,
        "weightedAverageShsOut": 148000000,
        "weightedAverageShsOutDil": 148000000,
        "link": null,
        "finalLink": null
    },
    {
        "date": "1992-03-31",
        "symbol": "LEG",
        "reportedCurrency": "USD",
        "cik": "0000058492",
        "fillingDate": "1992-03-31",
        "acceptedDate": "1992-03-31 00:00:00",
        "calendarYear": "1992",
        "period": "Q1",
        "revenue": 284700000,
        "costOfRevenue": 220200000,
        "grossProfit": 64500000,
        "grossProfitRatio": 0.2265542677,
        "researchAndDevelopmentExpenses": 0,
        "generalAndAdministrativeExpenses": 0,
        "sellingAndMarketingExpenses": 0,
        "sellingGeneralAndAdministrativeExpenses": 39200000,
        "otherExpenses": 0,
        "operatingExpenses": 39200000,
        "costAndExpenses": 259400000,
        "interestIncome": 0,
        "interestExpense": 0,
        "depreciationAndAmortization": 800000,
        "ebitda": 25300000,
        "ebitdaratio": 0.0888654724,
        "operatingIncome": 25300000,
        "operatingIncomeRatio": 0.0888654724,
        "totalOtherIncomeExpensesNet": -3000000,
        "incomeBeforeTax": 22300000,
        "incomeBeforeTaxRatio": 0.0783280646,
        "incomeTaxExpense": 8400000,
        "netIncome": 13900000,
        "netIncomeRatio": 0.0488233228,
        "eps": 0.1,
        "epsdiluted": 0.1,
        "weightedAverageShsOut": 139000000,
        "weightedAverageShsOutDil": 139000000,
        "link": null,
        "finalLink": null
    },
    {
        "date": "1991-12-31",
        "symbol": "LEG",
        "reportedCurrency": "USD",
        "cik": "0000058492",
        "fillingDate": "1991-12-31",
        "acceptedDate": "1991-12-31 00:00:00",
        "calendarYear": "1991",
        "period": "Q4",
        "revenue": 256500000,
        "costOfRevenue": 163500000,
        "grossProfit": 93000000,
        "grossProfitRatio": 0.3625730994,
        "researchAndDevelopmentExpenses": 0,
        "generalAndAdministrativeExpenses": 0,
        "sellingAndMarketingExpenses": 0,
        "sellingGeneralAndAdministrativeExpenses": 37400000,
        "otherExpenses": 36400000,
        "operatingExpenses": 73800000,
        "costAndExpenses": 237300000,
        "interestIncome": 0,
        "interestExpense": 0,
        "depreciationAndAmortization": 0,
        "ebitda": 19200000,
        "ebitdaratio": 0.0748538012,
        "operatingIncome": 19200000,
        "operatingIncomeRatio": 0.0748538012,
        "totalOtherIncomeExpensesNet": -3000000,
        "incomeBeforeTax": 16200000,
        "incomeBeforeTaxRatio": 0.0631578947,
        "incomeTaxExpense": 6100000,
        "netIncome": 10100000,
        "netIncomeRatio": 0.0393762183,
        "eps": 0.0758,
        "epsdiluted": 0.0758,
        "weightedAverageShsOut": 133333333,
        "weightedAverageShsOutDil": 133333333,
        "link": null,
        "finalLink": null
    },
    {
        "date": "1991-09-30",
        "symbol": "LEG",
        "reportedCurrency": "USD",
        "cik": "0000058492",
        "fillingDate": "1991-09-30",
        "acceptedDate": "1991-09-30 00:00:00",
        "calendarYear": "1991",
        "period": "Q3",
        "revenue": 279200000,
        "costOfRevenue": 217100000,
        "grossProfit": 62100000,
        "grossProfitRatio": 0.2224212034,
        "researchAndDevelopmentExpenses": 0,
        "generalAndAdministrativeExpenses": 0,
        "sellingAndMarketingExpenses": 0,
        "sellingGeneralAndAdministrativeExpenses": 39400000,
        "otherExpenses": 0,
        "operatingExpenses": 39400000,
        "costAndExpenses": 256500000,
        "interestIncome": 0,
        "interestExpense": 0,
        "depreciationAndAmortization": 0,
        "ebitda": 22700000,
        "ebitdaratio": 0.0813037249,
        "operatingIncome": 22700000,
        "operatingIncomeRatio": 0.0813037249,
        "totalOtherIncomeExpensesNet": -3100000,
        "incomeBeforeTax": 19600000,
        "incomeBeforeTaxRatio": 0.0702005731,
        "incomeTaxExpense": 7600000,
        "netIncome": 12000000,
        "netIncomeRatio": 0.0429799427,
        "eps": 0.09,
        "epsdiluted": 0.09,
        "weightedAverageShsOut": 133333333,
        "weightedAverageShsOutDil": 133333333,
        "link": null,
        "finalLink": null
    },
    {
        "date": "1991-06-30",
        "symbol": "LEG",
        "reportedCurrency": "USD",
        "cik": "0000058492",
        "fillingDate": "1991-06-30",
        "acceptedDate": "1991-06-30 00:00:00",
        "calendarYear": "1991",
        "period": "Q2",
        "revenue": 282900000,
        "costOfRevenue": 223200000,
        "grossProfit": 59700000,
        "grossProfitRatio": 0.211028632,
        "researchAndDevelopmentExpenses": 0,
        "generalAndAdministrativeExpenses": 0,
        "sellingAndMarketingExpenses": 0,
        "sellingGeneralAndAdministrativeExpenses": 39800000,
        "otherExpenses": 0,
        "operatingExpenses": 39800000,
        "costAndExpenses": 263000000,
        "interestIncome": 0,
        "interestExpense": 0,
        "depreciationAndAmortization": 0,
        "ebitda": 19900000,
        "ebitdaratio": 0.0703428773,
        "operatingIncome": 19900000,
        "operatingIncomeRatio": 0.0703428773,
        "totalOtherIncomeExpensesNet": -4200000,
        "incomeBeforeTax": 15700000,
        "incomeBeforeTaxRatio": 0.0554966419,
        "incomeTaxExpense": 6000000,
        "netIncome": 9700000,
        "netIncomeRatio": 0.0342877342,
        "eps": 0.07,
        "epsdiluted": 0.07,
        "weightedAverageShsOut": 138571429,
        "weightedAverageShsOutDil": 138571429,
        "link": null,
        "finalLink": null
    },
    {
        "date": "1991-03-31",
        "symbol": "LEG",
        "reportedCurrency": "USD",
        "cik": "0000058492",
        "fillingDate": "1991-03-31",
        "acceptedDate": "1991-03-31 00:00:00",
        "calendarYear": "1991",
        "period": "Q1",
        "revenue": 263200000,
        "costOfRevenue": 209300000,
        "grossProfit": 53900000,
        "grossProfitRatio": 0.204787234,
        "researchAndDevelopmentExpenses": 0,
        "generalAndAdministrativeExpenses": 0,
        "sellingAndMarketingExpenses": 0,
        "sellingGeneralAndAdministrativeExpenses": 37700000,
        "otherExpenses": 0,
        "operatingExpenses": 37700000,
        "costAndExpenses": 247000000,
        "interestIncome": 0,
        "interestExpense": 0,
        "depreciationAndAmortization": 0,
        "ebitda": 16200000,
        "ebitdaratio": 0.061550152,
        "operatingIncome": 16200000,
        "operatingIncomeRatio": 0.061550152,
        "totalOtherIncomeExpensesNet": -3900000,
        "incomeBeforeTax": 12300000,
        "incomeBeforeTaxRatio": 0.0467325228,
        "incomeTaxExpense": 4800000,
        "netIncome": 7500000,
        "netIncomeRatio": 0.0284954407,
        "eps": 0.06,
        "epsdiluted": 0.06,
        "weightedAverageShsOut": 125000000,
        "weightedAverageShsOutDil": 125000000,
        "link": null,
        "finalLink": null
    },
    {
        "date": "1990-12-31",
        "symbol": "LEG",
        "reportedCurrency": "USD",
        "cik": "0000058492",
        "fillingDate": "1990-12-31",
        "acceptedDate": "1990-12-31 00:00:00",
        "calendarYear": "1990",
        "period": "Q4",
        "revenue": 259600000,
        "costOfRevenue": 173000000,
        "grossProfit": 86600000,
        "grossProfitRatio": 0.3335901387,
        "researchAndDevelopmentExpenses": 0,
        "generalAndAdministrativeExpenses": 0,
        "sellingAndMarketingExpenses": 0,
        "sellingGeneralAndAdministrativeExpenses": 58800000,
        "otherExpenses": 30200000,
        "operatingExpenses": 89000000,
        "costAndExpenses": 262000000,
        "interestIncome": 0,
        "interestExpense": 0,
        "depreciationAndAmortization": 0,
        "ebitda": -2400000,
        "ebitdaratio": -0.0092449923,
        "operatingIncome": -2400000,
        "operatingIncomeRatio": -0.0092449923,
        "totalOtherIncomeExpensesNet": -5100000,
        "incomeBeforeTax": -7500000,
        "incomeBeforeTaxRatio": -0.0288906009,
        "incomeTaxExpense": -1100000,
        "netIncome": -6400000,
        "netIncomeRatio": -0.0246533128,
        "eps": -0.0488,
        "epsdiluted": -0.0488,
        "weightedAverageShsOut": 131250000,
        "weightedAverageShsOutDil": 131250000,
        "link": null,
        "finalLink": null
    },
    {
        "date": "1990-09-30",
        "symbol": "LEG",
        "reportedCurrency": "USD",
        "cik": "0000058492",
        "fillingDate": "1990-09-30",
        "acceptedDate": "1990-09-30 00:00:00",
        "calendarYear": "1990",
        "period": "Q3",
        "revenue": 285000000,
        "costOfRevenue": 224900000,
        "grossProfit": 60100000,
        "grossProfitRatio": 0.210877193,
        "researchAndDevelopmentExpenses": 0,
        "generalAndAdministrativeExpenses": 0,
        "sellingAndMarketingExpenses": 0,
        "sellingGeneralAndAdministrativeExpenses": 38300000,
        "otherExpenses": 0,
        "operatingExpenses": 38300000,
        "costAndExpenses": 263200000,
        "interestIncome": 0,
        "interestExpense": 0,
        "depreciationAndAmortization": 0,
        "ebitda": 21800000,
        "ebitdaratio": 0.0764912281,
        "operatingIncome": 21800000,
        "operatingIncomeRatio": 0.0764912281,
        "totalOtherIncomeExpensesNet": -4900000,
        "incomeBeforeTax": 16900000,
        "incomeBeforeTaxRatio": 0.0592982456,
        "incomeTaxExpense": 6400000,
        "netIncome": 10500000,
        "netIncomeRatio": 0.0368421053,
        "eps": 0.08,
        "epsdiluted": 0.08,
        "weightedAverageShsOut": 131250000,
        "weightedAverageShsOutDil": 131250000,
        "link": null,
        "finalLink": null
    },
    {
        "date": "1990-06-30",
        "symbol": "LEG",
        "reportedCurrency": "USD",
        "cik": "0000058492",
        "fillingDate": "1990-06-30",
        "acceptedDate": "1990-06-30 00:00:00",
        "calendarYear": "1990",
        "period": "Q2",
        "revenue": 277100000,
        "costOfRevenue": 217800000,
        "grossProfit": 59300000,
        "grossProfitRatio": 0.2140021653,
        "researchAndDevelopmentExpenses": 0,
        "generalAndAdministrativeExpenses": 0,
        "sellingAndMarketingExpenses": 0,
        "sellingGeneralAndAdministrativeExpenses": 34800000,
        "otherExpenses": 0,
        "operatingExpenses": 34800000,
        "costAndExpenses": 252600000,
        "interestIncome": 0,
        "interestExpense": 0,
        "depreciationAndAmortization": -200000,
        "ebitda": 24300000,
        "ebitdaratio": 0.0876939733,
        "operatingIncome": 24500000,
        "operatingIncomeRatio": 0.0884157344,
        "totalOtherIncomeExpensesNet": -3400000,
        "incomeBeforeTax": 21100000,
        "incomeBeforeTaxRatio": 0.0761457957,
        "incomeTaxExpense": 8100000,
        "netIncome": 13000000,
        "netIncomeRatio": 0.0469144713,
        "eps": 0.1,
        "epsdiluted": 0.09,
        "weightedAverageShsOut": 130000000,
        "weightedAverageShsOutDil": 144444444,
        "link": null,
        "finalLink": null
    },
    {
        "date": "1990-03-31",
        "symbol": "LEG",
        "reportedCurrency": "USD",
        "cik": "0000058492",
        "fillingDate": "1990-03-31",
        "acceptedDate": "1990-03-31 00:00:00",
        "calendarYear": "1990",
        "period": "Q1",
        "revenue": 266900000,
        "costOfRevenue": 210900000,
        "grossProfit": 56000000,
        "grossProfitRatio": 0.2098164106,
        "researchAndDevelopmentExpenses": 0,
        "generalAndAdministrativeExpenses": 0,
        "sellingAndMarketingExpenses": 0,
        "sellingGeneralAndAdministrativeExpenses": 32600000,
        "otherExpenses": 0,
        "operatingExpenses": 32600000,
        "costAndExpenses": 243500000,
        "interestIncome": 0,
        "interestExpense": 0,
        "depreciationAndAmortization": 0,
        "ebitda": 23400000,
        "ebitdaratio": 0.0876732859,
        "operatingIncome": 23400000,
        "operatingIncomeRatio": 0.0876732859,
        "totalOtherIncomeExpensesNet": -3300000,
        "incomeBeforeTax": 20100000,
        "incomeBeforeTaxRatio": 0.0753091045,
        "incomeTaxExpense": 7800000,
        "netIncome": 12300000,
        "netIncomeRatio": 0.0460846759,
        "eps": 0.09,
        "epsdiluted": 0.09,
        "weightedAverageShsOut": 136666667,
        "weightedAverageShsOutDil": 136666667,
        "link": null,
        "finalLink": null
    },
    {
        "date": "1989-12-31",
        "symbol": "LEG",
        "reportedCurrency": "USD",
        "cik": "0000058492",
        "fillingDate": "1989-12-31",
        "acceptedDate": "1989-12-31 00:00:00",
        "calendarYear": "1989",
        "period": "Q4",
        "revenue": 243500000,
        "costOfRevenue": 167000000,
        "grossProfit": 76500000,
        "grossProfitRatio": 0.3141683778,
        "researchAndDevelopmentExpenses": 0,
        "generalAndAdministrativeExpenses": 0,
        "sellingAndMarketingExpenses": 0,
        "sellingGeneralAndAdministrativeExpenses": 31800000,
        "otherExpenses": 25700000,
        "operatingExpenses": 57500000,
        "costAndExpenses": 224500000,
        "interestIncome": 0,
        "interestExpense": 0,
        "depreciationAndAmortization": 0,
        "ebitda": 19000000,
        "ebitdaratio": 0.0780287474,
        "operatingIncome": 19000000,
        "operatingIncomeRatio": 0.0780287474,
        "totalOtherIncomeExpensesNet": -1400000,
        "incomeBeforeTax": 17600000,
        "incomeBeforeTaxRatio": 0.0722792608,
        "incomeTaxExpense": 7300000,
        "netIncome": 10300000,
        "netIncomeRatio": 0.0422997947,
        "eps": 0.0766,
        "epsdiluted": 0.0766,
        "weightedAverageShsOut": 129230769,
        "weightedAverageShsOutDil": 134444444,
        "link": null,
        "finalLink": null
    },
    {
        "date": "1989-09-30",
        "symbol": "LEG",
        "reportedCurrency": "USD",
        "cik": "0000058492",
        "fillingDate": "1989-09-30",
        "acceptedDate": "1989-09-30 00:00:00",
        "calendarYear": "1989",
        "period": "Q3",
        "revenue": 251300000,
        "costOfRevenue": 198100000,
        "grossProfit": 53200000,
        "grossProfitRatio": 0.2116991643,
        "researchAndDevelopmentExpenses": 0,
        "generalAndAdministrativeExpenses": 0,
        "sellingAndMarketingExpenses": 0,
        "sellingGeneralAndAdministrativeExpenses": 29200000,
        "otherExpenses": 0,
        "operatingExpenses": 29200000,
        "costAndExpenses": 227300000,
        "interestIncome": 0,
        "interestExpense": 0,
        "depreciationAndAmortization": 0,
        "ebitda": 24000000,
        "ebitdaratio": 0.0955033824,
        "operatingIncome": 24000000,
        "operatingIncomeRatio": 0.0955033824,
        "totalOtherIncomeExpensesNet": -4000000,
        "incomeBeforeTax": 20000000,
        "incomeBeforeTaxRatio": 0.079586152,
        "incomeTaxExpense": 7900000,
        "netIncome": 12100000,
        "netIncomeRatio": 0.048149622,
        "eps": 0.09,
        "epsdiluted": 0.09,
        "weightedAverageShsOut": 134444444,
        "weightedAverageShsOutDil": 134444444,
        "link": null,
        "finalLink": null
    },
    {
        "date": "1989-06-30",
        "symbol": "LEG",
        "reportedCurrency": "USD",
        "cik": "0000058492",
        "fillingDate": "1989-06-30",
        "acceptedDate": "1989-06-29 20:00:00",
        "calendarYear": "1989",
        "period": "Q2",
        "revenue": 259600000,
        "costOfRevenue": 205500000,
        "grossProfit": 54100000,
        "grossProfitRatio": 0.2083975347,
        "researchAndDevelopmentExpenses": 0,
        "generalAndAdministrativeExpenses": 0,
        "sellingAndMarketingExpenses": 0,
        "sellingGeneralAndAdministrativeExpenses": 30400000,
        "otherExpenses": 0,
        "operatingExpenses": 30400000,
        "costAndExpenses": 235900000,
        "interestIncome": 0,
        "interestExpense": 0,
        "depreciationAndAmortization": 0,
        "ebitda": 23700000,
        "ebitdaratio": 0.0912942989,
        "operatingIncome": 23700000,
        "operatingIncomeRatio": 0.0912942989,
        "totalOtherIncomeExpensesNet": -4000000,
        "incomeBeforeTax": 19700000,
        "incomeBeforeTaxRatio": 0.0758859784,
        "incomeTaxExpense": 7600000,
        "netIncome": 12100000,
        "netIncomeRatio": 0.0466101695,
        "eps": 0.09,
        "epsdiluted": 0.09,
        "weightedAverageShsOut": 134444444,
        "weightedAverageShsOutDil": 134444444,
        "link": "",
        "finalLink": ""
    },
    {
        "date": "1989-03-31",
        "symbol": "LEG",
        "reportedCurrency": "USD",
        "cik": "0000058492",
        "fillingDate": "1989-03-31",
        "acceptedDate": "1989-03-30 19:00:00",
        "calendarYear": "1989",
        "period": "Q1",
        "revenue": 237100000,
        "costOfRevenue": 0,
        "grossProfit": 237100000,
        "grossProfitRatio": 1,
        "researchAndDevelopmentExpenses": 0,
        "generalAndAdministrativeExpenses": 0,
        "sellingAndMarketingExpenses": 0,
        "sellingGeneralAndAdministrativeExpenses": 0,
        "otherExpenses": 0,
        "operatingExpenses": 0,
        "costAndExpenses": 0,
        "interestIncome": 0,
        "interestExpense": 0,
        "depreciationAndAmortization": 0,
        "ebitda": 237100000,
        "ebitdaratio": 1,
        "operatingIncome": 237100000,
        "operatingIncomeRatio": 1,
        "totalOtherIncomeExpensesNet": -237100000,
        "incomeBeforeTax": 0,
        "incomeBeforeTaxRatio": 0,
        "incomeTaxExpense": 0,
        "netIncome": 11400000,
        "netIncomeRatio": 0.0480809785,
        "eps": 0.09,
        "epsdiluted": 0.09,
        "weightedAverageShsOut": 132752000,
        "weightedAverageShsOutDil": 132752000,
        "link": "",
        "finalLink": ""
    },
    {
        "date": "1988-12-31",
        "symbol": "LEG",
        "reportedCurrency": "USD",
        "cik": "0000058492",
        "fillingDate": "1988-12-31",
        "acceptedDate": "1988-12-30 19:00:00",
        "calendarYear": "1988",
        "period": "Q4",
        "revenue": 211300000,
        "costOfRevenue": 0,
        "grossProfit": 211300000,
        "grossProfitRatio": 1,
        "researchAndDevelopmentExpenses": 0,
        "generalAndAdministrativeExpenses": 0,
        "sellingAndMarketingExpenses": 0,
        "sellingGeneralAndAdministrativeExpenses": 0,
        "otherExpenses": -743000000,
        "operatingExpenses": -743000000,
        "costAndExpenses": -743000000,
        "interestIncome": 0,
        "interestExpense": 0,
        "depreciationAndAmortization": 0,
        "ebitda": -531700000,
        "ebitdaratio": -2.5163274965,
        "operatingIncome": -531700000,
        "operatingIncomeRatio": -2.5163274965,
        "totalOtherIncomeExpensesNet": 531700000,
        "incomeBeforeTax": 0,
        "incomeBeforeTaxRatio": 0,
        "incomeTaxExpense": 0,
        "netIncome": 9300000,
        "netIncomeRatio": 0.0440132513,
        "eps": 0.0700554417,
        "epsdiluted": 0.0700554417,
        "weightedAverageShsOut": 132752000,
        "weightedAverageShsOutDil": 132752000,
        "link": "",
        "finalLink": ""
    },
    {
        "date": "1988-09-30",
        "symbol": "LEG",
        "reportedCurrency": "USD",
        "cik": "0000058492",
        "fillingDate": "1988-09-30",
        "acceptedDate": "1988-09-29 20:00:00",
        "calendarYear": "1988",
        "period": "Q3",
        "revenue": 217400000,
        "costOfRevenue": 0,
        "grossProfit": 217400000,
        "grossProfitRatio": 1,
        "researchAndDevelopmentExpenses": 0,
        "generalAndAdministrativeExpenses": 0,
        "sellingAndMarketingExpenses": 0,
        "sellingGeneralAndAdministrativeExpenses": 0,
        "otherExpenses": 0,
        "operatingExpenses": 0,
        "costAndExpenses": 0,
        "interestIncome": 0,
        "interestExpense": 0,
        "depreciationAndAmortization": 0,
        "ebitda": 217400000,
        "ebitdaratio": 1,
        "operatingIncome": 217400000,
        "operatingIncomeRatio": 1,
        "totalOtherIncomeExpensesNet": -217400000,
        "incomeBeforeTax": 0,
        "incomeBeforeTaxRatio": 0,
        "incomeTaxExpense": 0,
        "netIncome": 8100000,
        "netIncomeRatio": 0.0372585097,
        "eps": 0.06,
        "epsdiluted": 0.06,
        "weightedAverageShsOut": 132752000,
        "weightedAverageShsOutDil": 132752000,
        "link": "",
        "finalLink": ""
    },
    {
        "date": "1988-06-30",
        "symbol": "LEG",
        "reportedCurrency": "USD",
        "cik": "0000058492",
        "fillingDate": "1988-06-30",
        "acceptedDate": "1988-06-29 20:00:00",
        "calendarYear": "1988",
        "period": "Q2",
        "revenue": 192900000,
        "costOfRevenue": 0,
        "grossProfit": 192900000,
        "grossProfitRatio": 1,
        "researchAndDevelopmentExpenses": 0,
        "generalAndAdministrativeExpenses": 0,
        "sellingAndMarketingExpenses": 0,
        "sellingGeneralAndAdministrativeExpenses": 0,
        "otherExpenses": 0,
        "operatingExpenses": 0,
        "costAndExpenses": 0,
        "interestIncome": 0,
        "interestExpense": 0,
        "depreciationAndAmortization": 0,
        "ebitda": 192900000,
        "ebitdaratio": 1,
        "operatingIncome": 192900000,
        "operatingIncomeRatio": 1,
        "totalOtherIncomeExpensesNet": -192900000,
        "incomeBeforeTax": 0,
        "incomeBeforeTaxRatio": 0,
        "incomeTaxExpense": 0,
        "netIncome": 9800000,
        "netIncomeRatio": 0.0508035251,
        "eps": 0.08,
        "epsdiluted": 0.08,
        "weightedAverageShsOut": 132752000,
        "weightedAverageShsOutDil": 132752000,
        "link": "",
        "finalLink": ""
    },
    {
        "date": "1988-03-31",
        "symbol": "LEG",
        "reportedCurrency": "USD",
        "cik": "0000058492",
        "fillingDate": "1988-03-31",
        "acceptedDate": "1988-03-30 19:00:00",
        "calendarYear": "1988",
        "period": "Q1",
        "revenue": 181700000,
        "costOfRevenue": 0,
        "grossProfit": 181700000,
        "grossProfitRatio": 1,
        "researchAndDevelopmentExpenses": 0,
        "generalAndAdministrativeExpenses": 0,
        "sellingAndMarketingExpenses": 0,
        "sellingGeneralAndAdministrativeExpenses": 0,
        "otherExpenses": 0,
        "operatingExpenses": 0,
        "costAndExpenses": 0,
        "interestIncome": 0,
        "interestExpense": 0,
        "depreciationAndAmortization": 0,
        "ebitda": 181700000,
        "ebitdaratio": 1,
        "operatingIncome": 181700000,
        "operatingIncomeRatio": 1,
        "totalOtherIncomeExpensesNet": -181700000,
        "incomeBeforeTax": 0,
        "incomeBeforeTaxRatio": 0,
        "incomeTaxExpense": 0,
        "netIncome": 9900000,
        "netIncomeRatio": 0.0544854155,
        "eps": 0.08,
        "epsdiluted": 0.08,
        "weightedAverageShsOut": 130984000,
        "weightedAverageShsOutDil": 130984000,
        "link": "",
        "finalLink": ""
    },
    {
        "date": "1987-12-31",
        "symbol": "LEG",
        "reportedCurrency": "USD",
        "cik": "0000058492",
        "fillingDate": "1987-12-31",
        "acceptedDate": "1987-12-30 19:00:00",
        "calendarYear": "1987",
        "period": "Q4",
        "revenue": 162800000,
        "costOfRevenue": 0,
        "grossProfit": 162800000,
        "grossProfitRatio": 1,
        "researchAndDevelopmentExpenses": 0,
        "generalAndAdministrativeExpenses": 0,
        "sellingAndMarketingExpenses": 0,
        "sellingGeneralAndAdministrativeExpenses": 0,
        "otherExpenses": -582700000,
        "operatingExpenses": -582700000,
        "costAndExpenses": -582700000,
        "interestIncome": 0,
        "interestExpense": 0,
        "depreciationAndAmortization": 0,
        "ebitda": -419900000,
        "ebitdaratio": -2.5792383292,
        "operatingIncome": -419900000,
        "operatingIncomeRatio": -2.5792383292,
        "totalOtherIncomeExpensesNet": 419900000,
        "incomeBeforeTax": 0,
        "incomeBeforeTaxRatio": 0,
        "incomeTaxExpense": 0,
        "netIncome": 9000000,
        "netIncomeRatio": 0.0552825553,
        "eps": 0.0698584203,
        "epsdiluted": 0.0693588163,
        "weightedAverageShsOut": 128832000,
        "weightedAverageShsOutDil": 129760000,
        "link": "",
        "finalLink": ""
    },
    {
        "date": "1987-09-30",
        "symbol": "LEG",
        "reportedCurrency": "USD",
        "cik": "0000058492",
        "fillingDate": "1987-09-30",
        "acceptedDate": "1987-09-29 20:00:00",
        "calendarYear": "1987",
        "period": "Q3",
        "revenue": 168100000,
        "costOfRevenue": 0,
        "grossProfit": 168100000,
        "grossProfitRatio": 1,
        "researchAndDevelopmentExpenses": 0,
        "generalAndAdministrativeExpenses": 0,
        "sellingAndMarketingExpenses": 0,
        "sellingGeneralAndAdministrativeExpenses": 0,
        "otherExpenses": 0,
        "operatingExpenses": 0,
        "costAndExpenses": 0,
        "interestIncome": 0,
        "interestExpense": 0,
        "depreciationAndAmortization": 0,
        "ebitda": 168100000,
        "ebitdaratio": 1,
        "operatingIncome": 168100000,
        "operatingIncomeRatio": 1,
        "totalOtherIncomeExpensesNet": -168100000,
        "incomeBeforeTax": 0,
        "incomeBeforeTaxRatio": 0,
        "incomeTaxExpense": 0,
        "netIncome": 9600000,
        "netIncomeRatio": 0.0571088638,
        "eps": 0.08,
        "epsdiluted": 0.08,
        "weightedAverageShsOut": 129760000,
        "weightedAverageShsOutDil": 129760000,
        "link": "",
        "finalLink": ""
    },
    {
        "date": "1987-06-30",
        "symbol": "LEG",
        "reportedCurrency": "USD",
        "cik": "0000058492",
        "fillingDate": "1987-06-30",
        "acceptedDate": "1987-06-29 20:00:00",
        "calendarYear": "1987",
        "period": "Q2",
        "revenue": 161100000,
        "costOfRevenue": 0,
        "grossProfit": 161100000,
        "grossProfitRatio": 1,
        "researchAndDevelopmentExpenses": 0,
        "generalAndAdministrativeExpenses": 0,
        "sellingAndMarketingExpenses": 0,
        "sellingGeneralAndAdministrativeExpenses": 0,
        "otherExpenses": 0,
        "operatingExpenses": 0,
        "costAndExpenses": 0,
        "interestIncome": 0,
        "interestExpense": 0,
        "depreciationAndAmortization": 0,
        "ebitda": 161100000,
        "ebitdaratio": 1,
        "operatingIncome": 161100000,
        "operatingIncomeRatio": 1,
        "totalOtherIncomeExpensesNet": -161100000,
        "incomeBeforeTax": 0,
        "incomeBeforeTaxRatio": 0,
        "incomeTaxExpense": 0,
        "netIncome": 9800000,
        "netIncomeRatio": 0.0608317815,
        "eps": 0.08,
        "epsdiluted": 0.08,
        "weightedAverageShsOut": 128728000,
        "weightedAverageShsOutDil": 128728000,
        "link": "",
        "finalLink": ""
    },
    {
        "date": "1987-03-31",
        "symbol": "LEG",
        "reportedCurrency": "USD",
        "cik": "0000058492",
        "fillingDate": "1987-03-31",
        "acceptedDate": "1987-03-30 19:00:00",
        "calendarYear": "1987",
        "period": "Q1",
        "revenue": 157200000,
        "costOfRevenue": 0,
        "grossProfit": 157200000,
        "grossProfitRatio": 1,
        "researchAndDevelopmentExpenses": 0,
        "generalAndAdministrativeExpenses": 0,
        "sellingAndMarketingExpenses": 0,
        "sellingGeneralAndAdministrativeExpenses": 0,
        "otherExpenses": 0,
        "operatingExpenses": 0,
        "costAndExpenses": 0,
        "interestIncome": 0,
        "interestExpense": 0,
        "depreciationAndAmortization": 0,
        "ebitda": 157200000,
        "ebitdaratio": 1,
        "operatingIncome": 157200000,
        "operatingIncomeRatio": 1,
        "totalOtherIncomeExpensesNet": -157200000,
        "incomeBeforeTax": 0,
        "incomeBeforeTaxRatio": 0,
        "incomeTaxExpense": 0,
        "netIncome": 9000000,
        "netIncomeRatio": 0.0572519084,
        "eps": 0.07,
        "epsdiluted": 0.07,
        "weightedAverageShsOut": 131664000,
        "weightedAverageShsOutDil": 131664000,
        "link": "",
        "finalLink": ""
    },
    {
        "date": "1986-12-31",
        "symbol": "LEG",
        "reportedCurrency": "USD",
        "cik": "0000058492",
        "fillingDate": "1986-12-31",
        "acceptedDate": "1986-12-30 19:00:00",
        "calendarYear": "1986",
        "period": "Q4",
        "revenue": 146600000,
        "costOfRevenue": 0,
        "grossProfit": 146600000,
        "grossProfitRatio": 1,
        "researchAndDevelopmentExpenses": 0,
        "generalAndAdministrativeExpenses": 0,
        "sellingAndMarketingExpenses": 0,
        "sellingGeneralAndAdministrativeExpenses": 0,
        "otherExpenses": -527400000,
        "operatingExpenses": -527400000,
        "costAndExpenses": -527400000,
        "interestIncome": 0,
        "interestExpense": 0,
        "depreciationAndAmortization": 0,
        "ebitda": -380800000,
        "ebitdaratio": -2.5975443383,
        "operatingIncome": -380800000,
        "operatingIncomeRatio": -2.5975443383,
        "totalOtherIncomeExpensesNet": 380800000,
        "incomeBeforeTax": 0,
        "incomeBeforeTaxRatio": 0,
        "incomeTaxExpense": 0,
        "netIncome": 9600000,
        "netIncomeRatio": 0.0654843111,
        "eps": 0.0745758499,
        "epsdiluted": 0.0734528983,
        "weightedAverageShsOut": 128728000,
        "weightedAverageShsOutDil": 130696000,
        "link": "",
        "finalLink": ""
    },
    {
        "date": "1986-09-30",
        "symbol": "LEG",
        "reportedCurrency": "USD",
        "cik": "0000058492",
        "fillingDate": "1986-09-30",
        "acceptedDate": "1986-09-29 20:00:00",
        "calendarYear": "1986",
        "period": "Q3",
        "revenue": 155500000,
        "costOfRevenue": 0,
        "grossProfit": 155500000,
        "grossProfitRatio": 1,
        "researchAndDevelopmentExpenses": 0,
        "generalAndAdministrativeExpenses": 0,
        "sellingAndMarketingExpenses": 0,
        "sellingGeneralAndAdministrativeExpenses": 0,
        "otherExpenses": 0,
        "operatingExpenses": 0,
        "costAndExpenses": 0,
        "interestIncome": 0,
        "interestExpense": 0,
        "depreciationAndAmortization": 0,
        "ebitda": 155500000,
        "ebitdaratio": 1,
        "operatingIncome": 155500000,
        "operatingIncomeRatio": 1,
        "totalOtherIncomeExpensesNet": -155500000,
        "incomeBeforeTax": 0,
        "incomeBeforeTaxRatio": 0,
        "incomeTaxExpense": 0,
        "netIncome": 8500000,
        "netIncomeRatio": 0.0546623794,
        "eps": 0.07,
        "epsdiluted": 0.07,
        "weightedAverageShsOut": 130696000,
        "weightedAverageShsOutDil": 130696000,
        "link": "",
        "finalLink": ""
    },
    {
        "date": "1986-06-30",
        "symbol": "LEG",
        "reportedCurrency": "USD",
        "cik": "0000058492",
        "fillingDate": "1986-06-30",
        "acceptedDate": "1986-06-29 20:00:00",
        "calendarYear": "1986",
        "period": "Q2",
        "revenue": 144500000,
        "costOfRevenue": 0,
        "grossProfit": 144500000,
        "grossProfitRatio": 1,
        "researchAndDevelopmentExpenses": 0,
        "generalAndAdministrativeExpenses": 0,
        "sellingAndMarketingExpenses": 0,
        "sellingGeneralAndAdministrativeExpenses": 0,
        "otherExpenses": 0,
        "operatingExpenses": 0,
        "costAndExpenses": 0,
        "interestIncome": 0,
        "interestExpense": 0,
        "depreciationAndAmortization": 0,
        "ebitda": 144500000,
        "ebitdaratio": 1,
        "operatingIncome": 144500000,
        "operatingIncomeRatio": 1,
        "totalOtherIncomeExpensesNet": -144500000,
        "incomeBeforeTax": 0,
        "incomeBeforeTaxRatio": 0,
        "incomeTaxExpense": 0,
        "netIncome": 8500000,
        "netIncomeRatio": 0.0588235294,
        "eps": 0.07,
        "epsdiluted": 0.07,
        "weightedAverageShsOut": 130696000,
        "weightedAverageShsOutDil": 130696000,
        "link": "",
        "finalLink": ""
    },
    {
        "date": "1986-03-31",
        "symbol": "LEG",
        "reportedCurrency": "USD",
        "cik": "0000058492",
        "fillingDate": "1986-03-31",
        "acceptedDate": "1986-03-30 19:00:00",
        "calendarYear": "1986",
        "period": "Q1",
        "revenue": 132700000,
        "costOfRevenue": 0,
        "grossProfit": 132700000,
        "grossProfitRatio": 1,
        "researchAndDevelopmentExpenses": 0,
        "generalAndAdministrativeExpenses": 0,
        "sellingAndMarketingExpenses": 0,
        "sellingGeneralAndAdministrativeExpenses": 0,
        "otherExpenses": 0,
        "operatingExpenses": 0,
        "costAndExpenses": 0,
        "interestIncome": 0,
        "interestExpense": 0,
        "depreciationAndAmortization": 0,
        "ebitda": 132700000,
        "ebitdaratio": 1,
        "operatingIncome": 132700000,
        "operatingIncomeRatio": 1,
        "totalOtherIncomeExpensesNet": -132700000,
        "incomeBeforeTax": 0,
        "incomeBeforeTaxRatio": 0,
        "incomeTaxExpense": 0,
        "netIncome": 7100000,
        "netIncomeRatio": 0.0535041447,
        "eps": 0.06,
        "epsdiluted": 0.06,
        "weightedAverageShsOut": 109840000,
        "weightedAverageShsOutDil": 109840000,
        "link": "",
        "finalLink": ""
    },
    {
        "date": "1985-12-31",
        "symbol": "LEG",
        "reportedCurrency": "USD",
        "cik": "0000058492",
        "fillingDate": "1985-12-31",
        "acceptedDate": "1985-12-30 19:00:00",
        "calendarYear": "1985",
        "period": "Q4",
        "revenue": 121400000,
        "costOfRevenue": 0,
        "grossProfit": 121400000,
        "grossProfitRatio": 1,
        "researchAndDevelopmentExpenses": 0,
        "generalAndAdministrativeExpenses": 0,
        "sellingAndMarketingExpenses": 0,
        "sellingGeneralAndAdministrativeExpenses": 0,
        "otherExpenses": -432100000,
        "operatingExpenses": -432100000,
        "costAndExpenses": -432100000,
        "interestIncome": 0,
        "interestExpense": 0,
        "depreciationAndAmortization": 0,
        "ebitda": -310700000,
        "ebitdaratio": -2.5593080725,
        "operatingIncome": -310700000,
        "operatingIncomeRatio": -2.5593080725,
        "totalOtherIncomeExpensesNet": 310700000,
        "incomeBeforeTax": 0,
        "incomeBeforeTaxRatio": 0,
        "incomeTaxExpense": 0,
        "netIncome": 6500000,
        "netIncomeRatio": 0.0535420099,
        "eps": 0.0595368946,
        "epsdiluted": 0.0595368946,
        "weightedAverageShsOut": 109176000,
        "weightedAverageShsOutDil": 109176000,
        "link": "",
        "finalLink": ""
    },
    {
        "date": "1985-09-30",
        "symbol": "LEG",
        "reportedCurrency": "USD",
        "cik": "0000058492",
        "fillingDate": "1985-09-30",
        "acceptedDate": "1985-09-29 20:00:00",
        "calendarYear": "1985",
        "period": "Q3",
        "revenue": 123700000,
        "costOfRevenue": 0,
        "grossProfit": 123700000,
        "grossProfitRatio": 1,
        "researchAndDevelopmentExpenses": 0,
        "generalAndAdministrativeExpenses": 0,
        "sellingAndMarketingExpenses": 0,
        "sellingGeneralAndAdministrativeExpenses": 0,
        "otherExpenses": 0,
        "operatingExpenses": 0,
        "costAndExpenses": 0,
        "interestIncome": 0,
        "interestExpense": 0,
        "depreciationAndAmortization": 0,
        "ebitda": 123700000,
        "ebitdaratio": 1,
        "operatingIncome": 123700000,
        "operatingIncomeRatio": 1,
        "totalOtherIncomeExpensesNet": -123700000,
        "incomeBeforeTax": 0,
        "incomeBeforeTaxRatio": 0,
        "incomeTaxExpense": 0,
        "netIncome": 6500000,
        "netIncomeRatio": 0.0525464834,
        "eps": 0.06,
        "epsdiluted": 0.06,
        "weightedAverageShsOut": 109176000,
        "weightedAverageShsOutDil": 109176000,
        "link": "",
        "finalLink": ""
    }
]