[
    {
        "date": "2025-06-30",
        "symbol": "LI",
        "reportedCurrency": "CNY",
        "cik": "0001791706",
        "fillingDate": "2025-08-28",
        "acceptedDate": "2025-08-28 08:18:53",
        "calendarYear": "2025",
        "period": "Q2",
        "revenue": 30245613000,
        "costOfRevenue": 24178644000,
        "grossProfit": 6066969000,
        "grossProfitRatio": 0.2005900492,
        "researchAndDevelopmentExpenses": 2810170000,
        "generalAndAdministrativeExpenses": 0,
        "sellingAndMarketingExpenses": 0,
        "sellingGeneralAndAdministrativeExpenses": 2717761000,
        "otherExpenses": -287980000,
        "operatingExpenses": 5239951000,
        "costAndExpenses": 29418595000,
        "interestIncome": 496454000,
        "interestExpense": 49776000,
        "depreciationAndAmortization": 840817000,
        "ebitda": 2179577000,
        "ebitdaratio": 0.0720625831,
        "operatingIncome": 827018000,
        "operatingIncomeRatio": 0.0273434035,
        "totalOtherIncomeExpensesNet": 461966000,
        "incomeBeforeTax": 1288984000,
        "incomeBeforeTaxRatio": 0.0426172219,
        "incomeTaxExpense": 192048000,
        "netIncome": 1092571000,
        "netIncomeRatio": 0.0361232884,
        "eps": 1.1,
        "epsdiluted": 1.02,
        "weightedAverageShsOut": 1005986033,
        "weightedAverageShsOutDil": 1071261046,
        "link": "https://www.sec.gov/Archives/edgar/data/1791706/000110465925084336/0001104659-25-084336-index.htm",
        "finalLink": "https://www.sec.gov/Archives/edgar/data/1791706/000110465925084336/tm2524527d1_ex99-1.htm"
    },
    {
        "date": "2025-03-31",
        "symbol": "LI",
        "reportedCurrency": "CNY",
        "cik": "0001791706",
        "fillingDate": "2025-05-29",
        "acceptedDate": "2025-05-29 06:49:50",
        "calendarYear": "2025",
        "period": "Q1",
        "revenue": 25926814000,
        "costOfRevenue": 20608355000,
        "grossProfit": 5318459000,
        "grossProfitRatio": 0.2051335347,
        "researchAndDevelopmentExpenses": 2513854000,
        "generalAndAdministrativeExpenses": 0,
        "sellingAndMarketingExpenses": 0,
        "sellingGeneralAndAdministrativeExpenses": 2531009000,
        "otherExpenses": 1942000,
        "operatingExpenses": 5046805000,
        "costAndExpenses": 25655160000,
        "interestIncome": 516261000,
        "interestExpense": 48220000,
        "depreciationAndAmortization": 764466000,
        "ebitda": 1036120250,
        "ebitdaratio": 0.0399632693,
        "operatingIncome": 271654000,
        "operatingIncomeRatio": 0.010477724,
        "totalOtherIncomeExpensesNet": 502771000,
        "incomeBeforeTax": 774425000,
        "incomeBeforeTaxRatio": 0.0298696554,
        "incomeTaxExpense": 127780000,
        "netIncome": 650324000,
        "netIncomeRatio": 0.0250830665,
        "eps": 0.66,
        "epsdiluted": 0.6,
        "weightedAverageShsOut": 1004099493,
        "weightedAverageShsOutDil": 1069104609,
        "link": "https://www.sec.gov/Archives/edgar/data/1791706/000110465925053853/0001104659-25-053853-index.htm",
        "finalLink": "https://www.sec.gov/Archives/edgar/data/1791706/000110465925053853/tm2516467d1_ex99-1.htm"
    },
    {
        "date": "2024-12-31",
        "symbol": "LI",
        "reportedCurrency": "CNY",
        "cik": "0001791706",
        "fillingDate": "2025-04-10",
        "acceptedDate": "2025-04-10 06:02:47",
        "calendarYear": "2024",
        "period": "Q4",
        "revenue": 44273672000,
        "costOfRevenue": 35303454000,
        "grossProfit": 8970218000,
        "grossProfitRatio": 0.2026084035,
        "researchAndDevelopmentExpenses": 2408357000,
        "generalAndAdministrativeExpenses": 0,
        "sellingAndMarketingExpenses": 0,
        "sellingGeneralAndAdministrativeExpenses": 3076993000,
        "otherExpenses": -218446000,
        "operatingExpenses": 5266904000,
        "costAndExpenses": 40570358000,
        "interestIncome": 0,
        "interestExpense": 39780000,
        "depreciationAndAmortization": 764466250,
        "ebitda": 4477453250,
        "ebitdaratio": 0.1011312829,
        "operatingIncome": 3703314000,
        "operatingIncomeRatio": 0.0836459646,
        "totalOtherIncomeExpensesNet": 358390000,
        "incomeBeforeTax": 4061704000,
        "incomeBeforeTaxRatio": 0.0917408432,
        "incomeTaxExpense": 529010000,
        "netIncome": 3522937000,
        "netIncomeRatio": 0.0795718277,
        "eps": 3.52,
        "epsdiluted": 3.3,
        "weightedAverageShsOut": 1000250500,
        "weightedAverageShsOutDil": 1066897000,
        "link": "https://www.sec.gov/Archives/edgar/data/1791706/000141057825000678/0001410578-25-000678-index.htm",
        "finalLink": "https://www.sec.gov/Archives/edgar/data/1791706/000141057825000678/li-20241231x20f.htm"
    },
    {
        "date": "2024-09-30",
        "symbol": "LI",
        "reportedCurrency": "CNY",
        "cik": "0001791706",
        "fillingDate": "2024-10-31",
        "acceptedDate": "2024-10-31 07:31:13",
        "calendarYear": "2024",
        "period": "Q3",
        "revenue": 42874218000,
        "costOfRevenue": 33649545000,
        "grossProfit": 9224673000,
        "grossProfitRatio": 0.2151566473,
        "researchAndDevelopmentExpenses": 2586534000,
        "generalAndAdministrativeExpenses": 0,
        "sellingAndMarketingExpenses": 0,
        "sellingGeneralAndAdministrativeExpenses": 3359640000,
        "otherExpenses": -154174000,
        "operatingExpenses": 5792000000,
        "costAndExpenses": 39441545000,
        "interestIncome": 0,
        "interestExpense": 76146000,
        "depreciationAndAmortization": 451250250,
        "ebitda": 3883923250,
        "ebitdaratio": 0.0905887835,
        "operatingIncome": 3432673000,
        "operatingIncomeRatio": 0.0800638043,
        "totalOtherIncomeExpensesNet": -32394000,
        "incomeBeforeTax": 3400279000,
        "incomeBeforeTaxRatio": 0.0793082453,
        "incomeTaxExpense": 579789000,
        "netIncome": 2814262000,
        "netIncomeRatio": 0.0656399611,
        "eps": 2.82,
        "epsdiluted": 2.66,
        "weightedAverageShsOut": 997934500,
        "weightedAverageShsOutDil": 1062728000,
        "link": "https://www.sec.gov/Archives/edgar/data/1791706/000110465924112856/0001104659-24-112856-index.htm",
        "finalLink": "https://www.sec.gov/Archives/edgar/data/1791706/000110465924112856/tm2427204d1_ex99-1.htm"
    },
    {
        "date": "2024-06-30",
        "symbol": "LI",
        "reportedCurrency": "CNY",
        "cik": "0001791706",
        "fillingDate": "2024-08-28",
        "acceptedDate": "2024-08-28 08:53:18",
        "calendarYear": "2024",
        "period": "Q2",
        "revenue": 31678396000,
        "costOfRevenue": 25501454000,
        "grossProfit": 6176942000,
        "grossProfitRatio": 0.1949891024,
        "researchAndDevelopmentExpenses": 3027581000,
        "generalAndAdministrativeExpenses": 0,
        "sellingAndMarketingExpenses": 0,
        "sellingGeneralAndAdministrativeExpenses": 2815105000,
        "otherExpenses": -133773000,
        "operatingExpenses": 5708913000,
        "costAndExpenses": 31210367000,
        "interestIncome": 370034000,
        "interestExpense": 43231000,
        "depreciationAndAmortization": 753271000,
        "ebitda": 1221300000,
        "ebitdaratio": 0.0385530884,
        "operatingIncome": 468029000,
        "operatingIncomeRatio": 0.0147743907,
        "totalOtherIncomeExpensesNet": 710040000,
        "incomeBeforeTax": 1178069000,
        "incomeBeforeTaxRatio": 0.0371884044,
        "incomeTaxExpense": 77129000,
        "netIncome": 1102593000,
        "netIncomeRatio": 0.0348058342,
        "eps": 1.12,
        "epsdiluted": 1.04,
        "weightedAverageShsOut": 994833579,
        "weightedAverageShsOutDil": 1062428185,
        "link": "https://www.sec.gov/Archives/edgar/data/1791706/000110465924093778/0001104659-24-093778-index.htm",
        "finalLink": "https://www.sec.gov/Archives/edgar/data/1791706/000110465924093778/tm2422884d1_ex99-1.htm"
    },
    {
        "date": "2024-03-31",
        "symbol": "LI",
        "reportedCurrency": "CNY",
        "cik": "0001791706",
        "fillingDate": "2024-05-20",
        "acceptedDate": "2024-05-20 06:07:27",
        "calendarYear": "2024",
        "period": "Q1",
        "revenue": 25633660000,
        "costOfRevenue": 20349355000,
        "grossProfit": 5284305000,
        "grossProfitRatio": 0.2061471128,
        "researchAndDevelopmentExpenses": 3048886000,
        "generalAndAdministrativeExpenses": 0,
        "sellingAndMarketingExpenses": 0,
        "sellingGeneralAndAdministrativeExpenses": 2977585000,
        "otherExpenses": -157264000,
        "operatingExpenses": 5869207000,
        "costAndExpenses": 26218562000,
        "interestIncome": 1068888000,
        "interestExpense": 28598000,
        "depreciationAndAmortization": 451250250,
        "ebitda": -133651750,
        "ebitdaratio": -0.005213916,
        "operatingIncome": -584902000,
        "operatingIncomeRatio": -0.0228177326,
        "totalOtherIncomeExpensesNet": 1260474000,
        "incomeBeforeTax": 675572000,
        "incomeBeforeTaxRatio": 0.0263548787,
        "incomeTaxExpense": 84446000,
        "netIncome": 592558000,
        "netIncomeRatio": 0.0231164024,
        "eps": 0.6,
        "epsdiluted": 0.56,
        "weightedAverageShsOut": 993308653,
        "weightedAverageShsOutDil": 1066436872,
        "link": "https://www.sec.gov/Archives/edgar/data/1791706/000110465924063166/0001104659-24-063166-index.htm",
        "finalLink": "https://www.sec.gov/Archives/edgar/data/1791706/000110465924063166/tm2414939d1_ex99-1.htm"
    },
    {
        "date": "2023-12-31",
        "symbol": "LI",
        "reportedCurrency": "CNY",
        "cik": "0001791706",
        "fillingDate": "2024-04-12",
        "acceptedDate": "2024-04-12 06:29:08",
        "calendarYear": "2023",
        "period": "Q4",
        "revenue": 41732097000,
        "costOfRevenue": 31945214000,
        "grossProfit": 9786883000,
        "grossProfitRatio": 0.2345169235,
        "researchAndDevelopmentExpenses": 3491026000,
        "generalAndAdministrativeExpenses": 0,
        "sellingAndMarketingExpenses": 0,
        "sellingGeneralAndAdministrativeExpenses": 3269668000,
        "otherExpenses": -10237000,
        "operatingExpenses": 6750457000,
        "costAndExpenses": 38695671000,
        "interestIncome": 794355000,
        "interestExpense": 13675000,
        "depreciationAndAmortization": 451250000,
        "ebitda": 3487676000,
        "ebitdaratio": 0.083572987,
        "operatingIncome": 3036426000,
        "operatingIncomeRatio": 0.072759967,
        "totalOtherIncomeExpensesNet": 1139505000,
        "incomeBeforeTax": 4175931000,
        "incomeBeforeTaxRatio": 0.1000652088,
        "incomeTaxExpense": -1576385000,
        "netIncome": 5658081000,
        "netIncomeRatio": 0.1355810373,
        "eps": 5.72,
        "epsdiluted": 5.32,
        "weightedAverageShsOut": 989909500,
        "weightedAverageShsOutDil": 1064538500,
        "link": "https://www.sec.gov/Archives/edgar/data/1791706/000110465924046495/0001104659-24-046495-index.htm",
        "finalLink": "https://www.sec.gov/Archives/edgar/data/1791706/000110465924046495/li-20231231x20f.htm"
    },
    {
        "date": "2023-09-30",
        "symbol": "LI",
        "reportedCurrency": "CNY",
        "cik": "0001791706",
        "fillingDate": "2023-11-09",
        "acceptedDate": "2023-11-09 06:01:46",
        "calendarYear": "2023",
        "period": "Q3",
        "revenue": 34679455000,
        "costOfRevenue": 27034971000,
        "grossProfit": 7644484000,
        "grossProfitRatio": 0.2204326452,
        "researchAndDevelopmentExpenses": 2817206000,
        "generalAndAdministrativeExpenses": 0,
        "sellingAndMarketingExpenses": 0,
        "sellingGeneralAndAdministrativeExpenses": 2543770000,
        "otherExpenses": -55870000,
        "operatingExpenses": 5305106000,
        "costAndExpenses": 32340077000,
        "interestIncome": 439800000,
        "interestExpense": 11698000,
        "depreciationAndAmortization": 419348000,
        "ebitda": 2758726000,
        "ebitdaratio": 0.0795492893,
        "operatingIncome": 2339378000,
        "operatingIncomeRatio": 0.0674571731,
        "totalOtherIncomeExpensesNet": 611687000,
        "incomeBeforeTax": 2951065000,
        "incomeBeforeTaxRatio": 0.0850954838,
        "incomeTaxExpense": 138191000,
        "netIncome": 2823231000,
        "netIncomeRatio": 0.0814093243,
        "eps": 2.86,
        "epsdiluted": 2.68,
        "weightedAverageShsOut": 985819449,
        "weightedAverageShsOutDil": 1059821062,
        "link": "https://www.sec.gov/Archives/edgar/data/1791706/000110465923115935/0001104659-23-115935-index.htm",
        "finalLink": "https://www.sec.gov/Archives/edgar/data/1791706/000110465923115935/tm2330335d1_ex99-1.htm"
    },
    {
        "date": "2023-06-30",
        "symbol": "LI",
        "reportedCurrency": "CNY",
        "cik": "0001791706",
        "fillingDate": "2023-08-08",
        "acceptedDate": "2023-08-08 08:57:41",
        "calendarYear": "2023",
        "period": "Q2",
        "revenue": 28652727000,
        "costOfRevenue": 22417449000,
        "grossProfit": 6235278000,
        "grossProfitRatio": 0.217615517,
        "researchAndDevelopmentExpenses": 2425600000,
        "generalAndAdministrativeExpenses": 0,
        "sellingAndMarketingExpenses": 0,
        "sellingGeneralAndAdministrativeExpenses": 2309210000,
        "otherExpenses": -125402000,
        "operatingExpenses": 4609408000,
        "costAndExpenses": 27026857000,
        "interestIncome": 430262000,
        "interestExpense": 28440000,
        "depreciationAndAmortization": 413667000,
        "ebitda": 2045218000,
        "ebitdaratio": 0.0713795235,
        "operatingIncome": 1625870000,
        "operatingIncomeRatio": 0.0567439881,
        "totalOtherIncomeExpensesNet": 726113000,
        "incomeBeforeTax": 2351983000,
        "incomeBeforeTaxRatio": 0.0820858343,
        "incomeTaxExpense": 41885000,
        "netIncome": 2293153000,
        "netIncomeRatio": 0.0800326266,
        "eps": 2.34,
        "epsdiluted": 2.18,
        "weightedAverageShsOut": 980245747,
        "weightedAverageShsOutDil": 1053427492,
        "link": "https://www.sec.gov/Archives/edgar/data/1791706/000110465923088650/0001104659-23-088650-index.htm",
        "finalLink": "https://www.sec.gov/Archives/edgar/data/1791706/000110465923088650/tm2322418d1_ex99-1.htm"
    },
    {
        "date": "2023-03-31",
        "symbol": "LI",
        "reportedCurrency": "CNY",
        "cik": "0001791706",
        "fillingDate": "2023-05-10",
        "acceptedDate": "2023-05-10 09:04:06",
        "calendarYear": "2023",
        "period": "Q1",
        "revenue": 18787053000,
        "costOfRevenue": 14956947000,
        "grossProfit": 3830106000,
        "grossProfitRatio": 0.2038694414,
        "researchAndDevelopmentExpenses": 1852297000,
        "generalAndAdministrativeExpenses": 0,
        "sellingAndMarketingExpenses": 0,
        "sellingGeneralAndAdministrativeExpenses": 1645307000,
        "otherExpenses": -72701000,
        "operatingExpenses": 3424903000,
        "costAndExpenses": 18381850000,
        "interestIncome": 418531000,
        "interestExpense": 32438000,
        "depreciationAndAmortization": 358500000,
        "ebitda": 758022000,
        "ebitdaratio": 0.0403481057,
        "operatingIncome": 405203000,
        "operatingIncomeRatio": 0.0215682044,
        "totalOtherIncomeExpensesNet": 567581000,
        "incomeBeforeTax": 972784000,
        "incomeBeforeTaxRatio": 0.0517794888,
        "incomeTaxExpense": 38947000,
        "netIncome": 929668000,
        "netIncomeRatio": 0.049484504,
        "eps": 0.96,
        "epsdiluted": 0.88,
        "weightedAverageShsOut": 979166653,
        "weightedAverageShsOutDil": 1052402047,
        "link": "https://www.sec.gov/Archives/edgar/data/1791706/000110465923058068/0001104659-23-058068-index.htm",
        "finalLink": "https://www.sec.gov/Archives/edgar/data/1791706/000110465923058068/tm2314966d2_ex99-1.htm"
    },
    {
        "date": "2022-12-31",
        "symbol": "LI",
        "reportedCurrency": "CNY",
        "cik": "0001791706",
        "fillingDate": "2023-04-21",
        "acceptedDate": "2023-04-21 06:03:25",
        "calendarYear": "2022",
        "period": "Q4",
        "revenue": 17649874000,
        "costOfRevenue": 14083543000,
        "grossProfit": 3566331000,
        "grossProfitRatio": 0.2020598561,
        "researchAndDevelopmentExpenses": 2070091000,
        "generalAndAdministrativeExpenses": 1192488000,
        "sellingAndMarketingExpenses": 363906000,
        "sellingGeneralAndAdministrativeExpenses": 1556394000,
        "otherExpenses": 73465000,
        "operatingExpenses": 3699950000,
        "costAndExpenses": 17783493000,
        "interestIncome": 255772000,
        "interestExpense": 38393000,
        "depreciationAndAmortization": 428584000,
        "ebitda": 635443000,
        "ebitdaratio": 0.0360026933,
        "operatingIncome": -125255000,
        "operatingIncomeRatio": -0.0070966512,
        "totalOtherIncomeExpensesNet": 302085000,
        "incomeBeforeTax": 168466000,
        "incomeBeforeTaxRatio": 0.009544884,
        "incomeTaxExpense": -96836000,
        "netIncome": 256938000,
        "netIncomeRatio": 0.0145574977,
        "eps": 0.26,
        "epsdiluted": 0.24,
        "weightedAverageShsOut": 976970967,
        "weightedAverageShsOutDil": 1045583572,
        "link": "https://www.sec.gov/Archives/edgar/data/1791706/000110465923047986/0001104659-23-047986-index.htm",
        "finalLink": "https://www.sec.gov/Archives/edgar/data/1791706/000110465923047986/li-20221231x20f.htm"
    },
    {
        "date": "2022-09-30",
        "symbol": "LI",
        "reportedCurrency": "CNY",
        "cik": "0001791706",
        "fillingDate": "2022-12-12",
        "acceptedDate": "2022-12-12 08:06:13",
        "calendarYear": "2022",
        "period": "Q3",
        "revenue": 9342285000,
        "costOfRevenue": 8160315000,
        "grossProfit": 1181970000,
        "grossProfitRatio": 0.1265182983,
        "researchAndDevelopmentExpenses": 1804335000,
        "generalAndAdministrativeExpenses": 1097686000,
        "sellingAndMarketingExpenses": 251441000,
        "sellingGeneralAndAdministrativeExpenses": 1349127000,
        "otherExpenses": 158235000,
        "operatingExpenses": 3311697000,
        "costAndExpenses": 11472012000,
        "interestIncome": 307921000,
        "interestExpense": 36637000,
        "depreciationAndAmortization": 379922000,
        "ebitda": -1665277000,
        "ebitdaratio": -0.1782515734,
        "operatingIncome": -2129727000,
        "operatingIncomeRatio": -0.2279663915,
        "totalOtherIncomeExpensesNet": 427813000,
        "incomeBeforeTax": -1701914000,
        "incomeBeforeTaxRatio": -0.1821732049,
        "incomeTaxExpense": -56176000,
        "netIncome": -1645738000,
        "netIncomeRatio": -0.176160115,
        "eps": -1.7,
        "epsdiluted": -1.68,
        "weightedAverageShsOut": 969759981,
        "weightedAverageShsOutDil": 969759981,
        "link": "https://www.sec.gov/Archives/edgar/data/1791706/000110465922126077/0001104659-22-126077-index.htm",
        "finalLink": "https://www.sec.gov/Archives/edgar/data/1791706/000110465922126077/li-20220930xex99d1.htm"
    },
    {
        "date": "2022-06-30",
        "symbol": "LI",
        "reportedCurrency": "CNY",
        "cik": "0001791706",
        "fillingDate": "2022-08-15",
        "acceptedDate": "2022-08-15 07:03:08",
        "calendarYear": "2022",
        "period": "Q2",
        "revenue": 8732621000,
        "costOfRevenue": 6854321000,
        "grossProfit": 1878300000,
        "grossProfitRatio": 0.2150900629,
        "researchAndDevelopmentExpenses": 1531644000,
        "generalAndAdministrativeExpenses": 1165087000,
        "sellingAndMarketingExpenses": 200976000,
        "sellingGeneralAndAdministrativeExpenses": 1366063000,
        "otherExpenses": -40950000,
        "operatingExpenses": 2856757000,
        "costAndExpenses": 9711078000,
        "interestIncome": 249662000,
        "interestExpense": 21172000,
        "depreciationAndAmortization": 203604000,
        "ebitda": -624100000,
        "ebitdaratio": -0.0714676613,
        "operatingIncome": -978457000,
        "operatingIncomeRatio": -0.1120462001,
        "totalOtherIncomeExpensesNet": 333185000,
        "incomeBeforeTax": -645272000,
        "incomeBeforeTaxRatio": -0.0738921339,
        "incomeTaxExpense": -4226000,
        "netIncome": -617966000,
        "netIncomeRatio": -0.0707652376,
        "eps": -0.64,
        "epsdiluted": -0.64,
        "weightedAverageShsOut": 965395731,
        "weightedAverageShsOutDil": 965395731,
        "link": "https://www.sec.gov/Archives/edgar/data/1791706/000110465922090520/0001104659-22-090520-index.htm",
        "finalLink": "https://www.sec.gov/Archives/edgar/data/1791706/000110465922090520/tm2223310d1_ex99-1.htm"
    },
    {
        "date": "2022-03-31",
        "symbol": "LI",
        "reportedCurrency": "CNY",
        "cik": "0001791706",
        "fillingDate": "2022-03-31",
        "acceptedDate": "2022-03-30 20:00:00",
        "calendarYear": "2022",
        "period": "Q1",
        "revenue": 9562036000,
        "costOfRevenue": 7398181000,
        "grossProfit": 2163855000,
        "grossProfitRatio": 0.2262964708,
        "researchAndDevelopmentExpenses": 1373962000,
        "generalAndAdministrativeExpenses": 968113000,
        "sellingAndMarketingExpenses": 193904000,
        "sellingGeneralAndAdministrativeExpenses": 1162017000,
        "otherExpenses": 40950000,
        "operatingExpenses": 2576929000,
        "costAndExpenses": 9975110000,
        "interestIncome": 162874000,
        "interestExpense": 10138000,
        "depreciationAndAmortization": 201745000,
        "ebitda": 231248000,
        "ebitdaratio": 0.0241839709,
        "operatingIncome": 29503000,
        "operatingIncomeRatio": 0.0030854308,
        "totalOtherIncomeExpensesNet": 432439000,
        "incomeBeforeTax": 19365000,
        "incomeBeforeTaxRatio": 0.0020251963,
        "incomeTaxExpense": 30231000,
        "netIncome": -10866000,
        "netIncomeRatio": -0.0011363689,
        "eps": -0.0112,
        "epsdiluted": -0.0114,
        "weightedAverageShsOut": 964870446,
        "weightedAverageShsOutDil": 964870446,
        "link": "https://www1.hkexnews.hk/search/titlesearch.xhtml",
        "finalLink": "https://www1.hkexnews.hk/search/titlesearch.xhtml"
    },
    {
        "date": "2021-12-31",
        "symbol": "LI",
        "reportedCurrency": "CNY",
        "cik": "0001791706",
        "fillingDate": "2022-04-19",
        "acceptedDate": "2022-04-19 06:04:50",
        "calendarYear": "2021",
        "period": "Q4",
        "revenue": 10620452000,
        "costOfRevenue": 8240473000,
        "grossProfit": 2379979000,
        "grossProfitRatio": 0.2240939463,
        "researchAndDevelopmentExpenses": 1229991000,
        "generalAndAdministrativeExpenses": 898343000,
        "sellingAndMarketingExpenses": 227542000,
        "sellingGeneralAndAdministrativeExpenses": 1125885000,
        "otherExpenses": 0,
        "operatingExpenses": 2355876000,
        "costAndExpenses": 10596349000,
        "interestIncome": 179315000,
        "interestExpense": 9685000,
        "depreciationAndAmortization": 207822000,
        "ebitda": 231925000,
        "ebitdaratio": 0.0218375828,
        "operatingIncome": 24103000,
        "operatingIncomeRatio": 0.0022694891,
        "totalOtherIncomeExpensesNet": 258667000,
        "incomeBeforeTax": 282770000,
        "incomeBeforeTaxRatio": 0.0266250438,
        "incomeTaxExpense": -12741000,
        "netIncome": 295511000,
        "netIncomeRatio": 0.0278247103,
        "eps": 0.3,
        "epsdiluted": 0.28,
        "weightedAverageShsOut": 962726533,
        "weightedAverageShsOutDil": 1027358848,
        "link": "https://www.sec.gov/Archives/edgar/data/1791706/000110465922047043/0001104659-22-047043-index.htm",
        "finalLink": "https://www.sec.gov/Archives/edgar/data/1791706/000110465922047043/li-20211231x20f.htm"
    },
    {
        "date": "2021-09-30",
        "symbol": "LI",
        "reportedCurrency": "CNY",
        "cik": "0001791706",
        "fillingDate": "2021-11-29",
        "acceptedDate": "2021-11-29 06:03:55",
        "calendarYear": "2021",
        "period": "Q3",
        "revenue": 7775174000,
        "costOfRevenue": 5963212000,
        "grossProfit": 1811962000,
        "grossProfitRatio": 0.2330445595,
        "researchAndDevelopmentExpenses": 888460000,
        "generalAndAdministrativeExpenses": 688583000,
        "sellingAndMarketingExpenses": 332716000,
        "sellingGeneralAndAdministrativeExpenses": 1021299000,
        "otherExpenses": 0,
        "operatingExpenses": 1909759000,
        "costAndExpenses": 7872971000,
        "interestIncome": 150123000,
        "interestExpense": 19236000,
        "depreciationAndAmortization": 157184000,
        "ebitda": 59387000,
        "ebitdaratio": 0.0076380284,
        "operatingIncome": -97797000,
        "operatingIncomeRatio": -0.0125781108,
        "totalOtherIncomeExpensesNet": 198482000,
        "incomeBeforeTax": 100685000,
        "incomeBeforeTaxRatio": 0.0129495494,
        "incomeTaxExpense": 122195000,
        "netIncome": -21510000,
        "netIncomeRatio": -0.0027664976,
        "eps": -0.023,
        "epsdiluted": -0.0232,
        "weightedAverageShsOut": 933507739,
        "weightedAverageShsOutDil": 933507739,
        "link": "https://www.sec.gov/Archives/edgar/data/1791706/000110465921144060/0001104659-21-144060-index.htm",
        "finalLink": "https://www.sec.gov/Archives/edgar/data/1791706/000110465921144060/tm2134048d1_ex99-1.htm"
    },
    {
        "date": "2021-06-30",
        "symbol": "LI",
        "reportedCurrency": "CNY",
        "cik": "0001791706",
        "fillingDate": "2021-08-30",
        "acceptedDate": "2021-08-30 06:30:10",
        "calendarYear": "2021",
        "period": "Q2",
        "revenue": 5038952000,
        "costOfRevenue": 4086172000,
        "grossProfit": 952780000,
        "grossProfitRatio": 0.189082968,
        "researchAndDevelopmentExpenses": 653438000,
        "generalAndAdministrativeExpenses": 455927000,
        "sellingAndMarketingExpenses": 379350000,
        "sellingGeneralAndAdministrativeExpenses": 835277000,
        "otherExpenses": 0,
        "operatingExpenses": 1488715000,
        "costAndExpenses": 5574887000,
        "interestIncome": 232522000,
        "interestExpense": 19741000,
        "depreciationAndAmortization": 128115000,
        "ebitda": -182514000,
        "ebitdaratio": -0.0362206268,
        "operatingIncome": -535935000,
        "operatingIncomeRatio": -0.1063584253,
        "totalOtherIncomeExpensesNet": 333680000,
        "incomeBeforeTax": -202255000,
        "incomeBeforeTaxRatio": -0.0401383065,
        "incomeTaxExpense": 33234000,
        "netIncome": -235489000,
        "netIncomeRatio": -0.0467337256,
        "eps": -0.26,
        "epsdiluted": -0.26,
        "weightedAverageShsOut": 904644040,
        "weightedAverageShsOutDil": 904644040,
        "link": "https://www.sec.gov/Archives/edgar/data/1791706/000110465921110717/0001104659-21-110717-index.htm",
        "finalLink": "https://www.sec.gov/Archives/edgar/data/1791706/000110465921110717/tm2126523d2_ex99-1.htm"
    },
    {
        "date": "2021-03-31",
        "symbol": "LI",
        "reportedCurrency": "CNY",
        "cik": "0001791706",
        "fillingDate": "2021-05-26",
        "acceptedDate": "2021-05-26 07:58:21",
        "calendarYear": "2021",
        "period": "Q1",
        "revenue": 3575201000,
        "costOfRevenue": 2958468000,
        "grossProfit": 616733000,
        "grossProfitRatio": 0.1725030285,
        "researchAndDevelopmentExpenses": 514500000,
        "generalAndAdministrativeExpenses": 348763000,
        "sellingAndMarketingExpenses": 161161000,
        "sellingGeneralAndAdministrativeExpenses": 509924000,
        "otherExpenses": 0,
        "operatingExpenses": 1024424000,
        "costAndExpenses": 3982892000,
        "interestIncome": 178472000,
        "interestExpense": 14582000,
        "depreciationAndAmortization": 97276000,
        "ebitda": -222154000,
        "ebitdaratio": -0.0621374854,
        "operatingIncome": -407691000,
        "operatingIncomeRatio": -0.1140330292,
        "totalOtherIncomeExpensesNet": 73679000,
        "incomeBeforeTax": -334012000,
        "incomeBeforeTaxRatio": -0.0934246774,
        "incomeTaxExpense": 25955000,
        "netIncome": -359967000,
        "netIncomeRatio": -0.1006844091,
        "eps": -0.4,
        "epsdiluted": -0.4,
        "weightedAverageShsOut": 904960661,
        "weightedAverageShsOutDil": 904960661,
        "link": "https://www.sec.gov/Archives/edgar/data/1791706/000110465921072101/0001104659-21-072101-index.htm",
        "finalLink": "https://www.sec.gov/Archives/edgar/data/1791706/000110465921072101/tm2117612d1_ex99-1.htm"
    },
    {
        "date": "2020-12-31",
        "symbol": "LI",
        "reportedCurrency": "CNY",
        "cik": "0001791706",
        "fillingDate": "2021-03-10",
        "acceptedDate": "2021-03-10 07:55:48",
        "calendarYear": "2020",
        "period": "Q4",
        "revenue": 4146897000,
        "costOfRevenue": 3422300000,
        "grossProfit": 724597000,
        "grossProfitRatio": 0.174732336,
        "researchAndDevelopmentExpenses": 374200000,
        "generalAndAdministrativeExpenses": 230049000,
        "sellingAndMarketingExpenses": 199286000,
        "sellingGeneralAndAdministrativeExpenses": 429335000,
        "otherExpenses": 0,
        "operatingExpenses": 803535000,
        "costAndExpenses": 4225835000,
        "interestIncome": 169284000,
        "interestExpense": 13123000,
        "depreciationAndAmortization": 103573000,
        "ebitda": 24635000,
        "ebitdaratio": 0.0059405864,
        "operatingIncome": -78938000,
        "operatingIncomeRatio": -0.0190354378,
        "totalOtherIncomeExpensesNet": 163638000,
        "incomeBeforeTax": 84700000,
        "incomeBeforeTaxRatio": 0.0204249105,
        "incomeTaxExpense": -22847000,
        "netIncome": 107547000,
        "netIncomeRatio": 0.0259343311,
        "eps": 0.12,
        "epsdiluted": 0.12,
        "weightedAverageShsOut": 863519155,
        "weightedAverageShsOutDil": 863519155,
        "link": "https://www.sec.gov/Archives/edgar/data/1791706/000110465921034154/0001104659-21-034154-index.htm",
        "finalLink": "https://www.sec.gov/Archives/edgar/data/1791706/000110465921034154/a21-5895_120f.htm"
    },
    {
        "date": "2020-09-30",
        "symbol": "LI",
        "reportedCurrency": "CNY",
        "cik": "0001791706",
        "fillingDate": "2020-09-30",
        "acceptedDate": "2020-09-29 20:00:00",
        "calendarYear": "2020",
        "period": "Q3",
        "revenue": 2510799000,
        "costOfRevenue": 2014048000,
        "grossProfit": 496751000,
        "grossProfitRatio": 0.1978457853,
        "researchAndDevelopmentExpenses": 334527000,
        "generalAndAdministrativeExpenses": 0,
        "sellingAndMarketingExpenses": 0,
        "sellingGeneralAndAdministrativeExpenses": 342180000,
        "otherExpenses": 0,
        "operatingExpenses": 676707000,
        "costAndExpenses": 2690755000,
        "interestIncome": 70269000,
        "interestExpense": 12862000,
        "depreciationAndAmortization": 82159000,
        "ebitda": -106075000,
        "ebitdaratio": -0.0422475077,
        "operatingIncome": -179956000,
        "operatingIncomeRatio": -0.0716728022,
        "totalOtherIncomeExpensesNet": 73027000,
        "incomeBeforeTax": -106929000,
        "incomeBeforeTaxRatio": -0.0425876384,
        "incomeTaxExpense": 0,
        "netIncome": -106929000,
        "netIncomeRatio": -0.0425876384,
        "eps": -0.17,
        "epsdiluted": -0.17,
        "weightedAverageShsOut": 614802582,
        "weightedAverageShsOutDil": 614802582,
        "link": "https://www1.hkexnews.hk/search/titlesearch.xhtml",
        "finalLink": "https://www1.hkexnews.hk/search/titlesearch.xhtml"
    },
    {
        "date": "2020-06-30",
        "symbol": "LI",
        "reportedCurrency": "CNY",
        "cik": "0001791706",
        "fillingDate": "2020-06-30",
        "acceptedDate": "2020-06-29 20:00:00",
        "calendarYear": "2020",
        "period": "Q2",
        "revenue": 1947238000,
        "costOfRevenue": 1687535000,
        "grossProfit": 259703000,
        "grossProfitRatio": 0.1333699322,
        "researchAndDevelopmentExpenses": 201440000,
        "generalAndAdministrativeExpenses": 172734000,
        "sellingAndMarketingExpenses": 61809000,
        "sellingGeneralAndAdministrativeExpenses": 234543000,
        "otherExpenses": 0,
        "operatingExpenses": 435983000,
        "costAndExpenses": 2123518000,
        "interestIncome": 31538000,
        "interestExpense": 21296000,
        "depreciationAndAmortization": 79910000,
        "ebitda": -65989000,
        "ebitdaratio": -0.0338885129,
        "operatingIncome": -176280000,
        "operatingIncomeRatio": -0.0905282251,
        "totalOtherIncomeExpensesNet": 101118000,
        "incomeBeforeTax": -75162000,
        "incomeBeforeTaxRatio": -0.0385992878,
        "incomeTaxExpense": 0,
        "netIncome": -75162000,
        "netIncomeRatio": -0.0385992878,
        "eps": -0.0888,
        "epsdiluted": -0.0888,
        "weightedAverageShsOut": 845522898,
        "weightedAverageShsOutDil": 845522898,
        "link": "https://www1.hkexnews.hk/search/titlesearch.xhtml",
        "finalLink": "https://www1.hkexnews.hk/search/titlesearch.xhtml"
    },
    {
        "date": "2020-03-31",
        "symbol": "LI",
        "reportedCurrency": "CNY",
        "cik": "0001791706",
        "fillingDate": "2020-03-31",
        "acceptedDate": "2020-03-30 20:00:00",
        "calendarYear": "2020",
        "period": "Q1",
        "revenue": 851675000,
        "costOfRevenue": 783387000,
        "grossProfit": 68288000,
        "grossProfitRatio": 0.0801808201,
        "researchAndDevelopmentExpenses": 189690000,
        "generalAndAdministrativeExpenses": 112661000,
        "sellingAndMarketingExpenses": 3719000,
        "sellingGeneralAndAdministrativeExpenses": 116380000,
        "otherExpenses": 0,
        "operatingExpenses": 302451000,
        "costAndExpenses": 1085838000,
        "interestIncome": 7595000,
        "interestExpense": 19635000,
        "depreciationAndAmortization": 55354000,
        "ebitda": -71851000,
        "ebitdaratio": -0.0843643409,
        "operatingIncome": -234163000,
        "operatingIncomeRatio": -0.2749440808,
        "totalOtherIncomeExpensesNet": 142677000,
        "incomeBeforeTax": -91486000,
        "incomeBeforeTaxRatio": -0.1074189098,
        "incomeTaxExpense": 0,
        "netIncome": -77113000,
        "netIncomeRatio": -0.090542754,
        "eps": -0.0852,
        "epsdiluted": -0.0852,
        "weightedAverageShsOut": 904997062,
        "weightedAverageShsOutDil": 904997062,
        "link": "https://www1.hkexnews.hk/search/titlesearch.xhtml",
        "finalLink": "https://www1.hkexnews.hk/search/titlesearch.xhtml"
    },
    {
        "date": "2019-12-31",
        "symbol": "LI",
        "reportedCurrency": "CNY",
        "cik": "0001791706",
        "fillingDate": "2019-12-31",
        "acceptedDate": "2019-12-30 19:00:00",
        "calendarYear": "2019",
        "period": "Q4",
        "revenue": 284367000,
        "costOfRevenue": 284462000,
        "grossProfit": -95000,
        "grossProfitRatio": -0.0003340753,
        "researchAndDevelopmentExpenses": 350512000,
        "generalAndAdministrativeExpenses": 159377000,
        "sellingAndMarketingExpenses": 70805000,
        "sellingGeneralAndAdministrativeExpenses": 230182000,
        "otherExpenses": 172537000,
        "operatingExpenses": 753231000,
        "costAndExpenses": 1037693000,
        "interestIncome": 30837000,
        "interestExpense": 0,
        "depreciationAndAmortization": 42537000,
        "ebitda": -534633000,
        "ebitdaratio": -1.8800810221,
        "operatingIncome": -595236000,
        "operatingIncomeRatio": -2.0931964679,
        "totalOtherIncomeExpensesNet": -127253000,
        "incomeBeforeTax": -722489000,
        "incomeBeforeTaxRatio": -2.5406921338,
        "incomeTaxExpense": 0,
        "netIncome": -1068148000,
        "netIncomeRatio": -3.7562305049,
        "eps": -1.18,
        "epsdiluted": -1.18,
        "weightedAverageShsOut": 904922369,
        "weightedAverageShsOutDil": 904997062,
        "link": "https://www1.hkexnews.hk/search/titlesearch.xhtml",
        "finalLink": "https://www1.hkexnews.hk/search/titlesearch.xhtml"
    },
    {
        "date": "2019-09-30",
        "symbol": "LI",
        "reportedCurrency": "CNY",
        "cik": "0001791706",
        "fillingDate": "2019-09-30",
        "acceptedDate": "2019-09-29 20:00:00",
        "calendarYear": "2019",
        "period": "Q3",
        "revenue": 0,
        "costOfRevenue": 0,
        "grossProfit": 0,
        "grossProfitRatio": 0,
        "researchAndDevelopmentExpenses": 331320000,
        "generalAndAdministrativeExpenses": 119776000,
        "sellingAndMarketingExpenses": 77708000,
        "sellingGeneralAndAdministrativeExpenses": 197484000,
        "otherExpenses": 144542000,
        "operatingExpenses": 673346000,
        "costAndExpenses": 673346000,
        "interestIncome": 6144000,
        "interestExpense": 0,
        "depreciationAndAmortization": 25049000,
        "ebitda": -500205000,
        "ebitdaratio": 0,
        "operatingIncome": -525254000,
        "operatingIncomeRatio": 0,
        "totalOtherIncomeExpensesNet": -154236000,
        "incomeBeforeTax": -679490000,
        "incomeBeforeTaxRatio": 0,
        "incomeTaxExpense": 0,
        "netIncome": -928026000,
        "netIncomeRatio": 0,
        "eps": -1.02,
        "epsdiluted": -1.02,
        "weightedAverageShsOut": 904922369,
        "weightedAverageShsOutDil": 904997062,
        "link": "https://www1.hkexnews.hk/search/titlesearch.xhtml",
        "finalLink": "https://www1.hkexnews.hk/search/titlesearch.xhtml"
    },
    {
        "date": "2019-03-31",
        "symbol": "LI",
        "reportedCurrency": "CNY",
        "cik": "0001791706",
        "fillingDate": "2019-03-31",
        "acceptedDate": "2019-03-31 00:00:00",
        "calendarYear": "2019",
        "period": "Q1",
        "revenue": 0,
        "costOfRevenue": 0,
        "grossProfit": 0,
        "grossProfitRatio": 0,
        "researchAndDevelopmentExpenses": 208587000,
        "generalAndAdministrativeExpenses": 91858000,
        "sellingAndMarketingExpenses": 4465000,
        "sellingGeneralAndAdministrativeExpenses": 96323000,
        "otherExpenses": 17053000,
        "operatingExpenses": 321963000,
        "costAndExpenses": 321963000,
        "interestIncome": 3703000,
        "interestExpense": 19937000,
        "depreciationAndAmortization": 23557000,
        "ebitda": -309358000,
        "ebitdaratio": 0,
        "operatingIncome": -321963000,
        "operatingIncomeRatio": 0,
        "totalOtherIncomeExpensesNet": -30889000,
        "incomeBeforeTax": -352852000,
        "incomeBeforeTaxRatio": 0,
        "incomeTaxExpense": 0,
        "netIncome": -358361000,
        "netIncomeRatio": 0,
        "eps": -0.4,
        "epsdiluted": -0.4,
        "weightedAverageShsOut": 904922369,
        "weightedAverageShsOutDil": 904997062,
        "link": "https://www1.hkexnews.hk/search/titlesearch.xhtml",
        "finalLink": "https://www1.hkexnews.hk/search/titlesearch.xhtml"
    },
    {
        "date": "2018-12-31",
        "symbol": "LI",
        "reportedCurrency": "CNY",
        "cik": "0001791706",
        "fillingDate": "2018-12-31",
        "acceptedDate": "2018-12-30 19:00:00",
        "calendarYear": "2018",
        "period": "Q4",
        "revenue": 0,
        "costOfRevenue": 0,
        "grossProfit": 0,
        "grossProfitRatio": 0,
        "researchAndDevelopmentExpenses": 215451000,
        "generalAndAdministrativeExpenses": 108872000,
        "sellingAndMarketingExpenses": 25518000,
        "sellingGeneralAndAdministrativeExpenses": 134390000,
        "otherExpenses": 37449000,
        "operatingExpenses": 387290000,
        "costAndExpenses": 387290000,
        "interestIncome": 35866000,
        "interestExpense": 0,
        "depreciationAndAmortization": 18139000,
        "ebitda": -328152000,
        "ebitdaratio": 0,
        "operatingIncome": -346291000,
        "operatingIncomeRatio": 0,
        "totalOtherIncomeExpensesNet": -76865000,
        "incomeBeforeTax": -423156000,
        "incomeBeforeTaxRatio": 0,
        "incomeTaxExpense": 0,
        "netIncome": -509246000,
        "netIncomeRatio": 0,
        "eps": -0.56,
        "epsdiluted": -7.98,
        "weightedAverageShsOut": 904997062,
        "weightedAverageShsOutDil": 63750000,
        "link": "https://www1.hkexnews.hk/search/titlesearch.xhtml",
        "finalLink": "https://www1.hkexnews.hk/search/titlesearch.xhtml"
    }
]