[
    {
        "date": "2017-01-01",
        "symbol": "LLTC",
        "reportedCurrency": "USD",
        "cik": "0000791907",
        "fillingDate": "2017-01-31",
        "acceptedDate": "2017-01-31 12:26:13",
        "calendarYear": "2016",
        "period": "Q4",
        "revenue": 375817000,
        "costOfRevenue": 90990000,
        "grossProfit": 284827000,
        "grossProfitRatio": 0.7578874825,
        "researchAndDevelopmentExpenses": 77030000,
        "generalAndAdministrativeExpenses": 47552000,
        "sellingAndMarketingExpenses": 0,
        "sellingGeneralAndAdministrativeExpenses": 47552000,
        "otherExpenses": 0,
        "operatingExpenses": 124582000,
        "costAndExpenses": 215572000,
        "interestIncome": 0,
        "interestExpense": 0,
        "depreciationAndAmortization": 13076000,
        "ebitda": 175682000,
        "ebitdaratio": 0.4674668788,
        "operatingIncome": 160245000,
        "operatingIncomeRatio": 0.4263910361,
        "totalOtherIncomeExpensesNet": 2361000,
        "incomeBeforeTax": 162606000,
        "incomeBeforeTaxRatio": 0.432673349,
        "incomeTaxExpense": 38620000,
        "netIncome": 123986000,
        "netIncomeRatio": 0.3299105682,
        "eps": 0.5,
        "epsdiluted": 0.5,
        "weightedAverageShsOut": 245561000,
        "weightedAverageShsOutDil": 246026000,
        "link": "https://www.sec.gov/Archives/edgar/data/791907/000079190717000019/0000791907-17-000019-index.htm",
        "finalLink": "https://www.sec.gov/Archives/edgar/data/791907/000079190717000019/lltc-20170101x10q.htm"
    },
    {
        "date": "2016-10-02",
        "symbol": "LLTC",
        "reportedCurrency": "USD",
        "cik": "0000791907",
        "fillingDate": "2016-11-09",
        "acceptedDate": "2016-11-09 15:03:51",
        "calendarYear": "2016",
        "period": "Q3",
        "revenue": 373895000,
        "costOfRevenue": 91826000,
        "grossProfit": 282069000,
        "grossProfitRatio": 0.7544069859,
        "researchAndDevelopmentExpenses": 76359000,
        "generalAndAdministrativeExpenses": 56409000,
        "sellingAndMarketingExpenses": 0,
        "sellingGeneralAndAdministrativeExpenses": 56409000,
        "otherExpenses": 0,
        "operatingExpenses": 132768000,
        "costAndExpenses": 224594000,
        "interestIncome": 0,
        "interestExpense": 0,
        "depreciationAndAmortization": 13176000,
        "ebitda": 164650000,
        "ebitdaratio": 0.4403642734,
        "operatingIncome": 149301000,
        "operatingIncomeRatio": 0.3993126412,
        "totalOtherIncomeExpensesNet": 2173000,
        "incomeBeforeTax": 151474000,
        "incomeBeforeTaxRatio": 0.4051244333,
        "incomeTaxExpense": 36352000,
        "netIncome": 115122000,
        "netIncomeRatio": 0.3078992765,
        "eps": 0.47,
        "epsdiluted": 0.47,
        "weightedAverageShsOut": 245271000,
        "weightedAverageShsOutDil": 245709000,
        "link": "https://www.sec.gov/Archives/edgar/data/791907/000079190716000232/0000791907-16-000232-index.htm",
        "finalLink": "https://www.sec.gov/Archives/edgar/data/791907/000079190716000232/lltc-20161002x10q.htm"
    },
    {
        "date": "2016-07-03",
        "symbol": "LLTC",
        "reportedCurrency": "USD",
        "cik": "0000791907",
        "fillingDate": "2016-08-25",
        "acceptedDate": "2016-08-25 13:00:49",
        "calendarYear": "2016",
        "period": "Q2",
        "revenue": 373766000,
        "costOfRevenue": 88252000,
        "grossProfit": 285514000,
        "grossProfitRatio": 0.7638843555,
        "researchAndDevelopmentExpenses": 70331000,
        "generalAndAdministrativeExpenses": 43482000,
        "sellingAndMarketingExpenses": 0,
        "sellingGeneralAndAdministrativeExpenses": 43482000,
        "otherExpenses": 0,
        "operatingExpenses": 113813000,
        "costAndExpenses": 202065000,
        "interestIncome": 0,
        "interestExpense": 0,
        "depreciationAndAmortization": 12770000,
        "ebitda": 186266000,
        "ebitdaratio": 0.4983492345,
        "operatingIncome": 171701000,
        "operatingIncomeRatio": 0.4593810031,
        "totalOtherIncomeExpensesNet": 1795000,
        "incomeBeforeTax": 173496000,
        "incomeBeforeTaxRatio": 0.4641834731,
        "incomeTaxExpense": 41121000,
        "netIncome": 132375000,
        "netIncomeRatio": 0.3541654404,
        "eps": 0.54,
        "epsdiluted": 0.54,
        "weightedAverageShsOut": 244662000,
        "weightedAverageShsOutDil": 245048000,
        "link": "https://www.sec.gov/Archives/edgar/data/791907/000079190716000207/0000791907-16-000207-index.htm",
        "finalLink": "https://www.sec.gov/Archives/edgar/data/791907/000079190716000207/lltc-20160703x10k.htm"
    },
    {
        "date": "2016-04-03",
        "symbol": "LLTC",
        "reportedCurrency": "USD",
        "cik": "0000791907",
        "fillingDate": "2016-05-05",
        "acceptedDate": "2016-05-05 13:04:30",
        "calendarYear": "2016",
        "period": "Q1",
        "revenue": 361125000,
        "costOfRevenue": 85960000,
        "grossProfit": 275165000,
        "grossProfitRatio": 0.7619660782,
        "researchAndDevelopmentExpenses": 69645000,
        "generalAndAdministrativeExpenses": 43042000,
        "sellingAndMarketingExpenses": 0,
        "sellingGeneralAndAdministrativeExpenses": 43042000,
        "otherExpenses": 0,
        "operatingExpenses": 112687000,
        "costAndExpenses": 198647000,
        "interestIncome": 0,
        "interestExpense": 0,
        "depreciationAndAmortization": 12612000,
        "ebitda": 176683000,
        "ebitdaratio": 0.4892571824,
        "operatingIncome": 162478000,
        "operatingIncomeRatio": 0.4499217722,
        "totalOtherIncomeExpensesNet": 1593000,
        "incomeBeforeTax": 164071000,
        "incomeBeforeTaxRatio": 0.4543329872,
        "incomeTaxExpense": 35679000,
        "netIncome": 128392000,
        "netIncomeRatio": 0.3555334026,
        "eps": 0.52,
        "epsdiluted": 0.52,
        "weightedAverageShsOut": 244629000,
        "weightedAverageShsOutDil": 244963000,
        "link": "https://www.sec.gov/Archives/edgar/data/791907/000079190716000173/0000791907-16-000173-index.htm",
        "finalLink": "https://www.sec.gov/Archives/edgar/data/791907/000079190716000173/lltc-20160403x10q.htm"
    },
    {
        "date": "2016-01-03",
        "symbol": "LLTC",
        "reportedCurrency": "USD",
        "cik": "0000791907",
        "fillingDate": "2016-02-11",
        "acceptedDate": "2016-02-11 12:27:26",
        "calendarYear": "2015",
        "period": "Q4",
        "revenue": 347128000,
        "costOfRevenue": 84384000,
        "grossProfit": 262744000,
        "grossProfitRatio": 0.7569081146,
        "researchAndDevelopmentExpenses": 69884000,
        "generalAndAdministrativeExpenses": 43403000,
        "sellingAndMarketingExpenses": 0,
        "sellingGeneralAndAdministrativeExpenses": 43403000,
        "otherExpenses": 0,
        "operatingExpenses": 113287000,
        "costAndExpenses": 197671000,
        "interestIncome": 0,
        "interestExpense": 0,
        "depreciationAndAmortization": 12779000,
        "ebitda": 163757000,
        "ebitdaratio": 0.4717481736,
        "operatingIncome": 149457000,
        "operatingIncomeRatio": 0.4305529949,
        "totalOtherIncomeExpensesNet": 1521000,
        "incomeBeforeTax": 150978000,
        "incomeBeforeTaxRatio": 0.4349346639,
        "incomeTaxExpense": 29446000,
        "netIncome": 121532000,
        "netIncomeRatio": 0.3501071651,
        "eps": 0.5,
        "epsdiluted": 0.5,
        "weightedAverageShsOut": 244831000,
        "weightedAverageShsOutDil": 245178000,
        "link": "https://www.sec.gov/Archives/edgar/data/791907/000079190716000150/0000791907-16-000150-index.htm",
        "finalLink": "https://www.sec.gov/Archives/edgar/data/791907/000079190716000150/lltc-20160103x10q.htm"
    },
    {
        "date": "2015-09-27",
        "symbol": "LLTC",
        "reportedCurrency": "USD",
        "cik": "0000791907",
        "fillingDate": "2015-11-05",
        "acceptedDate": "2015-11-05 13:31:17",
        "calendarYear": "2015",
        "period": "Q3",
        "revenue": 341917000,
        "costOfRevenue": 85205000,
        "grossProfit": 256712000,
        "grossProfitRatio": 0.7508020952,
        "researchAndDevelopmentExpenses": 66602000,
        "generalAndAdministrativeExpenses": 40193000,
        "sellingAndMarketingExpenses": 0,
        "sellingGeneralAndAdministrativeExpenses": 40193000,
        "otherExpenses": 0,
        "operatingExpenses": 106795000,
        "costAndExpenses": 192000000,
        "interestIncome": 0,
        "interestExpense": 0,
        "depreciationAndAmortization": 13248000,
        "ebitda": 164152000,
        "ebitdaratio": 0.480093122,
        "operatingIncome": 149917000,
        "operatingIncomeRatio": 0.4384602111,
        "totalOtherIncomeExpensesNet": 987000,
        "incomeBeforeTax": 150904000,
        "incomeBeforeTaxRatio": 0.4413468766,
        "incomeTaxExpense": 38857000,
        "netIncome": 112047000,
        "netIncomeRatio": 0.3277023371,
        "eps": 0.46,
        "epsdiluted": 0.46,
        "weightedAverageShsOut": 244863000,
        "weightedAverageShsOutDil": 245234000,
        "link": "https://www.sec.gov/Archives/edgar/data/791907/000079190715000126/0000791907-15-000126-index.htm",
        "finalLink": "https://www.sec.gov/Archives/edgar/data/791907/000079190715000126/c907-20150927x10q.htm"
    },
    {
        "date": "2015-06-28",
        "symbol": "LLTC",
        "reportedCurrency": "USD",
        "cik": "0000791907",
        "fillingDate": "2015-08-19",
        "acceptedDate": "2015-08-19 14:54:51",
        "calendarYear": "2015",
        "period": "Q2",
        "revenue": 379483000,
        "costOfRevenue": 90847000,
        "grossProfit": 288636000,
        "grossProfitRatio": 0.7606032418,
        "researchAndDevelopmentExpenses": 68960000,
        "generalAndAdministrativeExpenses": 43105000,
        "sellingAndMarketingExpenses": 0,
        "sellingGeneralAndAdministrativeExpenses": 43105000,
        "otherExpenses": 0,
        "operatingExpenses": 112065000,
        "costAndExpenses": 202912000,
        "interestIncome": 0,
        "interestExpense": 0,
        "depreciationAndAmortization": 13737000,
        "ebitda": 191283000,
        "ebitdaratio": 0.5040621055,
        "operatingIncome": 176571000,
        "operatingIncomeRatio": 0.4652935705,
        "totalOtherIncomeExpensesNet": 975000,
        "incomeBeforeTax": 177546000,
        "incomeBeforeTaxRatio": 0.4678628555,
        "incomeTaxExpense": 44831000,
        "netIncome": 132715000,
        "netIncomeRatio": 0.3497258112,
        "eps": 0.54,
        "epsdiluted": 0.54,
        "weightedAverageShsOut": 244408000,
        "weightedAverageShsOutDil": 245218000,
        "link": "https://www.sec.gov/Archives/edgar/data/791907/000079190715000099/0000791907-15-000099-index.htm",
        "finalLink": "https://www.sec.gov/Archives/edgar/data/791907/000079190715000099/c907-20150628x10k.htm"
    },
    {
        "date": "2015-03-29",
        "symbol": "LLTC",
        "reportedCurrency": "USD",
        "cik": "0000791907",
        "fillingDate": "2015-05-06",
        "acceptedDate": "2015-05-05 17:34:48",
        "calendarYear": "2015",
        "period": "Q1",
        "revenue": 372021000,
        "costOfRevenue": 89147000,
        "grossProfit": 282874000,
        "grossProfitRatio": 0.7603710543,
        "researchAndDevelopmentExpenses": 67100000,
        "generalAndAdministrativeExpenses": 42221000,
        "sellingAndMarketingExpenses": 0,
        "sellingGeneralAndAdministrativeExpenses": 42221000,
        "otherExpenses": 0,
        "operatingExpenses": 109321000,
        "costAndExpenses": 198468000,
        "interestIncome": 0,
        "interestExpense": 0,
        "depreciationAndAmortization": 13592000,
        "ebitda": 188026000,
        "ebitdaratio": 0.5054177049,
        "operatingIncome": 173553000,
        "operatingIncomeRatio": 0.4665139871,
        "totalOtherIncomeExpensesNet": 881000,
        "incomeBeforeTax": 174434000,
        "incomeBeforeTaxRatio": 0.468882133,
        "incomeTaxExpense": 39247000,
        "netIncome": 135187000,
        "netIncomeRatio": 0.3633854003,
        "eps": 0.55,
        "epsdiluted": 0.55,
        "weightedAverageShsOut": 244181000,
        "weightedAverageShsOutDil": 245117000,
        "link": "https://www.sec.gov/Archives/edgar/data/791907/000079190715000061/0000791907-15-000061-index.htm",
        "finalLink": "https://www.sec.gov/Archives/edgar/data/791907/000079190715000061/lltc-20150329x10q.htm"
    },
    {
        "date": "2014-12-28",
        "symbol": "LLTC",
        "reportedCurrency": "USD",
        "cik": "0000791907",
        "fillingDate": "2015-02-06",
        "acceptedDate": "2015-02-05 18:27:55",
        "calendarYear": "2014",
        "period": "Q4",
        "revenue": 352575000,
        "costOfRevenue": 86726000,
        "grossProfit": 265849000,
        "grossProfitRatio": 0.7540211303,
        "researchAndDevelopmentExpenses": 65101000,
        "generalAndAdministrativeExpenses": 42537000,
        "sellingAndMarketingExpenses": 0,
        "sellingGeneralAndAdministrativeExpenses": 42537000,
        "otherExpenses": 0,
        "operatingExpenses": 107638000,
        "costAndExpenses": 194364000,
        "interestIncome": 0,
        "interestExpense": 0,
        "depreciationAndAmortization": 13555000,
        "ebitda": 172019000,
        "ebitdaratio": 0.487893356,
        "operatingIncome": 158211000,
        "operatingIncomeRatio": 0.4487300574,
        "totalOtherIncomeExpensesNet": 253000,
        "incomeBeforeTax": 158464000,
        "incomeBeforeTaxRatio": 0.4494476353,
        "incomeTaxExpense": 34862000,
        "netIncome": 123602000,
        "netIncomeRatio": 0.3505693824,
        "eps": 0.51,
        "epsdiluted": 0.51,
        "weightedAverageShsOut": 244067000,
        "weightedAverageShsOutDil": 244674000,
        "link": "https://www.sec.gov/Archives/edgar/data/791907/000079190715000021/0000791907-15-000021-index.htm",
        "finalLink": "https://www.sec.gov/Archives/edgar/data/791907/000079190715000021/lltc-20141228x10q.htm"
    },
    {
        "date": "2014-09-28",
        "symbol": "LLTC",
        "reportedCurrency": "USD",
        "cik": "0000791907",
        "fillingDate": "2014-11-06",
        "acceptedDate": "2014-11-05 18:40:00",
        "calendarYear": "2014",
        "period": "Q3",
        "revenue": 371060000,
        "costOfRevenue": 89007000,
        "grossProfit": 282053000,
        "grossProfitRatio": 0.7601277421,
        "researchAndDevelopmentExpenses": 65600000,
        "generalAndAdministrativeExpenses": 42089000,
        "sellingAndMarketingExpenses": 0,
        "sellingGeneralAndAdministrativeExpenses": 42089000,
        "otherExpenses": 0,
        "operatingExpenses": 107689000,
        "costAndExpenses": 196696000,
        "interestIncome": 0,
        "interestExpense": 0,
        "depreciationAndAmortization": 13214000,
        "ebitda": 188159000,
        "ebitdaratio": 0.5070851075,
        "operatingIncome": 174364000,
        "operatingIncomeRatio": 0.4699078316,
        "totalOtherIncomeExpensesNet": 581000,
        "incomeBeforeTax": 174945000,
        "incomeBeforeTaxRatio": 0.4714736161,
        "incomeTaxExpense": 45486000,
        "netIncome": 129459000,
        "netIncomeRatio": 0.3488896674,
        "eps": 0.53,
        "epsdiluted": 0.53,
        "weightedAverageShsOut": 244145000,
        "weightedAverageShsOutDil": 244801000,
        "link": "https://www.sec.gov/Archives/edgar/data/791907/000079190714000138/0000791907-14-000138-index.htm",
        "finalLink": "https://www.sec.gov/Archives/edgar/data/791907/000079190714000138/lltc-20140928x10q.htm"
    },
    {
        "date": "2014-06-29",
        "symbol": "LLTC",
        "reportedCurrency": "USD",
        "cik": "0000791907",
        "fillingDate": "2014-08-20",
        "acceptedDate": "2014-08-19 18:40:58",
        "calendarYear": "2014",
        "period": "Q2",
        "revenue": 365428000,
        "costOfRevenue": 87579000,
        "grossProfit": 277849000,
        "grossProfitRatio": 0.7603385619,
        "researchAndDevelopmentExpenses": 64785000,
        "generalAndAdministrativeExpenses": 41419000,
        "sellingAndMarketingExpenses": 0,
        "sellingGeneralAndAdministrativeExpenses": 41419000,
        "otherExpenses": 0,
        "operatingExpenses": 106204000,
        "costAndExpenses": 193783000,
        "interestIncome": 0,
        "interestExpense": 4156000,
        "depreciationAndAmortization": 14736000,
        "ebitda": 186833000,
        "ebitdaratio": 0.5112717143,
        "operatingIncome": 171645000,
        "operatingIncomeRatio": 0.4697094913,
        "totalOtherIncomeExpensesNet": -3704000,
        "incomeBeforeTax": 167941000,
        "incomeBeforeTaxRatio": 0.4595734317,
        "incomeTaxExpense": 38206000,
        "netIncome": 129735000,
        "netIncomeRatio": 0.3550220563,
        "eps": 0.54,
        "epsdiluted": 0.53,
        "weightedAverageShsOut": 240498000,
        "weightedAverageShsOutDil": 242551000,
        "link": "https://www.sec.gov/Archives/edgar/data/791907/000079190714000099/0000791907-14-000099-index.htm",
        "finalLink": "https://www.sec.gov/Archives/edgar/data/791907/000079190714000099/lltc-20140629x10k.htm"
    },
    {
        "date": "2014-03-30",
        "symbol": "LLTC",
        "reportedCurrency": "USD",
        "cik": "0000791907",
        "fillingDate": "2014-05-09",
        "acceptedDate": "2014-05-08 17:59:58",
        "calendarYear": "2014",
        "period": "Q1",
        "revenue": 348006000,
        "costOfRevenue": 84479000,
        "grossProfit": 263527000,
        "grossProfitRatio": 0.7572484382,
        "researchAndDevelopmentExpenses": 62129000,
        "generalAndAdministrativeExpenses": 40693000,
        "sellingAndMarketingExpenses": 0,
        "sellingGeneralAndAdministrativeExpenses": 40693000,
        "otherExpenses": 0,
        "operatingExpenses": 102822000,
        "costAndExpenses": 187301000,
        "interestIncome": 0,
        "interestExpense": 12416000,
        "depreciationAndAmortization": 18380000,
        "ebitda": 179666000,
        "ebitdaratio": 0.5162727079,
        "operatingIncome": 160705000,
        "operatingIncomeRatio": 0.4617880151,
        "totalOtherIncomeExpensesNet": -11835000,
        "incomeBeforeTax": 148870000,
        "incomeBeforeTaxRatio": 0.4277799808,
        "incomeTaxExpense": 31263000,
        "netIncome": 117607000,
        "netIncomeRatio": 0.3379453228,
        "eps": 0.49,
        "epsdiluted": 0.49,
        "weightedAverageShsOut": 239592000,
        "weightedAverageShsOutDil": 241724000,
        "link": "https://www.sec.gov/Archives/edgar/data/791907/000079190714000068/0000791907-14-000068-index.htm",
        "finalLink": "https://www.sec.gov/Archives/edgar/data/791907/000079190714000068/lltc-q3fy14x10q.htm"
    },
    {
        "date": "2013-12-29",
        "symbol": "LLTC",
        "reportedCurrency": "USD",
        "cik": "0000791907",
        "fillingDate": "2014-02-07",
        "acceptedDate": "2014-02-06 19:33:36",
        "calendarYear": "2013",
        "period": "Q4",
        "revenue": 334595000,
        "costOfRevenue": 82521000,
        "grossProfit": 252074000,
        "grossProfitRatio": 0.7533704927,
        "researchAndDevelopmentExpenses": 62008000,
        "generalAndAdministrativeExpenses": 38852000,
        "sellingAndMarketingExpenses": 0,
        "sellingGeneralAndAdministrativeExpenses": 38852000,
        "otherExpenses": 0,
        "operatingExpenses": 100860000,
        "costAndExpenses": 183381000,
        "interestIncome": 0,
        "interestExpense": 12337000,
        "depreciationAndAmortization": 18316000,
        "ebitda": 170321000,
        "ebitdaratio": 0.5090362976,
        "operatingIncome": 151214000,
        "operatingIncomeRatio": 0.4519314395,
        "totalOtherIncomeExpensesNet": -11546000,
        "incomeBeforeTax": 139668000,
        "incomeBeforeTaxRatio": 0.41742405,
        "incomeTaxExpense": 34917000,
        "netIncome": 104751000,
        "netIncomeRatio": 0.3130680375,
        "eps": 0.44,
        "epsdiluted": 0.44,
        "weightedAverageShsOut": 238857000,
        "weightedAverageShsOutDil": 240000000,
        "link": "https://www.sec.gov/Archives/edgar/data/791907/000079190714000039/0000791907-14-000039-index.htm",
        "finalLink": "https://www.sec.gov/Archives/edgar/data/791907/000079190714000039/lltc-q2fy14x10q.htm"
    },
    {
        "date": "2013-09-29",
        "symbol": "LLTC",
        "reportedCurrency": "USD",
        "cik": "0000791907",
        "fillingDate": "2013-11-07",
        "acceptedDate": "2013-11-07 13:17:02",
        "calendarYear": "2013",
        "period": "Q3",
        "revenue": 340357000,
        "costOfRevenue": 84001000,
        "grossProfit": 256356000,
        "grossProfitRatio": 0.753197378,
        "researchAndDevelopmentExpenses": 61512000,
        "generalAndAdministrativeExpenses": 38678000,
        "sellingAndMarketingExpenses": 0,
        "sellingGeneralAndAdministrativeExpenses": 38678000,
        "otherExpenses": 0,
        "operatingExpenses": 100190000,
        "costAndExpenses": 184191000,
        "interestIncome": 0,
        "interestExpense": 12259000,
        "depreciationAndAmortization": 18281000,
        "ebitda": 175329000,
        "ebitdaratio": 0.5151326401,
        "operatingIncome": 156166000,
        "operatingIncomeRatio": 0.4588299932,
        "totalOtherIncomeExpensesNet": -11377000,
        "incomeBeforeTax": 144789000,
        "incomeBeforeTaxRatio": 0.4254033265,
        "incomeTaxExpense": 36921000,
        "netIncome": 107868000,
        "netIncomeRatio": 0.3169260512,
        "eps": 0.45,
        "epsdiluted": 0.45,
        "weightedAverageShsOut": 238146000,
        "weightedAverageShsOutDil": 239328000,
        "link": "https://www.sec.gov/Archives/edgar/data/791907/000079190713000108/0000791907-13-000108-index.htm",
        "finalLink": "https://www.sec.gov/Archives/edgar/data/791907/000079190713000108/lltc-q1fy14x10q.htm"
    },
    {
        "date": "2013-06-30",
        "symbol": "LLTC",
        "reportedCurrency": "USD",
        "cik": "0000791907",
        "fillingDate": "2013-08-19",
        "acceptedDate": "2013-08-16 20:04:39",
        "calendarYear": "2013",
        "period": "Q2",
        "revenue": 327265000,
        "costOfRevenue": 81314000,
        "grossProfit": 245951000,
        "grossProfitRatio": 0.751534689,
        "researchAndDevelopmentExpenses": 60560000,
        "generalAndAdministrativeExpenses": 38308000,
        "sellingAndMarketingExpenses": 0,
        "sellingGeneralAndAdministrativeExpenses": 38308000,
        "otherExpenses": 0,
        "operatingExpenses": 98868000,
        "costAndExpenses": 180182000,
        "interestIncome": 0,
        "interestExpense": 12182000,
        "depreciationAndAmortization": 18207000,
        "ebitda": 166310000,
        "ebitdaratio": 0.5081814432,
        "operatingIncome": 147083000,
        "operatingIncomeRatio": 0.4494308893,
        "totalOtherIncomeExpensesNet": -11162000,
        "incomeBeforeTax": 135921000,
        "incomeBeforeTaxRatio": 0.4153239729,
        "incomeTaxExpense": 33980000,
        "netIncome": 101941000,
        "netIncomeRatio": 0.3114937436,
        "eps": 0.43,
        "epsdiluted": 0.43,
        "weightedAverageShsOut": 236703000,
        "weightedAverageShsOutDil": 237753000,
        "link": "https://www.sec.gov/Archives/edgar/data/791907/000079190713000079/0000791907-13-000079-index.htm",
        "finalLink": "https://www.sec.gov/Archives/edgar/data/791907/000079190713000079/lltc-fy1310xk.htm"
    },
    {
        "date": "2013-03-31",
        "symbol": "LLTC",
        "reportedCurrency": "USD",
        "cik": "0000791907",
        "fillingDate": "2013-05-09",
        "acceptedDate": "2013-05-08 19:28:58",
        "calendarYear": "2013",
        "period": "Q1",
        "revenue": 314542000,
        "costOfRevenue": 79259000,
        "grossProfit": 235283000,
        "grossProfitRatio": 0.7480177528,
        "researchAndDevelopmentExpenses": 58517000,
        "generalAndAdministrativeExpenses": 38480000,
        "sellingAndMarketingExpenses": 0,
        "sellingGeneralAndAdministrativeExpenses": 38480000,
        "otherExpenses": 0,
        "operatingExpenses": 96997000,
        "costAndExpenses": 176256000,
        "interestIncome": 0,
        "interestExpense": 12106000,
        "depreciationAndAmortization": 19160000,
        "ebitda": 158450000,
        "ebitdaratio": 0.5037483071,
        "operatingIncome": 138286000,
        "operatingIncomeRatio": 0.4396424007,
        "totalOtherIncomeExpensesNet": -11102000,
        "incomeBeforeTax": 127184000,
        "incomeBeforeTaxRatio": 0.4043466373,
        "incomeTaxExpense": 16216000,
        "netIncome": 110968000,
        "netIncomeRatio": 0.3527923139,
        "eps": 0.47,
        "epsdiluted": 0.47,
        "weightedAverageShsOut": 236323000,
        "weightedAverageShsOutDil": 237388000,
        "link": "https://www.sec.gov/Archives/edgar/data/791907/000079190713000045/0000791907-13-000045-index.htm",
        "finalLink": "https://www.sec.gov/Archives/edgar/data/791907/000079190713000045/lltc-q3fy13x10q.htm"
    },
    {
        "date": "2012-12-30",
        "symbol": "LLTC",
        "reportedCurrency": "USD",
        "cik": "0000791907",
        "fillingDate": "2013-02-07",
        "acceptedDate": "2013-02-06 18:16:27",
        "calendarYear": "2012",
        "period": "Q4",
        "revenue": 305281000,
        "costOfRevenue": 78185000,
        "grossProfit": 227096000,
        "grossProfitRatio": 0.7438916932,
        "researchAndDevelopmentExpenses": 57304000,
        "generalAndAdministrativeExpenses": 37090000,
        "sellingAndMarketingExpenses": 0,
        "sellingGeneralAndAdministrativeExpenses": 37090000,
        "otherExpenses": 0,
        "operatingExpenses": 94394000,
        "costAndExpenses": 172579000,
        "interestIncome": 0,
        "interestExpense": 12054000,
        "depreciationAndAmortization": 19536000,
        "ebitda": 153281000,
        "ebitdaratio": 0.502098067,
        "operatingIncome": 132702000,
        "operatingIncomeRatio": 0.4346880415,
        "totalOtherIncomeExpensesNet": -11011000,
        "incomeBeforeTax": 121691000,
        "incomeBeforeTaxRatio": 0.3986196324,
        "incomeTaxExpense": 32857000,
        "netIncome": 88834000,
        "netIncomeRatio": 0.2909909231,
        "eps": 0.38,
        "epsdiluted": 0.38,
        "weightedAverageShsOut": 235613000,
        "weightedAverageShsOutDil": 236636000,
        "link": "https://www.sec.gov/Archives/edgar/data/791907/000079190713000007/0000791907-13-000007-index.htm",
        "finalLink": "https://www.sec.gov/Archives/edgar/data/791907/000079190713000007/lltc-q2fy13x10q.htm"
    },
    {
        "date": "2012-09-30",
        "symbol": "LLTC",
        "reportedCurrency": "USD",
        "cik": "0000791907",
        "fillingDate": "2012-11-08",
        "acceptedDate": "2012-11-07 18:12:31",
        "calendarYear": "2012",
        "period": "Q3",
        "revenue": 335148000,
        "costOfRevenue": 83758000,
        "grossProfit": 251390000,
        "grossProfitRatio": 0.7500865289,
        "researchAndDevelopmentExpenses": 58803000,
        "generalAndAdministrativeExpenses": 37504000,
        "sellingAndMarketingExpenses": 0,
        "sellingGeneralAndAdministrativeExpenses": 37504000,
        "otherExpenses": 0,
        "operatingExpenses": 96307000,
        "costAndExpenses": 180065000,
        "interestIncome": 0,
        "interestExpense": 12001000,
        "depreciationAndAmortization": 19492000,
        "ebitda": 175578000,
        "ebitdaratio": 0.5238819865,
        "operatingIncome": 155083000,
        "operatingIncomeRatio": 0.4627298984,
        "totalOtherIncomeExpensesNet": -10998000,
        "incomeBeforeTax": 144085000,
        "incomeBeforeTaxRatio": 0.4299145452,
        "incomeTaxExpense": 38903000,
        "netIncome": 105182000,
        "netIncomeRatio": 0.3138374688,
        "eps": 0.45,
        "epsdiluted": 0.45,
        "weightedAverageShsOut": 234990000,
        "weightedAverageShsOutDil": 236010000,
        "link": "https://www.sec.gov/Archives/edgar/data/791907/000079190712000023/0000791907-12-000023-index.htm",
        "finalLink": "https://www.sec.gov/Archives/edgar/data/791907/000079190712000023/lltc-q1fy13x10q.htm"
    },
    {
        "date": "2012-07-01",
        "symbol": "LLTC",
        "reportedCurrency": "USD",
        "cik": "0000791907",
        "fillingDate": "2012-08-29",
        "acceptedDate": "2012-08-28 19:00:45",
        "calendarYear": "2012",
        "period": "Q2",
        "revenue": 330011000,
        "costOfRevenue": 81263000,
        "grossProfit": 248748000,
        "grossProfitRatio": 0.753756693,
        "researchAndDevelopmentExpenses": 59479000,
        "generalAndAdministrativeExpenses": 37803000,
        "sellingAndMarketingExpenses": 0,
        "sellingGeneralAndAdministrativeExpenses": 37803000,
        "otherExpenses": 0,
        "operatingExpenses": 97282000,
        "costAndExpenses": 178545000,
        "interestIncome": 0,
        "interestExpense": 11954000,
        "depreciationAndAmortization": 19245000,
        "ebitda": 171778000,
        "ebitdaratio": 0.5205220432,
        "operatingIncome": 151466000,
        "operatingIncomeRatio": 0.4589725797,
        "totalOtherIncomeExpensesNet": -10887000,
        "incomeBeforeTax": 140579000,
        "incomeBeforeTaxRatio": 0.4259827703,
        "incomeTaxExpense": 37253000,
        "netIncome": 103326000,
        "netIncomeRatio": 0.3130986543,
        "eps": 0.44,
        "epsdiluted": 0.44,
        "weightedAverageShsOut": 233013000,
        "weightedAverageShsOutDil": 234298000,
        "link": "https://www.sec.gov/Archives/edgar/data/791907/000079190712000015/0000791907-12-000015-index.htm",
        "finalLink": "https://www.sec.gov/Archives/edgar/data/791907/000079190712000015/lltc-fy1210xk.htm"
    },
    {
        "date": "2012-04-01",
        "symbol": "LLTC",
        "reportedCurrency": "USD",
        "cik": "0000791907",
        "fillingDate": "2012-05-03",
        "acceptedDate": "2012-05-02 20:00:00",
        "calendarYear": "2012",
        "period": "Q1",
        "revenue": 312357000,
        "costOfRevenue": 77662000,
        "grossProfit": 234695000,
        "grossProfitRatio": 0.7513678259,
        "researchAndDevelopmentExpenses": 57580000,
        "generalAndAdministrativeExpenses": 37182000,
        "sellingAndMarketingExpenses": 0,
        "sellingGeneralAndAdministrativeExpenses": 37182000,
        "otherExpenses": 0,
        "operatingExpenses": 94762000,
        "costAndExpenses": 172424000,
        "interestIncome": 0,
        "interestExpense": 11904000,
        "depreciationAndAmortization": 19173000,
        "ebitda": 160258000,
        "ebitdaratio": 0.5130603764,
        "operatingIncome": 139933000,
        "operatingIncomeRatio": 0.4479906005,
        "totalOtherIncomeExpensesNet": -10752000,
        "incomeBeforeTax": 129181000,
        "incomeBeforeTaxRatio": 0.4135684489,
        "incomeTaxExpense": 30682000,
        "netIncome": 98499000,
        "netIncomeRatio": 0.3153411001,
        "eps": 0.42,
        "epsdiluted": 0.42,
        "weightedAverageShsOut": 232568000,
        "weightedAverageShsOutDil": 233887000,
        "link": "https://www.sec.gov/Archives/edgar/data/791907/000079190712000011/0000791907-12-000011-index.htm",
        "finalLink": "https://www.sec.gov/Archives/edgar/data/791907/000079190712000011/lltc-q3fy12x10q.htm"
    },
    {
        "date": "2012-01-01",
        "symbol": "LLTC",
        "reportedCurrency": "USD",
        "cik": "0000791907",
        "fillingDate": "2012-02-02",
        "acceptedDate": "2012-02-02 13:07:58",
        "calendarYear": "2011",
        "period": "Q4",
        "revenue": 624253000,
        "costOfRevenue": 153614000,
        "grossProfit": 470639000,
        "grossProfitRatio": 0.7539234894,
        "researchAndDevelopmentExpenses": 107408000,
        "generalAndAdministrativeExpenses": 72594000,
        "sellingAndMarketingExpenses": 0,
        "sellingGeneralAndAdministrativeExpenses": 72594000,
        "otherExpenses": 0,
        "operatingExpenses": 180002000,
        "costAndExpenses": 333616000,
        "interestIncome": 0,
        "interestExpense": 23659000,
        "depreciationAndAmortization": 37384000,
        "ebitda": 327193000,
        "ebitdaratio": 0.5241352464,
        "operatingIncome": 290637000,
        "operatingIncomeRatio": 0.465575656,
        "totalOtherIncomeExpensesNet": -24487000,
        "incomeBeforeTax": 266150000,
        "incomeBeforeTaxRatio": 0.426349573,
        "incomeTaxExpense": 69864000,
        "netIncome": 196286000,
        "netIncomeRatio": 0.3144334108,
        "eps": 0.85,
        "epsdiluted": 0.84,
        "weightedAverageShsOut": 232051000,
        "weightedAverageShsOutDil": 233347000,
        "link": "https://www.sec.gov/Archives/edgar/data/791907/000079190712000007/0000791907-12-000007-index.htm",
        "finalLink": "https://www.sec.gov/Archives/edgar/data/791907/000079190712000007/lltc-q2fy12x10q.htm"
    },
    {
        "date": "2011-10-07",
        "symbol": "LLTC",
        "reportedCurrency": "USD",
        "cik": "0000791907",
        "fillingDate": "2011-11-03",
        "acceptedDate": "2011-11-02 17:57:29",
        "calendarYear": "2011",
        "period": "Q3",
        "revenue": 329920000,
        "costOfRevenue": 81697000,
        "grossProfit": 248223000,
        "grossProfitRatio": 0.7523733026,
        "researchAndDevelopmentExpenses": 54889000,
        "generalAndAdministrativeExpenses": 37672000,
        "sellingAndMarketingExpenses": 0,
        "sellingGeneralAndAdministrativeExpenses": 37672000,
        "otherExpenses": 0,
        "operatingExpenses": 92561000,
        "costAndExpenses": 174258000,
        "interestIncome": 0,
        "interestExpense": 0,
        "depreciationAndAmortization": 13340000,
        "ebitda": 160324000,
        "ebitdaratio": 0.4859481086,
        "operatingIncome": 157566000,
        "operatingIncomeRatio": 0.4775885063,
        "totalOtherIncomeExpensesNet": -10582000,
        "incomeBeforeTax": 146984000,
        "incomeBeforeTaxRatio": 0.445514064,
        "incomeTaxExpense": 38583000,
        "netIncome": 108401000,
        "netIncomeRatio": 0.3285675315,
        "eps": 0.47,
        "epsdiluted": 0.47,
        "weightedAverageShsOut": 230806000,
        "weightedAverageShsOutDil": 230806000,
        "link": "https://www.sec.gov/Archives/edgar/data/791907/000079190711000080/0000791907-11-000080-index.htm",
        "finalLink": "https://www.sec.gov/Archives/edgar/data/791907/000079190711000080/lltc-q1x10q.htm"
    },
    {
        "date": "2011-07-03",
        "symbol": "LLTC",
        "reportedCurrency": "USD",
        "cik": "0000791907",
        "fillingDate": "2011-08-24",
        "acceptedDate": "2011-08-24 13:24:29",
        "calendarYear": "2011",
        "period": "Q2",
        "revenue": 1095370000,
        "costOfRevenue": 240714000,
        "grossProfit": 854656000,
        "grossProfitRatio": 0.7802441184,
        "researchAndDevelopmentExpenses": 170314000,
        "generalAndAdministrativeExpenses": 121609000,
        "sellingAndMarketingExpenses": 0,
        "sellingGeneralAndAdministrativeExpenses": 121609000,
        "otherExpenses": 0,
        "operatingExpenses": 291923000,
        "costAndExpenses": 532637000,
        "interestIncome": 0,
        "interestExpense": 36993000,
        "depreciationAndAmortization": 53544000,
        "ebitda": 625065000,
        "ebitdaratio": 0.5706427965,
        "operatingIncome": 562733000,
        "operatingIncomeRatio": 0.5137378237,
        "totalOtherIncomeExpensesNet": -28205000,
        "incomeBeforeTax": 534528000,
        "incomeBeforeTaxRatio": 0.4879885336,
        "incomeTaxExpense": 90996000,
        "netIncome": 443532000,
        "netIncomeRatio": 0.4049152341,
        "eps": 1.92,
        "epsdiluted": 1.91,
        "weightedAverageShsOut": 230806000,
        "weightedAverageShsOutDil": 232772000,
        "link": "https://www.sec.gov/Archives/edgar/data/791907/000079190711000073/0000791907-11-000073-index.htm",
        "finalLink": "https://www.sec.gov/Archives/edgar/data/791907/000079190711000073/lltc-201173x10k.htm"
    },
    {
        "date": "2011-04-03",
        "symbol": "LLTC",
        "reportedCurrency": "USD",
        "cik": "0000791907",
        "fillingDate": "2011-05-13",
        "acceptedDate": "2011-05-12 19:24:47",
        "calendarYear": "2011",
        "period": "Q1",
        "revenue": 353192000,
        "costOfRevenue": 81302000,
        "grossProfit": 271890000,
        "grossProfitRatio": 0.7698079232,
        "researchAndDevelopmentExpenses": 55363000,
        "generalAndAdministrativeExpenses": 39693000,
        "sellingAndMarketingExpenses": 0,
        "sellingGeneralAndAdministrativeExpenses": 39693000,
        "otherExpenses": 0,
        "operatingExpenses": 95056000,
        "costAndExpenses": 176358000,
        "interestIncome": 0,
        "interestExpense": 11707000,
        "depreciationAndAmortization": 12973000,
        "ebitda": 195230000,
        "ebitdaratio": 0.5527588394,
        "operatingIncome": 179036000,
        "operatingIncomeRatio": 0.5069084237,
        "totalOtherIncomeExpensesNet": -8486000,
        "incomeBeforeTax": 170550000,
        "incomeBeforeTaxRatio": 0.482881832,
        "incomeTaxExpense": 28993000,
        "netIncome": 141557000,
        "netIncomeRatio": 0.4007933362,
        "eps": 0.61,
        "epsdiluted": 0.61,
        "weightedAverageShsOut": 230445000,
        "weightedAverageShsOutDil": 230445000,
        "link": "https://www.sec.gov/Archives/edgar/data/791907/000079190711000039/0000791907-11-000039-index.htm",
        "finalLink": "https://www.sec.gov/Archives/edgar/data/791907/000079190711000039/q3fy1110q.htm"
    },
    {
        "date": "2011-01-02",
        "symbol": "LLTC",
        "reportedCurrency": "USD",
        "cik": "0000791907",
        "fillingDate": "2011-02-11",
        "acceptedDate": "2011-02-10 18:38:02",
        "calendarYear": "2010",
        "period": "Q4",
        "revenue": 383621000,
        "costOfRevenue": 84941000,
        "grossProfit": 298680000,
        "grossProfitRatio": 0.7785809432,
        "researchAndDevelopmentExpenses": 59001000,
        "generalAndAdministrativeExpenses": 40958000,
        "sellingAndMarketingExpenses": 0,
        "sellingGeneralAndAdministrativeExpenses": 40958000,
        "otherExpenses": 0,
        "operatingExpenses": 99959000,
        "costAndExpenses": 184900000,
        "interestIncome": 0,
        "interestExpense": 13525000,
        "depreciationAndAmortization": 12405000,
        "ebitda": 215066000,
        "ebitdaratio": 0.5606210296,
        "operatingIncome": 201059000,
        "operatingIncomeRatio": 0.5241084299,
        "totalOtherIncomeExpensesNet": -11923000,
        "incomeBeforeTax": 189136000,
        "incomeBeforeTaxRatio": 0.4930282753,
        "incomeTaxExpense": 45393000,
        "netIncome": 143743000,
        "netIncomeRatio": 0.3747005508,
        "eps": 0.62,
        "epsdiluted": 0.62,
        "weightedAverageShsOut": 230006000,
        "weightedAverageShsOutDil": 230006000,
        "link": "https://www.sec.gov/Archives/edgar/data/791907/000079190711000016/0000791907-11-000016-index.htm",
        "finalLink": "https://www.sec.gov/Archives/edgar/data/791907/000079190711000016/q2fy1110q.htm"
    },
    {
        "date": "2010-09-26",
        "symbol": "LLTC",
        "reportedCurrency": "USD",
        "cik": "0000791907",
        "fillingDate": "2010-11-05",
        "acceptedDate": "2010-11-04 20:00:00",
        "calendarYear": "2010",
        "period": "Q3",
        "revenue": 388592000,
        "costOfRevenue": 83731000,
        "grossProfit": 304861000,
        "grossProfitRatio": 0.7845272162,
        "researchAndDevelopmentExpenses": 56202000,
        "generalAndAdministrativeExpenses": 44082000,
        "sellingAndMarketingExpenses": 0,
        "sellingGeneralAndAdministrativeExpenses": 44082000,
        "otherExpenses": 0,
        "operatingExpenses": 100284000,
        "costAndExpenses": 184015000,
        "interestIncome": 0,
        "interestExpense": 17183000,
        "depreciationAndAmortization": 18268000,
        "ebitda": 224761000,
        "ebitdaratio": 0.578398423,
        "operatingIncome": 204577000,
        "operatingIncomeRatio": 0.5264570552,
        "totalOtherIncomeExpensesNet": -15267000,
        "incomeBeforeTax": 189310000,
        "incomeBeforeTaxRatio": 0.4871690616,
        "incomeTaxExpense": 52060000,
        "netIncome": 137250000,
        "netIncomeRatio": 0.353198213,
        "eps": 0.6,
        "epsdiluted": 0.59,
        "weightedAverageShsOut": 229367000,
        "weightedAverageShsOutDil": 231073000,
        "link": "https://www.sec.gov/Archives/edgar/data/791907/000079190710000119/0000791907-10-000119-index.htm",
        "finalLink": "https://www.sec.gov/Archives/edgar/data/791907/000079190710000119/q1fy11.htm"
    },
    {
        "date": "2010-06-27",
        "symbol": "LLTC",
        "reportedCurrency": "USD",
        "cik": "0000791907",
        "fillingDate": "2010-08-19",
        "acceptedDate": "2010-08-19 15:56:19",
        "calendarYear": "2010",
        "period": "Q2",
        "revenue": 366165000,
        "costOfRevenue": 88153000,
        "grossProfit": 278012000,
        "grossProfitRatio": 0.7592533421,
        "researchAndDevelopmentExpenses": 55050000,
        "generalAndAdministrativeExpenses": 37716000,
        "sellingAndMarketingExpenses": 0,
        "sellingGeneralAndAdministrativeExpenses": 37716000,
        "otherExpenses": 0,
        "operatingExpenses": 92766000,
        "costAndExpenses": 180919000,
        "interestIncome": 0,
        "interestExpense": 18222000,
        "depreciationAndAmortization": 11256000,
        "ebitda": 197730000,
        "ebitdaratio": 0.5400024579,
        "operatingIncome": 194328000,
        "operatingIncomeRatio": 0.5307115645,
        "totalOtherIncomeExpensesNet": -26076000,
        "incomeBeforeTax": 168252000,
        "incomeBeforeTaxRatio": 0.4594977674,
        "incomeTaxExpense": 43746000,
        "netIncome": 124506000,
        "netIncomeRatio": 0.340027037,
        "eps": 0.55,
        "epsdiluted": 0.55,
        "weightedAverageShsOut": 227258490,
        "weightedAverageShsOutDil": 227258490,
        "link": "https://www.sec.gov/Archives/edgar/data/791907/000079190710000090/0000791907-10-000090-index.htm",
        "finalLink": "https://www.sec.gov/Archives/edgar/data/791907/000079190710000090/fy201010k.htm"
    },
    {
        "date": "2010-03-28",
        "symbol": "LLTC",
        "reportedCurrency": "USD",
        "cik": "0000791907",
        "fillingDate": "2010-05-06",
        "acceptedDate": "2010-05-06 14:00:43",
        "calendarYear": "2010",
        "period": "Q1",
        "revenue": 547459000,
        "costOfRevenue": 128384000,
        "grossProfit": 419075000,
        "grossProfitRatio": 0.7654911144,
        "researchAndDevelopmentExpenses": 97225000,
        "generalAndAdministrativeExpenses": 68369000,
        "sellingAndMarketingExpenses": 0,
        "sellingGeneralAndAdministrativeExpenses": 68369000,
        "otherExpenses": 0,
        "operatingExpenses": 165594000,
        "costAndExpenses": 293978000,
        "interestIncome": 0,
        "interestExpense": 38221000,
        "depreciationAndAmortization": 11240000,
        "ebitda": 271573000,
        "ebitdaratio": 0.4960608922,
        "operatingIncome": 253481000,
        "operatingIncomeRatio": 0.4630136686,
        "totalOtherIncomeExpensesNet": -31369000,
        "incomeBeforeTax": 222112000,
        "incomeBeforeTaxRatio": 0.4057144005,
        "incomeTaxExpense": 60813000,
        "netIncome": 161299000,
        "netIncomeRatio": 0.2946321094,
        "eps": 0.71,
        "epsdiluted": 0.71,
        "weightedAverageShsOut": 227725961,
        "weightedAverageShsOutDil": 227725961,
        "link": "https://www.sec.gov/Archives/edgar/data/791907/000079190710000058/0000791907-10-000058-index.htm",
        "finalLink": "https://www.sec.gov/Archives/edgar/data/791907/000079190710000058/q3fy1010q.htm"
    },
    {
        "date": "2009-09-27",
        "symbol": "LLTC",
        "reportedCurrency": "USD",
        "cik": "0000791907",
        "fillingDate": "2009-11-05",
        "acceptedDate": "2009-11-05 14:19:35",
        "calendarYear": "2009",
        "period": "Q3",
        "revenue": 236135000,
        "costOfRevenue": 59583000,
        "grossProfit": 176552000,
        "grossProfitRatio": 0.747674,
        "researchAndDevelopmentExpenses": 45340000,
        "generalAndAdministrativeExpenses": 31659000,
        "sellingAndMarketingExpenses": 0,
        "sellingGeneralAndAdministrativeExpenses": 31659000,
        "otherExpenses": 0,
        "operatingExpenses": 76999000,
        "costAndExpenses": 136582000,
        "interestIncome": 0,
        "interestExpense": 19121000,
        "depreciationAndAmortization": 11677000,
        "ebitda": 115086000,
        "ebitdaratio": 0.4873737481,
        "operatingIncome": 99553000,
        "operatingIncomeRatio": 0.4215935799,
        "totalOtherIncomeExpensesNet": -15265000,
        "incomeBeforeTax": 84288000,
        "incomeBeforeTaxRatio": 0.3569483558,
        "incomeTaxExpense": 23601000,
        "netIncome": 60687000,
        "netIncomeRatio": 0.2570012916,
        "eps": 0.27,
        "epsdiluted": 0.27,
        "weightedAverageShsOut": 224766666,
        "weightedAverageShsOutDil": 224766666,
        "link": "https://www.sec.gov/Archives/edgar/data/791907/000079190709000089/0000791907-09-000089-index.htm",
        "finalLink": "https://www.sec.gov/Archives/edgar/data/791907/000079190709000089/q1fy10.htm"
    },
    {
        "date": "2009-06-28",
        "symbol": "LLTC",
        "reportedCurrency": "USD",
        "cik": "0000791907",
        "fillingDate": "2009-08-14",
        "acceptedDate": "2009-08-14 17:13:36",
        "calendarYear": "2009",
        "period": "Q2",
        "revenue": 208018000,
        "costOfRevenue": 61784000,
        "grossProfit": 146234000,
        "grossProfitRatio": 0.7029872415,
        "researchAndDevelopmentExpenses": 44466000,
        "generalAndAdministrativeExpenses": 28694000,
        "sellingAndMarketingExpenses": 0,
        "sellingGeneralAndAdministrativeExpenses": 28694000,
        "otherExpenses": 0,
        "operatingExpenses": 73160000,
        "costAndExpenses": 134944000,
        "interestIncome": 0,
        "interestExpense": 12091000,
        "depreciationAndAmortization": 11925000,
        "ebitda": 97044000,
        "ebitdaratio": 0.4665173206,
        "operatingIncome": 79059000,
        "operatingIncomeRatio": 0.3800584565,
        "totalOtherIncomeExpensesNet": -6031000,
        "incomeBeforeTax": 73028000,
        "incomeBeforeTaxRatio": 0.3510657732,
        "incomeTaxExpense": 16796000,
        "netIncome": 56232000,
        "netIncomeRatio": 0.2703227605,
        "eps": 0.25,
        "epsdiluted": 0.25,
        "weightedAverageShsOut": 222347517,
        "weightedAverageShsOutDil": 222347517,
        "link": "https://www.sec.gov/Archives/edgar/data/791907/000079190709000065/0000791907-09-000065-index.htm",
        "finalLink": "https://www.sec.gov/Archives/edgar/data/791907/000079190709000065/fy200910k.htm"
    },
    {
        "date": "2008-12-28",
        "symbol": "LLTC",
        "reportedCurrency": "USD",
        "cik": "0000791907",
        "fillingDate": "2009-02-06",
        "acceptedDate": "2009-02-06 17:15:00",
        "calendarYear": "2008",
        "period": "Q4",
        "revenue": 249196000,
        "costOfRevenue": 58392000,
        "grossProfit": 190804000,
        "grossProfitRatio": 0.7656784218,
        "researchAndDevelopmentExpenses": 45793000,
        "generalAndAdministrativeExpenses": 32573000,
        "sellingAndMarketingExpenses": 0,
        "sellingGeneralAndAdministrativeExpenses": 32573000,
        "otherExpenses": 0,
        "operatingExpenses": 78366000,
        "costAndExpenses": 136758000,
        "interestIncome": 0,
        "interestExpense": 13246000,
        "depreciationAndAmortization": 12075000,
        "ebitda": 148165000,
        "ebitdaratio": 0.594572144,
        "operatingIncome": 108988000,
        "operatingIncomeRatio": 0.4373585451,
        "totalOtherIncomeExpensesNet": 13856000,
        "incomeBeforeTax": 122844000,
        "incomeBeforeTaxRatio": 0.4929613637,
        "incomeTaxExpense": 27640000,
        "netIncome": 95204000,
        "netIncomeRatio": 0.3820446556,
        "eps": 0.43,
        "epsdiluted": 0.43,
        "weightedAverageShsOut": 220448913,
        "weightedAverageShsOutDil": 220448913,
        "link": "https://www.sec.gov/Archives/edgar/data/791907/000079190709000020/0000791907-09-000020-index.htm",
        "finalLink": "https://www.sec.gov/Archives/edgar/data/791907/000079190709000020/q2fy09.htm"
    },
    {
        "date": "2008-09-28",
        "symbol": "LLTC",
        "reportedCurrency": "USD",
        "cik": "0000791907",
        "fillingDate": "2008-11-04",
        "acceptedDate": "2008-11-04 16:29:34",
        "calendarYear": "2008",
        "period": "Q3",
        "revenue": 310351000,
        "costOfRevenue": 73358000,
        "grossProfit": 236993000,
        "grossProfitRatio": 0.7636289234,
        "researchAndDevelopmentExpenses": 50860000,
        "generalAndAdministrativeExpenses": 37107000,
        "sellingAndMarketingExpenses": 0,
        "sellingGeneralAndAdministrativeExpenses": 37107000,
        "otherExpenses": 0,
        "operatingExpenses": 87967000,
        "costAndExpenses": 161325000,
        "interestIncome": 0,
        "interestExpense": 14407000,
        "depreciationAndAmortization": 11893000,
        "ebitda": 169779000,
        "ebitdaratio": 0.5470547864,
        "operatingIncome": 150912000,
        "operatingIncomeRatio": 0.4862623288,
        "totalOtherIncomeExpensesNet": -7433000,
        "incomeBeforeTax": 143479000,
        "incomeBeforeTaxRatio": 0.4623120273,
        "incomeTaxExpense": 35870000,
        "netIncome": 107609000,
        "netIncomeRatio": 0.346733215,
        "eps": 0.49,
        "epsdiluted": 0.49,
        "weightedAverageShsOut": 219610204,
        "weightedAverageShsOutDil": 219610204,
        "link": "https://www.sec.gov/Archives/edgar/data/791907/000079190708000073/0000791907-08-000073-index.htm",
        "finalLink": "https://www.sec.gov/Archives/edgar/data/791907/000079190708000073/q1fy09.htm"
    },
    {
        "date": "2008-06-29",
        "symbol": "LLTC",
        "reportedCurrency": "USD",
        "cik": "0000791907",
        "fillingDate": "2008-08-25",
        "acceptedDate": "2008-08-25 16:56:23",
        "calendarYear": "2008",
        "period": "Q2",
        "revenue": 307080000,
        "costOfRevenue": 71790000,
        "grossProfit": 235290000,
        "grossProfitRatio": 0.7662172724,
        "researchAndDevelopmentExpenses": 51897000,
        "generalAndAdministrativeExpenses": 40634000,
        "sellingAndMarketingExpenses": 0,
        "sellingGeneralAndAdministrativeExpenses": 40634000,
        "otherExpenses": 0,
        "operatingExpenses": 92531000,
        "costAndExpenses": 164321000,
        "interestIncome": 0,
        "interestExpense": 14421000,
        "depreciationAndAmortization": 11788000,
        "ebitda": 165600000,
        "ebitdaratio": 0.5392731536,
        "operatingIncome": 144756000,
        "operatingIncomeRatio": 0.4713950762,
        "totalOtherIncomeExpensesNet": -5365000,
        "incomeBeforeTax": 139391000,
        "incomeBeforeTaxRatio": 0.4539240589,
        "incomeTaxExpense": 36242000,
        "netIncome": 103149000,
        "netIncomeRatio": 0.3359026964,
        "eps": 0.47,
        "epsdiluted": 0.47,
        "weightedAverageShsOut": 219610204,
        "weightedAverageShsOutDil": 219610204,
        "link": "https://www.sec.gov/Archives/edgar/data/791907/000079190708000055/0000791907-08-000055-index.htm",
        "finalLink": "https://www.sec.gov/Archives/edgar/data/791907/000079190708000055/fy200810k.htm"
    },
    {
        "date": "2008-03-30",
        "symbol": "LLTC",
        "reportedCurrency": "USD",
        "cik": "0000791907",
        "fillingDate": "2008-05-06",
        "acceptedDate": "2008-05-06 15:15:37",
        "calendarYear": "2008",
        "period": "Q1",
        "revenue": 297865000,
        "costOfRevenue": 68935000,
        "grossProfit": 228930000,
        "grossProfitRatio": 0.768569654,
        "researchAndDevelopmentExpenses": 49613000,
        "generalAndAdministrativeExpenses": 35423000,
        "sellingAndMarketingExpenses": 0,
        "sellingGeneralAndAdministrativeExpenses": 35423000,
        "otherExpenses": 0,
        "operatingExpenses": 85036000,
        "costAndExpenses": 153971000,
        "interestIncome": 0,
        "interestExpense": 14435000,
        "depreciationAndAmortization": 11591000,
        "ebitda": 164815000,
        "ebitdaratio": 0.5533211354,
        "operatingIncome": 145890000,
        "operatingIncomeRatio": 0.4897856411,
        "totalOtherIncomeExpensesNet": -7101000,
        "incomeBeforeTax": 138789000,
        "incomeBeforeTaxRatio": 0.4659459822,
        "incomeTaxExpense": 39555000,
        "netIncome": 99234000,
        "netIncomeRatio": 0.3331509241,
        "eps": 0.45,
        "epsdiluted": 0.45,
        "weightedAverageShsOut": 222237500,
        "weightedAverageShsOutDil": 222237500,
        "link": "https://www.sec.gov/Archives/edgar/data/791907/000079190708000034/0000791907-08-000034-index.htm",
        "finalLink": "https://www.sec.gov/Archives/edgar/data/791907/000079190708000034/q3fy08.htm"
    },
    {
        "date": "2007-12-30",
        "symbol": "LLTC",
        "reportedCurrency": "USD",
        "cik": "0000791907",
        "fillingDate": "2008-02-05",
        "acceptedDate": "2008-02-05 16:40:13",
        "calendarYear": "2007",
        "period": "Q4",
        "revenue": 288720000,
        "costOfRevenue": 68184000,
        "grossProfit": 220536000,
        "grossProfitRatio": 0.763840399,
        "researchAndDevelopmentExpenses": 47799000,
        "generalAndAdministrativeExpenses": 33557000,
        "sellingAndMarketingExpenses": 0,
        "sellingGeneralAndAdministrativeExpenses": 33557000,
        "otherExpenses": 0,
        "operatingExpenses": 81356000,
        "costAndExpenses": 149540000,
        "interestIncome": 0,
        "interestExpense": 14474000,
        "depreciationAndAmortization": 12170000,
        "ebitda": 160580000,
        "ebitdaratio": 0.556178997,
        "operatingIncome": 141152000,
        "operatingIncomeRatio": 0.4888888889,
        "totalOtherIncomeExpensesNet": -7216000,
        "incomeBeforeTax": 133936000,
        "incomeBeforeTaxRatio": 0.463895816,
        "incomeTaxExpense": 40181000,
        "netIncome": 93755000,
        "netIncomeRatio": 0.3247263785,
        "eps": 0.42,
        "epsdiluted": 0.42,
        "weightedAverageShsOut": 223168674,
        "weightedAverageShsOutDil": 223168674,
        "link": "https://www.sec.gov/Archives/edgar/data/791907/000079190708000011/0000791907-08-000011-index.htm",
        "finalLink": "https://www.sec.gov/Archives/edgar/data/791907/000079190708000011/q2fy08.htm"
    },
    {
        "date": "2007-09-30",
        "symbol": "LLTC",
        "reportedCurrency": "USD",
        "cik": "0000791907",
        "fillingDate": "2007-11-06",
        "acceptedDate": "2007-11-06 16:24:37",
        "calendarYear": "2007",
        "period": "Q3",
        "revenue": 281488000,
        "costOfRevenue": 65958000,
        "grossProfit": 215530000,
        "grossProfitRatio": 0.7656809527,
        "researchAndDevelopmentExpenses": 47780000,
        "generalAndAdministrativeExpenses": 32781000,
        "sellingAndMarketingExpenses": 0,
        "sellingGeneralAndAdministrativeExpenses": 32781000,
        "otherExpenses": 0,
        "operatingExpenses": 80561000,
        "costAndExpenses": 146519000,
        "interestIncome": 0,
        "interestExpense": 14462000,
        "depreciationAndAmortization": 12591000,
        "ebitda": 155891000,
        "ebitdaratio": 0.5538104644,
        "operatingIncome": 136866000,
        "operatingIncomeRatio": 0.4862232138,
        "totalOtherIncomeExpensesNet": -8028000,
        "incomeBeforeTax": 128838000,
        "incomeBeforeTaxRatio": 0.4577033479,
        "incomeTaxExpense": 37363000,
        "netIncome": 91475000,
        "netIncomeRatio": 0.3249694481,
        "eps": 0.41,
        "epsdiluted": 0.41,
        "weightedAverageShsOut": 223109756,
        "weightedAverageShsOutDil": 223109756,
        "link": "https://www.sec.gov/Archives/edgar/data/791907/000079190707000083/0000791907-07-000083-index.htm",
        "finalLink": "https://www.sec.gov/Archives/edgar/data/791907/000079190707000083/q1fy0810q.htm"
    },
    {
        "date": "2007-07-01",
        "symbol": "LLTC",
        "reportedCurrency": "USD",
        "cik": "0000791907",
        "fillingDate": "2007-08-24",
        "acceptedDate": "2007-08-23 21:12:23",
        "calendarYear": "2007",
        "period": "Q2",
        "revenue": 268116000,
        "costOfRevenue": 64284000,
        "grossProfit": 203832000,
        "grossProfitRatio": 0.7602381059,
        "researchAndDevelopmentExpenses": 46713000,
        "generalAndAdministrativeExpenses": 32861000,
        "sellingAndMarketingExpenses": 0,
        "sellingGeneralAndAdministrativeExpenses": 32861000,
        "otherExpenses": 0,
        "operatingExpenses": 79574000,
        "costAndExpenses": 143858000,
        "interestIncome": 0,
        "interestExpense": 12093000,
        "depreciationAndAmortization": 12438000,
        "ebitda": 148848000,
        "ebitdaratio": 0.5551626908,
        "operatingIncome": 127204000,
        "operatingIncomeRatio": 0.474436438,
        "totalOtherIncomeExpensesNet": -2887000,
        "incomeBeforeTax": 124317000,
        "incomeBeforeTaxRatio": 0.4636687106,
        "incomeTaxExpense": 28593000,
        "netIncome": 95724000,
        "netIncomeRatio": 0.3570245715,
        "eps": 0.43,
        "epsdiluted": 0.43,
        "weightedAverageShsOut": 223109756,
        "weightedAverageShsOutDil": 223109756,
        "link": "https://www.sec.gov/Archives/edgar/data/791907/000079190707000053/0000791907-07-000053-index.htm",
        "finalLink": "https://www.sec.gov/Archives/edgar/data/791907/000079190707000053/form10k2007.htm"
    },
    {
        "date": "2007-04-01",
        "symbol": "LLTC",
        "reportedCurrency": "USD",
        "cik": "0000791907",
        "fillingDate": "2007-05-08",
        "acceptedDate": "2007-05-08 15:39:25",
        "calendarYear": "2007",
        "period": "Q1",
        "revenue": 254992000,
        "costOfRevenue": 59468000,
        "grossProfit": 195524000,
        "grossProfitRatio": 0.7667848403,
        "researchAndDevelopmentExpenses": 45364000,
        "generalAndAdministrativeExpenses": 32807000,
        "sellingAndMarketingExpenses": 0,
        "sellingGeneralAndAdministrativeExpenses": 32807000,
        "otherExpenses": 0,
        "operatingExpenses": 78171000,
        "costAndExpenses": 137639000,
        "interestIncome": 0,
        "interestExpense": 0,
        "depreciationAndAmortization": 12924000,
        "ebitda": 149799000,
        "ebitdaratio": 0.5874654891,
        "operatingIncome": 120286000,
        "operatingIncomeRatio": 0.4717246031,
        "totalOtherIncomeExpensesNet": 16589000,
        "incomeBeforeTax": 136875000,
        "incomeBeforeTaxRatio": 0.5367815461,
        "incomeTaxExpense": 38325000,
        "netIncome": 98550000,
        "netIncomeRatio": 0.3864827132,
        "eps": 0.44,
        "epsdiluted": 0.44,
        "weightedAverageShsOut": 223109756,
        "weightedAverageShsOutDil": 223109756,
        "link": "https://www.sec.gov/Archives/edgar/data/791907/000079190707000016/0000791907-07-000016-index.htm",
        "finalLink": "https://www.sec.gov/Archives/edgar/data/791907/000079190707000016/form10qq3fy07.htm"
    },
    {
        "date": "2006-12-31",
        "symbol": "LLTC",
        "reportedCurrency": "USD",
        "cik": "0000791907",
        "fillingDate": "2007-02-05",
        "acceptedDate": "2007-02-05 17:26:08",
        "calendarYear": "2006",
        "period": "Q4",
        "revenue": 267854000,
        "costOfRevenue": 62153000,
        "grossProfit": 205701000,
        "grossProfitRatio": 0.7679594107,
        "researchAndDevelopmentExpenses": 44961000,
        "generalAndAdministrativeExpenses": 33597000,
        "sellingAndMarketingExpenses": 0,
        "sellingGeneralAndAdministrativeExpenses": 33597000,
        "otherExpenses": 0,
        "operatingExpenses": 78558000,
        "costAndExpenses": 140711000,
        "interestIncome": 0,
        "interestExpense": 0,
        "depreciationAndAmortization": 12458000,
        "ebitda": 158308000,
        "ebitdaratio": 0.591023468,
        "operatingIncome": 129983000,
        "operatingIncomeRatio": 0.4852755606,
        "totalOtherIncomeExpensesNet": 15867000,
        "incomeBeforeTax": 145850000,
        "incomeBeforeTaxRatio": 0.5445130556,
        "incomeTaxExpense": 40838000,
        "netIncome": 105012000,
        "netIncomeRatio": 0.3920494,
        "eps": 0.35,
        "epsdiluted": 0.35,
        "weightedAverageShsOut": 301945833,
        "weightedAverageShsOutDil": 301945833,
        "link": "https://www.sec.gov/Archives/edgar/data/791907/000079190707000008/0000791907-07-000008-index.htm",
        "finalLink": "https://www.sec.gov/Archives/edgar/data/791907/000079190707000008/form10qq2fy07.htm"
    },
    {
        "date": "2006-10-01",
        "symbol": "LLTC",
        "reportedCurrency": "USD",
        "cik": "0000791907",
        "fillingDate": "2006-11-08",
        "acceptedDate": "2006-11-08 14:37:25",
        "calendarYear": "2006",
        "period": "Q3",
        "revenue": 292116000,
        "costOfRevenue": 67089000,
        "grossProfit": 225027000,
        "grossProfitRatio": 0.7703343877,
        "researchAndDevelopmentExpenses": 46519000,
        "generalAndAdministrativeExpenses": 34425000,
        "sellingAndMarketingExpenses": 0,
        "sellingGeneralAndAdministrativeExpenses": 34425000,
        "otherExpenses": 0,
        "operatingExpenses": 80944000,
        "costAndExpenses": 148033000,
        "interestIncome": 0,
        "interestExpense": 0,
        "depreciationAndAmortization": 12897000,
        "ebitda": 175779000,
        "ebitdaratio": 0.6017438278,
        "operatingIncome": 146845000,
        "operatingIncomeRatio": 0.5026941352,
        "totalOtherIncomeExpensesNet": 16037000,
        "incomeBeforeTax": 162882000,
        "incomeBeforeTaxRatio": 0.5575935587,
        "incomeTaxExpense": 50493000,
        "netIncome": 112389000,
        "netIncomeRatio": 0.3847409933,
        "eps": 0.37,
        "epsdiluted": 0.37,
        "weightedAverageShsOut": 303754054,
        "weightedAverageShsOutDil": 303754054,
        "link": "https://www.sec.gov/Archives/edgar/data/791907/000079190706000013/0000791907-06-000013-index.htm",
        "finalLink": "https://www.sec.gov/Archives/edgar/data/791907/000079190706000013/form10qq1fy07.htm"
    },
    {
        "date": "2006-07-02",
        "symbol": "LLTC",
        "reportedCurrency": "USD",
        "cik": "0000791907",
        "fillingDate": "2006-09-08",
        "acceptedDate": "2006-09-07 20:42:32",
        "calendarYear": "2006",
        "period": "Q2",
        "revenue": 292930000,
        "costOfRevenue": 66086000,
        "grossProfit": 226844000,
        "grossProfitRatio": 0.7743966135,
        "researchAndDevelopmentExpenses": 44048000,
        "generalAndAdministrativeExpenses": 34045000,
        "sellingAndMarketingExpenses": 0,
        "sellingGeneralAndAdministrativeExpenses": 34045000,
        "otherExpenses": 0,
        "operatingExpenses": 78093000,
        "costAndExpenses": 144179000,
        "interestIncome": 0,
        "interestExpense": 0,
        "depreciationAndAmortization": 12573000,
        "ebitda": 179020000,
        "ebitdaratio": 0.6111357662,
        "operatingIncome": 151222000,
        "operatingIncomeRatio": 0.5162393746,
        "totalOtherIncomeExpensesNet": 15225000,
        "incomeBeforeTax": 166447000,
        "incomeBeforeTaxRatio": 0.5682142491,
        "incomeTaxExpense": 50767000,
        "netIncome": 115680000,
        "netIncomeRatio": 0.394906633,
        "eps": 0.38,
        "epsdiluted": 0.38,
        "weightedAverageShsOut": 303754054,
        "weightedAverageShsOutDil": 303754054,
        "link": "https://www.sec.gov/Archives/edgar/data/791907/000079190706000006/0000791907-06-000006-index.htm",
        "finalLink": "https://www.sec.gov/Archives/edgar/data/791907/000079190706000006/form10kfy06.htm"
    },
    {
        "date": "2006-04-02",
        "symbol": "LLTC",
        "reportedCurrency": "USD",
        "cik": "0000791907",
        "fillingDate": "2006-05-09",
        "acceptedDate": "2006-05-09 16:30:11",
        "calendarYear": "2006",
        "period": "Q1",
        "revenue": 278888000,
        "costOfRevenue": 62344000,
        "grossProfit": 216544000,
        "grossProfitRatio": 0.7764550644,
        "researchAndDevelopmentExpenses": 40982000,
        "generalAndAdministrativeExpenses": 32252000,
        "sellingAndMarketingExpenses": 0,
        "sellingGeneralAndAdministrativeExpenses": 32252000,
        "otherExpenses": 0,
        "operatingExpenses": 73234000,
        "costAndExpenses": 135578000,
        "interestIncome": 0,
        "interestExpense": 0,
        "depreciationAndAmortization": 12547000,
        "ebitda": 171619000,
        "ebitdaratio": 0.6153688936,
        "operatingIncome": 145633000,
        "operatingIncomeRatio": 0.5221917042,
        "totalOtherIncomeExpensesNet": 13439000,
        "incomeBeforeTax": 159072000,
        "incomeBeforeTaxRatio": 0.5703795072,
        "incomeTaxExpense": 48517000,
        "netIncome": 110555000,
        "netIncomeRatio": 0.3964136141,
        "eps": 0.36,
        "epsdiluted": 0.36,
        "weightedAverageShsOut": 305873000,
        "weightedAverageShsOutDil": 305873000,
        "link": "https://www.sec.gov/Archives/edgar/data/791907/000095000506000301/0000950005-06-000301-index.htm",
        "finalLink": "https://www.sec.gov/Archives/edgar/data/791907/000095000506000301/p1978510q.htm"
    }
]