[
    {
        "date": "2025-09-30",
        "symbol": "LNC",
        "reportedCurrency": "USD",
        "cik": "0000059558",
        "fillingDate": "2025-10-30",
        "acceptedDate": "2025-10-30 13:32:10",
        "calendarYear": "2025",
        "period": "Q3",
        "revenue": 4555000000,
        "costOfRevenue": 0,
        "grossProfit": 0,
        "grossProfitRatio": 0,
        "researchAndDevelopmentExpenses": 0,
        "generalAndAdministrativeExpenses": 0,
        "sellingAndMarketingExpenses": 0,
        "sellingGeneralAndAdministrativeExpenses": 0,
        "otherExpenses": 0,
        "operatingExpenses": 0,
        "costAndExpenses": 3952000000,
        "interestIncome": 0,
        "interestExpense": 79000000,
        "depreciationAndAmortization": 0,
        "ebitda": 603000000,
        "ebitdaratio": 0.1323819978,
        "operatingIncome": 603000000,
        "operatingIncomeRatio": 0.1323819978,
        "totalOtherIncomeExpensesNet": -79000000,
        "incomeBeforeTax": 524000000,
        "incomeBeforeTaxRatio": 0.1150384193,
        "incomeTaxExpense": 79000000,
        "netIncome": 445000000,
        "netIncomeRatio": 0.0976948408,
        "eps": 2.15,
        "epsdiluted": 2.12,
        "weightedAverageShsOut": 190826396,
        "weightedAverageShsOutDil": 194304105,
        "link": "https://www.sec.gov/Archives/edgar/data/59558/000005955825000093/0000059558-25-000093-index.htm",
        "finalLink": "https://www.sec.gov/Archives/edgar/data/59558/000005955825000093/lnc-20250930.htm"
    },
    {
        "date": "2025-06-30",
        "symbol": "LNC",
        "reportedCurrency": "USD",
        "cik": "0000059558",
        "fillingDate": "2025-07-31",
        "acceptedDate": "2025-07-31 14:45:30",
        "calendarYear": "2025",
        "period": "Q2",
        "revenue": 4065000000,
        "costOfRevenue": 2822000000,
        "grossProfit": 1243000000,
        "grossProfitRatio": 0.3057810578,
        "researchAndDevelopmentExpenses": 0,
        "generalAndAdministrativeExpenses": 0,
        "sellingAndMarketingExpenses": 0,
        "sellingGeneralAndAdministrativeExpenses": 0,
        "otherExpenses": 395000000,
        "operatingExpenses": 395000000,
        "costAndExpenses": 3217000000,
        "interestIncome": 0,
        "interestExpense": -13000000,
        "depreciationAndAmortization": 0,
        "ebitda": 848000000,
        "ebitdaratio": 0.2086100861,
        "operatingIncome": 835000000,
        "operatingIncomeRatio": 0.2054120541,
        "totalOtherIncomeExpensesNet": 13000000,
        "incomeBeforeTax": 848000000,
        "incomeBeforeTaxRatio": 0.2086100861,
        "incomeTaxExpense": 149000000,
        "netIncome": 699000000,
        "netIncomeRatio": 0.1719557196,
        "eps": 3.88,
        "epsdiluted": 3.81,
        "weightedAverageShsOut": 177175326,
        "weightedAverageShsOutDil": 180602665,
        "link": "https://www.sec.gov/Archives/edgar/data/59558/000005955825000082/0000059558-25-000082-index.htm",
        "finalLink": "https://www.sec.gov/Archives/edgar/data/59558/000005955825000082/lnc-20250630.htm"
    },
    {
        "date": "2025-03-31",
        "symbol": "LNC",
        "reportedCurrency": "USD",
        "cik": "0000059558",
        "fillingDate": "2025-05-08",
        "acceptedDate": "2025-05-08 14:32:05",
        "calendarYear": "2025",
        "period": "Q1",
        "revenue": 4716000000,
        "costOfRevenue": 2899000000,
        "grossProfit": 1817000000,
        "grossProfitRatio": 0.3852841391,
        "researchAndDevelopmentExpenses": 0,
        "generalAndAdministrativeExpenses": 0,
        "sellingAndMarketingExpenses": 0,
        "sellingGeneralAndAdministrativeExpenses": 0,
        "otherExpenses": 2766000000,
        "operatingExpenses": 2766000000,
        "costAndExpenses": 5665000000,
        "interestIncome": 0,
        "interestExpense": 80000000,
        "depreciationAndAmortization": 0,
        "ebitda": -949000000,
        "ebitdaratio": -0.2012298558,
        "operatingIncome": -869000000,
        "operatingIncomeRatio": -0.1842663274,
        "totalOtherIncomeExpensesNet": -80000000,
        "incomeBeforeTax": -949000000,
        "incomeBeforeTaxRatio": -0.2012298558,
        "incomeTaxExpense": -227000000,
        "netIncome": -722000000,
        "netIncomeRatio": -0.1530958439,
        "eps": -4.41,
        "epsdiluted": -4.41,
        "weightedAverageShsOut": 171321440,
        "weightedAverageShsOutDil": 174087020,
        "link": "https://www.sec.gov/Archives/edgar/data/59558/000005955825000047/0000059558-25-000047-index.htm",
        "finalLink": "https://www.sec.gov/Archives/edgar/data/59558/000005955825000047/lnc-20250331.htm"
    },
    {
        "date": "2024-12-31",
        "symbol": "LNC",
        "reportedCurrency": "USD",
        "cik": "0000059558",
        "fillingDate": "2025-02-21",
        "acceptedDate": "2025-02-21 17:09:41",
        "calendarYear": "2024",
        "period": "Q4",
        "revenue": 5084000000,
        "costOfRevenue": 2834000000,
        "grossProfit": 2250000000,
        "grossProfitRatio": 0.4425649095,
        "researchAndDevelopmentExpenses": 0,
        "generalAndAdministrativeExpenses": 2738000000,
        "sellingAndMarketingExpenses": 219000000,
        "sellingGeneralAndAdministrativeExpenses": 2957000000,
        "otherExpenses": -2807000000,
        "operatingExpenses": 150000000,
        "costAndExpenses": 2984000000,
        "interestIncome": 0,
        "interestExpense": 83000000,
        "depreciationAndAmortization": 0,
        "ebitda": 2183000000,
        "ebitdaratio": 0.42938631,
        "operatingIncome": 2183000000,
        "operatingIncomeRatio": 0.42938631,
        "totalOtherIncomeExpensesNet": -83000000,
        "incomeBeforeTax": 2100000000,
        "incomeBeforeTaxRatio": 0.4130605822,
        "incomeTaxExpense": 413000000,
        "netIncome": 1687000000,
        "netIncomeRatio": 0.3318253344,
        "eps": 9.8,
        "epsdiluted": 9.63,
        "weightedAverageShsOut": 170900000,
        "weightedAverageShsOutDil": 174000000,
        "link": "https://www.sec.gov/Archives/edgar/data/59558/000005955825000023/0000059558-25-000023-index.htm",
        "finalLink": "https://www.sec.gov/Archives/edgar/data/59558/000005955825000023/lnc-20241231.htm"
    },
    {
        "date": "2024-09-30",
        "symbol": "LNC",
        "reportedCurrency": "USD",
        "cik": "0000059558",
        "fillingDate": "2024-10-31",
        "acceptedDate": "2024-10-31 16:12:56",
        "calendarYear": "2024",
        "period": "Q3",
        "revenue": 4198000000,
        "costOfRevenue": 2767000000,
        "grossProfit": 1431000000,
        "grossProfitRatio": 0.3408766079,
        "researchAndDevelopmentExpenses": 0,
        "generalAndAdministrativeExpenses": 0,
        "sellingAndMarketingExpenses": 0,
        "sellingGeneralAndAdministrativeExpenses": 0,
        "otherExpenses": 2134000000,
        "operatingExpenses": 2134000000,
        "costAndExpenses": 4901000000,
        "interestIncome": 0,
        "interestExpense": 86000000,
        "depreciationAndAmortization": 0,
        "ebitda": -617000000,
        "ebitdaratio": -0.1469747499,
        "operatingIncome": -615000000,
        "operatingIncomeRatio": -0.1464983325,
        "totalOtherIncomeExpensesNet": -88000000,
        "incomeBeforeTax": -703000000,
        "incomeBeforeTaxRatio": -0.1674606956,
        "incomeTaxExpense": -175000000,
        "netIncome": -528000000,
        "netIncomeRatio": -0.1257741782,
        "eps": -3.29,
        "epsdiluted": -3.29,
        "weightedAverageShsOut": 170800000,
        "weightedAverageShsOutDil": 173600000,
        "link": "https://www.sec.gov/Archives/edgar/data/59558/000005955824000065/0000059558-24-000065-index.htm",
        "finalLink": "https://www.sec.gov/Archives/edgar/data/59558/000005955824000065/lnc-20240930.htm"
    },
    {
        "date": "2024-06-30",
        "symbol": "LNC",
        "reportedCurrency": "USD",
        "cik": "0000059558",
        "fillingDate": "2024-08-01",
        "acceptedDate": "2024-08-01 14:35:19",
        "calendarYear": "2024",
        "period": "Q2",
        "revenue": 4581000000,
        "costOfRevenue": 2756000000,
        "grossProfit": 1837000000,
        "grossProfitRatio": 0.4010041476,
        "researchAndDevelopmentExpenses": 0,
        "generalAndAdministrativeExpenses": 0,
        "sellingAndMarketingExpenses": 0,
        "sellingGeneralAndAdministrativeExpenses": 0,
        "otherExpenses": 741000000,
        "operatingExpenses": 741000000,
        "costAndExpenses": 3497000000,
        "interestIncome": 0,
        "interestExpense": 86000000,
        "depreciationAndAmortization": 0,
        "ebitda": 1182000000,
        "ebitdaratio": 0.2580222659,
        "operatingIncome": 610000000,
        "operatingIncomeRatio": 0.133158699,
        "totalOtherIncomeExpensesNet": 486000000,
        "incomeBeforeTax": 1096000000,
        "incomeBeforeTaxRatio": 0.2392490723,
        "incomeTaxExpense": 201000000,
        "netIncome": 895000000,
        "netIncomeRatio": 0.1953721895,
        "eps": 5.18,
        "epsdiluted": 5.11,
        "weightedAverageShsOut": 170600000,
        "weightedAverageShsOutDil": 171100000,
        "link": "https://www.sec.gov/Archives/edgar/data/59558/000005955824000048/0000059558-24-000048-index.htm",
        "finalLink": "https://www.sec.gov/Archives/edgar/data/59558/000005955824000048/lnc-20240630.htm"
    },
    {
        "date": "2024-03-31",
        "symbol": "LNC",
        "reportedCurrency": "USD",
        "cik": "0000059558",
        "fillingDate": "2024-05-02",
        "acceptedDate": "2024-05-02 14:50:32",
        "calendarYear": "2024",
        "period": "Q1",
        "revenue": 4114000000,
        "costOfRevenue": 2676000000,
        "grossProfit": 4116000000,
        "grossProfitRatio": 1.0004861449,
        "researchAndDevelopmentExpenses": 0,
        "generalAndAdministrativeExpenses": 0,
        "sellingAndMarketingExpenses": 0,
        "sellingGeneralAndAdministrativeExpenses": 0,
        "otherExpenses": -91000000,
        "operatingExpenses": -91000000,
        "costAndExpenses": 2589000000,
        "interestIncome": 0,
        "interestExpense": 81000000,
        "depreciationAndAmortization": 0,
        "ebitda": 1609000000,
        "ebitdaratio": 0.3911035489,
        "operatingIncome": 1621000000,
        "operatingIncomeRatio": 0.3940204181,
        "totalOtherIncomeExpensesNet": -93000000,
        "incomeBeforeTax": 1528000000,
        "incomeBeforeTaxRatio": 0.3714146816,
        "incomeTaxExpense": 306000000,
        "netIncome": 1222000000,
        "netIncomeRatio": 0.2970345163,
        "eps": 6.99,
        "epsdiluted": 6.93,
        "weightedAverageShsOut": 170000000,
        "weightedAverageShsOutDil": 171100000,
        "link": "https://www.sec.gov/Archives/edgar/data/59558/000005955824000024/0000059558-24-000024-index.htm",
        "finalLink": "https://www.sec.gov/Archives/edgar/data/59558/000005955824000024/lnc-20240331.htm"
    },
    {
        "date": "2023-12-31",
        "symbol": "LNC",
        "reportedCurrency": "USD",
        "cik": "0000059558",
        "fillingDate": "2024-02-22",
        "acceptedDate": "2024-02-22 17:11:08",
        "calendarYear": "2023",
        "period": "Q4",
        "revenue": 250000000,
        "costOfRevenue": 81000000,
        "grossProfit": 720000000,
        "grossProfitRatio": 2.88,
        "researchAndDevelopmentExpenses": 0,
        "generalAndAdministrativeExpenses": 2543000000,
        "sellingAndMarketingExpenses": 526000000,
        "sellingGeneralAndAdministrativeExpenses": 3069000000,
        "otherExpenses": -1536000000,
        "operatingExpenses": 1533000000,
        "costAndExpenses": 1748000000,
        "interestIncome": 0,
        "interestExpense": 81000000,
        "depreciationAndAmortization": 0,
        "ebitda": -1532000000,
        "ebitdaratio": -6.128,
        "operatingIncome": -1498000000,
        "operatingIncomeRatio": -5.992,
        "totalOtherIncomeExpensesNet": -115000000,
        "incomeBeforeTax": -1613000000,
        "incomeBeforeTaxRatio": -6.452,
        "incomeTaxExpense": -378000000,
        "netIncome": -1235000000,
        "netIncomeRatio": -4.94,
        "eps": -7.34,
        "epsdiluted": -7.34,
        "weightedAverageShsOut": 169661997,
        "weightedAverageShsOutDil": 169661997,
        "link": "https://www.sec.gov/Archives/edgar/data/59558/000005955824000013/0000059558-24-000013-index.htm",
        "finalLink": "https://www.sec.gov/Archives/edgar/data/59558/000005955824000013/lnc-20231231.htm"
    },
    {
        "date": "2023-09-30",
        "symbol": "LNC",
        "reportedCurrency": "USD",
        "cik": "0000059558",
        "fillingDate": "2023-11-02",
        "acceptedDate": "2023-11-02 12:40:07",
        "calendarYear": "2023",
        "period": "Q3",
        "revenue": 4203000000,
        "costOfRevenue": 4312000000,
        "grossProfit": -109000000,
        "grossProfitRatio": -0.0259338568,
        "researchAndDevelopmentExpenses": 0,
        "generalAndAdministrativeExpenses": 0,
        "sellingAndMarketingExpenses": 0,
        "sellingGeneralAndAdministrativeExpenses": 0,
        "otherExpenses": 1131000000,
        "operatingExpenses": 1131000000,
        "costAndExpenses": 3169000000,
        "interestIncome": 0,
        "interestExpense": 84000000,
        "depreciationAndAmortization": 115000000,
        "ebitda": 0,
        "ebitdaratio": 0,
        "operatingIncome": 1022000000,
        "operatingIncomeRatio": 0.2431596479,
        "totalOtherIncomeExpensesNet": -3169000000,
        "incomeBeforeTax": 1022000000,
        "incomeBeforeTaxRatio": 0.2431596479,
        "incomeTaxExpense": 215000000,
        "netIncome": 853000000,
        "netIncomeRatio": 0.2029502736,
        "eps": 4.83,
        "epsdiluted": 4.79,
        "weightedAverageShsOut": 169645881,
        "weightedAverageShsOutDil": 170890502,
        "link": "https://www.sec.gov/Archives/edgar/data/59558/000005955823000058/0000059558-23-000058-index.htm",
        "finalLink": "https://www.sec.gov/Archives/edgar/data/59558/000005955823000058/lnc-20230930x10q.htm"
    },
    {
        "date": "2023-06-30",
        "symbol": "LNC",
        "reportedCurrency": "USD",
        "cik": "0000059558",
        "fillingDate": "2023-08-03",
        "acceptedDate": "2023-08-03 13:47:52",
        "calendarYear": "2023",
        "period": "Q2",
        "revenue": 2935000000,
        "costOfRevenue": 2446000000,
        "grossProfit": 489000000,
        "grossProfitRatio": 0.1666098807,
        "researchAndDevelopmentExpenses": 0,
        "generalAndAdministrativeExpenses": 0,
        "sellingAndMarketingExpenses": 0,
        "sellingGeneralAndAdministrativeExpenses": 0,
        "otherExpenses": 286000000,
        "operatingExpenses": 286000000,
        "costAndExpenses": 2333000000,
        "interestIncome": 0,
        "interestExpense": 84000000,
        "depreciationAndAmortization": 1406000000,
        "ebitda": 0,
        "ebitdaratio": 0,
        "operatingIncome": 775000000,
        "operatingIncomeRatio": 0.2640545145,
        "totalOtherIncomeExpensesNet": -2333000000,
        "incomeBeforeTax": 602000000,
        "incomeBeforeTaxRatio": 0.2051107325,
        "incomeTaxExpense": 91000000,
        "netIncome": 511000000,
        "netIncomeRatio": 0.1741056218,
        "eps": 2.96,
        "epsdiluted": 2.94,
        "weightedAverageShsOut": 169581636,
        "weightedAverageShsOutDil": 170497507,
        "link": "https://www.sec.gov/Archives/edgar/data/59558/000005955823000047/0000059558-23-000047-index.htm",
        "finalLink": "https://www.sec.gov/Archives/edgar/data/59558/000005955823000047/lnc-20230630x10q.htm"
    },
    {
        "date": "2023-03-31",
        "symbol": "LNC",
        "reportedCurrency": "USD",
        "cik": "0000059558",
        "fillingDate": "2023-05-10",
        "acceptedDate": "2023-05-10 12:58:55",
        "calendarYear": "2023",
        "period": "Q1",
        "revenue": 3814000000,
        "costOfRevenue": 0,
        "grossProfit": 3814000000,
        "grossProfitRatio": 1,
        "researchAndDevelopmentExpenses": 0,
        "generalAndAdministrativeExpenses": 0,
        "sellingAndMarketingExpenses": 0,
        "sellingGeneralAndAdministrativeExpenses": 0,
        "otherExpenses": -4901000000,
        "operatingExpenses": -4901000000,
        "costAndExpenses": 4984000000,
        "interestIncome": 0,
        "interestExpense": 83000000,
        "depreciationAndAmortization": 1087000000,
        "ebitda": 0,
        "ebitdaratio": 0,
        "operatingIncome": -1087000000,
        "operatingIncomeRatio": -0.2850026219,
        "totalOtherIncomeExpensesNet": -74000000,
        "incomeBeforeTax": -1170000000,
        "incomeBeforeTaxRatio": -0.3067645517,
        "incomeTaxExpense": -289000000,
        "netIncome": -881000000,
        "netIncomeRatio": -0.2309910855,
        "eps": -5.2,
        "epsdiluted": -5.2,
        "weightedAverageShsOut": 169357846,
        "weightedAverageShsOutDil": 169357846,
        "link": "https://www.sec.gov/Archives/edgar/data/59558/000005955823000031/0000059558-23-000031-index.htm",
        "finalLink": "https://www.sec.gov/Archives/edgar/data/59558/000005955823000031/lnc-20230331x10q.htm"
    },
    {
        "date": "2022-12-31",
        "symbol": "LNC",
        "reportedCurrency": "USD",
        "cik": "0000059558",
        "fillingDate": "2023-03-30",
        "acceptedDate": "2023-03-30 17:13:26",
        "calendarYear": "2022",
        "period": "Q4",
        "revenue": 3841000000,
        "costOfRevenue": 0,
        "grossProfit": 3841000000,
        "grossProfitRatio": 1,
        "researchAndDevelopmentExpenses": 0,
        "generalAndAdministrativeExpenses": 0,
        "sellingAndMarketingExpenses": 0,
        "sellingGeneralAndAdministrativeExpenses": 0,
        "otherExpenses": -4835000000,
        "operatingExpenses": -4835000000,
        "costAndExpenses": 2856000000,
        "interestIncome": 0,
        "interestExpense": 78000000,
        "depreciationAndAmortization": 507000000,
        "ebitda": 43000000,
        "ebitdaratio": 0.0111950013,
        "operatingIncome": 1062000000,
        "operatingIncomeRatio": 0.2764904973,
        "totalOtherIncomeExpensesNet": -2606000000,
        "incomeBeforeTax": 985000000,
        "incomeBeforeTaxRatio": 0.2564436345,
        "incomeTaxExpense": 173000000,
        "netIncome": 812000000,
        "netIncomeRatio": 0.2114032804,
        "eps": 4.8,
        "epsdiluted": 4.76,
        "weightedAverageShsOut": 169217427,
        "weightedAverageShsOutDil": 170632350,
        "link": "https://www.sec.gov/Archives/edgar/data/59558/000005955823000019/0000059558-23-000019-index.htm",
        "finalLink": "https://www.sec.gov/Archives/edgar/data/59558/000005955823000019/lnc-20221231x10ka.htm"
    },
    {
        "date": "2022-09-30",
        "symbol": "LNC",
        "reportedCurrency": "USD",
        "cik": "0000059558",
        "fillingDate": "2022-11-03",
        "acceptedDate": "2022-11-03 12:42:17",
        "calendarYear": "2022",
        "period": "Q3",
        "revenue": 4798000000,
        "costOfRevenue": 0,
        "grossProfit": 4798000000,
        "grossProfitRatio": 1,
        "researchAndDevelopmentExpenses": 0,
        "generalAndAdministrativeExpenses": 0,
        "sellingAndMarketingExpenses": 0,
        "sellingGeneralAndAdministrativeExpenses": 0,
        "otherExpenses": -7864000000,
        "operatingExpenses": -7864000000,
        "costAndExpenses": 7935000000,
        "interestIncome": 0,
        "interestExpense": 71000000,
        "depreciationAndAmortization": -517000000,
        "ebitda": -3066000000,
        "ebitdaratio": -0.6390162568,
        "operatingIncome": -3066000000,
        "operatingIncomeRatio": -0.6390162568,
        "totalOtherIncomeExpensesNet": -2126000000,
        "incomeBeforeTax": -3137000000,
        "incomeBeforeTaxRatio": -0.6538140892,
        "incomeTaxExpense": -563000000,
        "netIncome": -2574000000,
        "netIncomeRatio": -0.5364735306,
        "eps": -15.21,
        "epsdiluted": -15.08,
        "weightedAverageShsOut": 169214493,
        "weightedAverageShsOutDil": 170658861,
        "link": "https://www.sec.gov/Archives/edgar/data/59558/000005955822000043/0000059558-22-000043-index.htm",
        "finalLink": "https://www.sec.gov/Archives/edgar/data/59558/000005955822000043/lnc-20220930x10q.htm"
    },
    {
        "date": "2022-06-30",
        "symbol": "LNC",
        "reportedCurrency": "USD",
        "cik": "0000059558",
        "fillingDate": "2022-08-04",
        "acceptedDate": "2022-08-04 11:37:07",
        "calendarYear": "2022",
        "period": "Q2",
        "revenue": 5104000000,
        "costOfRevenue": 0,
        "grossProfit": 5104000000,
        "grossProfitRatio": 1,
        "researchAndDevelopmentExpenses": 0,
        "generalAndAdministrativeExpenses": 0,
        "sellingAndMarketingExpenses": 0,
        "sellingGeneralAndAdministrativeExpenses": 0,
        "otherExpenses": 4835000000,
        "operatingExpenses": 4835000000,
        "costAndExpenses": 4835000000,
        "interestIncome": 0,
        "interestExpense": 68000000,
        "depreciationAndAmortization": -1706000000,
        "ebitda": 337000000,
        "ebitdaratio": 0.0660266458,
        "operatingIncome": 337000000,
        "operatingIncomeRatio": 0.0660266458,
        "totalOtherIncomeExpensesNet": 1032000000,
        "incomeBeforeTax": 269000000,
        "incomeBeforeTaxRatio": 0.0527037618,
        "incomeTaxExpense": 31000000,
        "netIncome": 238000000,
        "netIncomeRatio": 0.046630094,
        "eps": 1.39,
        "epsdiluted": 1.39,
        "weightedAverageShsOut": 171130192,
        "weightedAverageShsOutDil": 171556357,
        "link": "https://www.sec.gov/Archives/edgar/data/59558/000005955822000038/0000059558-22-000038-index.htm",
        "finalLink": "https://www.sec.gov/Archives/edgar/data/59558/000005955822000038/lnc-20220630x10q.htm"
    },
    {
        "date": "2022-03-31",
        "symbol": "LNC",
        "reportedCurrency": "USD",
        "cik": "0000059558",
        "fillingDate": "2022-05-05",
        "acceptedDate": "2022-05-05 12:55:09",
        "calendarYear": "2022",
        "period": "Q1",
        "revenue": 4687000000,
        "costOfRevenue": 4674000000,
        "grossProfit": 13000000,
        "grossProfitRatio": 0.0027736292,
        "researchAndDevelopmentExpenses": 0,
        "generalAndAdministrativeExpenses": 0,
        "sellingAndMarketingExpenses": 0,
        "sellingGeneralAndAdministrativeExpenses": 0,
        "otherExpenses": 145000000,
        "operatingExpenses": 145000000,
        "costAndExpenses": 4595000000,
        "interestIncome": 0,
        "interestExpense": 66000000,
        "depreciationAndAmortization": -614000000,
        "ebitda": 158000000,
        "ebitdaratio": 0.0337102624,
        "operatingIncome": 158000000,
        "operatingIncomeRatio": 0.0337102624,
        "totalOtherIncomeExpensesNet": 1835000000,
        "incomeBeforeTax": 92000000,
        "incomeBeforeTaxRatio": 0.0196287604,
        "incomeTaxExpense": -12000000,
        "netIncome": 104000000,
        "netIncomeRatio": 0.0221890335,
        "eps": 0.61,
        "epsdiluted": 0.6,
        "weightedAverageShsOut": 171890974,
        "weightedAverageShsOutDil": 173761296,
        "link": "https://www.sec.gov/Archives/edgar/data/59558/000005955822000022/0000059558-22-000022-index.htm",
        "finalLink": "https://www.sec.gov/Archives/edgar/data/59558/000005955822000022/lnc-20220331x10q.htm"
    },
    {
        "date": "2021-12-31",
        "symbol": "LNC",
        "reportedCurrency": "USD",
        "cik": "0000059558",
        "fillingDate": "2022-02-17",
        "acceptedDate": "2022-02-17 14:16:21",
        "calendarYear": "2021",
        "period": "Q4",
        "revenue": 4604000000,
        "costOfRevenue": 44000000,
        "grossProfit": 4560000000,
        "grossProfitRatio": 0.990443093,
        "researchAndDevelopmentExpenses": 0,
        "generalAndAdministrativeExpenses": 0,
        "sellingAndMarketingExpenses": 0,
        "sellingGeneralAndAdministrativeExpenses": 0,
        "otherExpenses": -3277000000,
        "operatingExpenses": -3277000000,
        "costAndExpenses": 4367000000,
        "interestIncome": 0,
        "interestExpense": 66000000,
        "depreciationAndAmortization": -943000000,
        "ebitda": 0,
        "ebitdaratio": 0,
        "operatingIncome": 1283000000,
        "operatingIncomeRatio": 0.2786707211,
        "totalOtherIncomeExpensesNet": -47000000,
        "incomeBeforeTax": 237000000,
        "incomeBeforeTaxRatio": 0.0514769765,
        "incomeTaxExpense": 17000000,
        "netIncome": 220000000,
        "netIncomeRatio": 0.0477845352,
        "eps": 1.24,
        "epsdiluted": 1.2,
        "weightedAverageShsOut": 177193515,
        "weightedAverageShsOutDil": 183333333,
        "link": "https://www.sec.gov/Archives/edgar/data/59558/000005955822000008/0000059558-22-000008-index.htm",
        "finalLink": "https://www.sec.gov/Archives/edgar/data/59558/000005955822000008/lnc-20211231x10k.htm"
    },
    {
        "date": "2021-09-30",
        "symbol": "LNC",
        "reportedCurrency": "USD",
        "cik": "0000059558",
        "fillingDate": "2021-11-04",
        "acceptedDate": "2021-11-04 12:34:42",
        "calendarYear": "2021",
        "period": "Q3",
        "revenue": 5241000000,
        "costOfRevenue": 38000000,
        "grossProfit": 5203000000,
        "grossProfitRatio": 0.9927494753,
        "researchAndDevelopmentExpenses": 0,
        "generalAndAdministrativeExpenses": 0,
        "sellingAndMarketingExpenses": 0,
        "sellingGeneralAndAdministrativeExpenses": 0,
        "otherExpenses": -4762000000,
        "operatingExpenses": -4762000000,
        "costAndExpenses": 4873000000,
        "interestIncome": 0,
        "interestExpense": 73000000,
        "depreciationAndAmortization": -463000000,
        "ebitda": 0,
        "ebitdaratio": 0,
        "operatingIncome": 441000000,
        "operatingIncomeRatio": 0.0841442473,
        "totalOtherIncomeExpensesNet": -4873000000,
        "incomeBeforeTax": 368000000,
        "incomeBeforeTaxRatio": 0.0702156077,
        "incomeTaxExpense": 50000000,
        "netIncome": 318000000,
        "netIncomeRatio": 0.0606754436,
        "eps": 1.7,
        "epsdiluted": 1.68,
        "weightedAverageShsOut": 186089222,
        "weightedAverageShsOutDil": 188103623,
        "link": "https://www.sec.gov/Archives/edgar/data/59558/000005955821000051/0000059558-21-000051-index.htm",
        "finalLink": "https://www.sec.gov/Archives/edgar/data/59558/000005955821000051/lnc-20210930x10q.htm"
    },
    {
        "date": "2021-06-30",
        "symbol": "LNC",
        "reportedCurrency": "USD",
        "cik": "0000059558",
        "fillingDate": "2021-08-05",
        "acceptedDate": "2021-08-05 10:55:40",
        "calendarYear": "2021",
        "period": "Q2",
        "revenue": 4851000000,
        "costOfRevenue": 8000000,
        "grossProfit": 4843000000,
        "grossProfitRatio": 0.9983508555,
        "researchAndDevelopmentExpenses": 0,
        "generalAndAdministrativeExpenses": 0,
        "sellingAndMarketingExpenses": 0,
        "sellingGeneralAndAdministrativeExpenses": 0,
        "otherExpenses": -4006000000,
        "operatingExpenses": -4006000000,
        "costAndExpenses": 4079000000,
        "interestIncome": 0,
        "interestExpense": 65000000,
        "depreciationAndAmortization": -858000000,
        "ebitda": 0,
        "ebitdaratio": 0,
        "operatingIncome": 837000000,
        "operatingIncomeRatio": 0.172541744,
        "totalOtherIncomeExpensesNet": -4079000000,
        "incomeBeforeTax": 772000000,
        "incomeBeforeTaxRatio": 0.1591424449,
        "incomeTaxExpense": 130000000,
        "netIncome": 642000000,
        "netIncomeRatio": 0.1323438466,
        "eps": 3.38,
        "epsdiluted": 3.34,
        "weightedAverageShsOut": 189089948,
        "weightedAverageShsOutDil": 191389750,
        "link": "https://www.sec.gov/Archives/edgar/data/59558/000005955821000040/0000059558-21-000040-index.htm",
        "finalLink": "https://www.sec.gov/Archives/edgar/data/59558/000005955821000040/lnc-20210630x10q.htm"
    },
    {
        "date": "2021-03-31",
        "symbol": "LNC",
        "reportedCurrency": "USD",
        "cik": "0000059558",
        "fillingDate": "2021-05-06",
        "acceptedDate": "2021-05-06 11:12:49",
        "calendarYear": "2021",
        "period": "Q1",
        "revenue": 4534000000,
        "costOfRevenue": 0,
        "grossProfit": 4534000000,
        "grossProfitRatio": 1,
        "researchAndDevelopmentExpenses": 0,
        "generalAndAdministrativeExpenses": 0,
        "sellingAndMarketingExpenses": 0,
        "sellingGeneralAndAdministrativeExpenses": 0,
        "otherExpenses": -4207000000,
        "operatingExpenses": -4207000000,
        "costAndExpenses": 4272000000,
        "interestIncome": 0,
        "interestExpense": 65000000,
        "depreciationAndAmortization": -340000000,
        "ebitda": 0,
        "ebitdaratio": 0,
        "operatingIncome": 327000000,
        "operatingIncomeRatio": 0.0721217468,
        "totalOtherIncomeExpensesNet": -4272000000,
        "incomeBeforeTax": 262000000,
        "incomeBeforeTaxRatio": 0.0577856198,
        "incomeTaxExpense": 37000000,
        "netIncome": 225000000,
        "netIncomeRatio": 0.0496250551,
        "eps": 1.17,
        "epsdiluted": 1.16,
        "weightedAverageShsOut": 191149192,
        "weightedAverageShsOutDil": 192464319,
        "link": "https://www.sec.gov/Archives/edgar/data/59558/000005955821000017/0000059558-21-000017-index.htm",
        "finalLink": "https://www.sec.gov/Archives/edgar/data/59558/000005955821000017/lnc-20210331x10q.htm"
    },
    {
        "date": "2020-12-31",
        "symbol": "LNC",
        "reportedCurrency": "USD",
        "cik": "0000059558",
        "fillingDate": "2021-02-18",
        "acceptedDate": "2021-02-18 09:42:36",
        "calendarYear": "2020",
        "period": "Q4",
        "revenue": 4135000000,
        "costOfRevenue": 0,
        "grossProfit": 4135000000,
        "grossProfitRatio": 1,
        "researchAndDevelopmentExpenses": 0,
        "generalAndAdministrativeExpenses": 2072000000,
        "sellingAndMarketingExpenses": 493000000,
        "sellingGeneralAndAdministrativeExpenses": 2565000000,
        "otherExpenses": 5579000000,
        "operatingExpenses": 5579000000,
        "costAndExpenses": 4046000000,
        "interestIncome": 0,
        "interestExpense": 66000000,
        "depreciationAndAmortization": -198000000,
        "ebitda": 0,
        "ebitdaratio": 0,
        "operatingIncome": 983000,
        "operatingIncomeRatio": 0.0002377267,
        "totalOtherIncomeExpensesNet": -1482000000,
        "incomeBeforeTax": 89000000,
        "incomeBeforeTaxRatio": 0.0215235792,
        "incomeTaxExpense": -54000000,
        "netIncome": 143000000,
        "netIncomeRatio": 0.0345828295,
        "eps": 0.74,
        "epsdiluted": 0.74,
        "weightedAverageShsOut": 192329691,
        "weightedAverageShsOutDil": 193900000,
        "link": "https://www.sec.gov/Archives/edgar/data/59558/000005955821000011/0000059558-21-000011-index.htm",
        "finalLink": "https://www.sec.gov/Archives/edgar/data/59558/000005955821000011/lnc-20201231x10k.htm"
    },
    {
        "date": "2020-09-30",
        "symbol": "LNC",
        "reportedCurrency": "USD",
        "cik": "0000059558",
        "fillingDate": "2020-11-05",
        "acceptedDate": "2020-11-05 11:56:32",
        "calendarYear": "2020",
        "period": "Q3",
        "revenue": 5361000000,
        "costOfRevenue": 0,
        "grossProfit": 5361000000,
        "grossProfitRatio": 1,
        "researchAndDevelopmentExpenses": 0,
        "generalAndAdministrativeExpenses": 0,
        "sellingAndMarketingExpenses": 0,
        "sellingGeneralAndAdministrativeExpenses": 0,
        "otherExpenses": -4835000000,
        "operatingExpenses": -4835000000,
        "costAndExpenses": 4901000000,
        "interestIncome": 0,
        "interestExpense": 66000000,
        "depreciationAndAmortization": -546000000,
        "ebitda": 0,
        "ebitdaratio": 0,
        "operatingIncome": 526000000,
        "operatingIncomeRatio": 0.0981160231,
        "totalOtherIncomeExpensesNet": -4901000000,
        "incomeBeforeTax": 460000000,
        "incomeBeforeTaxRatio": 0.0858048871,
        "incomeTaxExpense": 62000000,
        "netIncome": 398000000,
        "netIncomeRatio": 0.0742398806,
        "eps": 2.06,
        "epsdiluted": 2.01,
        "weightedAverageShsOut": 193254948,
        "weightedAverageShsOutDil": 195331049,
        "link": "https://www.sec.gov/Archives/edgar/data/59558/000005955820000051/0000059558-20-000051-index.htm",
        "finalLink": "https://www.sec.gov/Archives/edgar/data/59558/000005955820000051/lnc-20200930x10q.htm"
    },
    {
        "date": "2020-06-30",
        "symbol": "LNC",
        "reportedCurrency": "USD",
        "cik": "0000059558",
        "fillingDate": "2020-08-06",
        "acceptedDate": "2020-08-06 12:03:32",
        "calendarYear": "2020",
        "period": "Q2",
        "revenue": 3517000000,
        "costOfRevenue": 0,
        "grossProfit": 3517000000,
        "grossProfitRatio": 1,
        "researchAndDevelopmentExpenses": 0,
        "generalAndAdministrativeExpenses": 0,
        "sellingAndMarketingExpenses": 0,
        "sellingGeneralAndAdministrativeExpenses": 0,
        "otherExpenses": 3594000000,
        "operatingExpenses": 3594000000,
        "costAndExpenses": 3678000000,
        "interestIncome": 0,
        "interestExpense": 84000000,
        "depreciationAndAmortization": 63000000,
        "ebitda": 0,
        "ebitdaratio": 0,
        "operatingIncome": -77000000,
        "operatingIncomeRatio": -0.0218936594,
        "totalOtherIncomeExpensesNet": -161000000,
        "incomeBeforeTax": -161000000,
        "incomeBeforeTaxRatio": -0.0457776514,
        "incomeTaxExpense": -67000000,
        "netIncome": -94000000,
        "netIncomeRatio": -0.0267273244,
        "eps": -0.49,
        "epsdiluted": -0.49,
        "weightedAverageShsOut": 193228547,
        "weightedAverageShsOutDil": 193776452,
        "link": "https://www.sec.gov/Archives/edgar/data/59558/000005955820000041/0000059558-20-000041-index.htm",
        "finalLink": "https://www.sec.gov/Archives/edgar/data/59558/000005955820000041/lnc-20200630x10q.htm"
    },
    {
        "date": "2020-03-31",
        "symbol": "LNC",
        "reportedCurrency": "USD",
        "cik": "0000059558",
        "fillingDate": "2020-05-07",
        "acceptedDate": "2020-05-07 11:17:31",
        "calendarYear": "2020",
        "period": "Q1",
        "revenue": 4425000000,
        "costOfRevenue": 0,
        "grossProfit": 4425000000,
        "grossProfitRatio": 1,
        "researchAndDevelopmentExpenses": 0,
        "generalAndAdministrativeExpenses": 0,
        "sellingAndMarketingExpenses": 0,
        "sellingGeneralAndAdministrativeExpenses": 0,
        "otherExpenses": 4323000000,
        "operatingExpenses": 4323000000,
        "costAndExpenses": 4391000000,
        "interestIncome": 0,
        "interestExpense": 68000000,
        "depreciationAndAmortization": -114000000,
        "ebitda": 0,
        "ebitdaratio": 0,
        "operatingIncome": 102000000,
        "operatingIncomeRatio": 0.0230508475,
        "totalOtherIncomeExpensesNet": -4391000000,
        "incomeBeforeTax": 34000000,
        "incomeBeforeTaxRatio": 0.0076836158,
        "incomeTaxExpense": -18000000,
        "netIncome": 52000000,
        "netIncomeRatio": 0.0117514124,
        "eps": 0.27,
        "epsdiluted": 0.26,
        "weightedAverageShsOut": 195076797,
        "weightedAverageShsOutDil": 197264842,
        "link": "https://www.sec.gov/Archives/edgar/data/59558/000005955820000024/0000059558-20-000024-index.htm",
        "finalLink": "https://www.sec.gov/Archives/edgar/data/59558/000005955820000024/lnc-20200331x10q.htm"
    },
    {
        "date": "2019-12-31",
        "symbol": "LNC",
        "reportedCurrency": "USD",
        "cik": "0000059558",
        "fillingDate": "2020-02-20",
        "acceptedDate": "2020-02-20 14:00:47",
        "calendarYear": "2019",
        "period": "Q4",
        "revenue": 4344000000,
        "costOfRevenue": -1000000,
        "grossProfit": 4345000000,
        "grossProfitRatio": 1.0002302026,
        "researchAndDevelopmentExpenses": 0,
        "generalAndAdministrativeExpenses": 2210000000,
        "sellingAndMarketingExpenses": 481000000,
        "sellingGeneralAndAdministrativeExpenses": 2691000000,
        "otherExpenses": 5345000000,
        "operatingExpenses": 5345000000,
        "costAndExpenses": 3863000000,
        "interestIncome": 0,
        "interestExpense": 72000000,
        "depreciationAndAmortization": -702000000,
        "ebitda": 0,
        "ebitdaratio": 0,
        "operatingIncome": 553000000,
        "operatingIncomeRatio": 0.1273020258,
        "totalOtherIncomeExpensesNet": -1173000000,
        "incomeBeforeTax": 481000000,
        "incomeBeforeTaxRatio": 0.1107274401,
        "incomeTaxExpense": 50000000,
        "netIncome": 431000000,
        "netIncomeRatio": 0.0992173112,
        "eps": 2.19,
        "epsdiluted": 2.15,
        "weightedAverageShsOut": 196668532,
        "weightedAverageShsOutDil": 200000000,
        "link": "https://www.sec.gov/Archives/edgar/data/59558/000005955820000012/0000059558-20-000012-index.htm",
        "finalLink": "https://www.sec.gov/Archives/edgar/data/59558/000005955820000012/lnc-20191231x10k.htm"
    },
    {
        "date": "2019-09-30",
        "symbol": "LNC",
        "reportedCurrency": "USD",
        "cik": "0000059558",
        "fillingDate": "2019-10-31",
        "acceptedDate": "2019-10-31 12:14:26",
        "calendarYear": "2019",
        "period": "Q3",
        "revenue": 4638000000,
        "costOfRevenue": 0,
        "grossProfit": 4638000000,
        "grossProfitRatio": 1,
        "researchAndDevelopmentExpenses": 0,
        "generalAndAdministrativeExpenses": 0,
        "sellingAndMarketingExpenses": 0,
        "sellingGeneralAndAdministrativeExpenses": 0,
        "otherExpenses": 3223000000,
        "operatingExpenses": 3223000000,
        "costAndExpenses": 4888000000,
        "interestIncome": 0,
        "interestExpense": 113000000,
        "depreciationAndAmortization": 121000000,
        "ebitda": -137000000,
        "ebitdaratio": -0.0295385942,
        "operatingIncome": -137000000,
        "operatingIncomeRatio": -0.0295385942,
        "totalOtherIncomeExpensesNet": -250000000,
        "incomeBeforeTax": -250000000,
        "incomeBeforeTaxRatio": -0.0539025442,
        "incomeTaxExpense": -89000000,
        "netIncome": -161000000,
        "netIncomeRatio": -0.0347132385,
        "eps": -0.81,
        "epsdiluted": -0.8,
        "weightedAverageShsOut": 199200811,
        "weightedAverageShsOutDil": 201561178,
        "link": "https://www.sec.gov/Archives/edgar/data/59558/000005955819000052/0000059558-19-000052-index.htm",
        "finalLink": "https://www.sec.gov/Archives/edgar/data/59558/000005955819000052/lnc-20190930x10q.htm"
    },
    {
        "date": "2019-06-30",
        "symbol": "LNC",
        "reportedCurrency": "USD",
        "cik": "0000059558",
        "fillingDate": "2019-08-01",
        "acceptedDate": "2019-08-01 11:37:31",
        "calendarYear": "2019",
        "period": "Q2",
        "revenue": 4310000000,
        "costOfRevenue": 0,
        "grossProfit": 4310000000,
        "grossProfitRatio": 1,
        "researchAndDevelopmentExpenses": 0,
        "generalAndAdministrativeExpenses": 0,
        "sellingAndMarketingExpenses": 0,
        "sellingGeneralAndAdministrativeExpenses": 0,
        "otherExpenses": 3819000000,
        "operatingExpenses": 3819000000,
        "costAndExpenses": 3889000000,
        "interestIncome": 0,
        "interestExpense": 70000000,
        "depreciationAndAmortization": -506000000,
        "ebitda": 0,
        "ebitdaratio": 0,
        "operatingIncome": 491000000,
        "operatingIncomeRatio": 0.1139211137,
        "totalOtherIncomeExpensesNet": -3889000000,
        "incomeBeforeTax": 421000000,
        "incomeBeforeTaxRatio": 0.0976798144,
        "incomeTaxExpense": 58000000,
        "netIncome": 363000000,
        "netIncomeRatio": 0.0842227378,
        "eps": 1.8,
        "epsdiluted": 1.79,
        "weightedAverageShsOut": 201498137,
        "weightedAverageShsOutDil": 202905913,
        "link": "https://www.sec.gov/Archives/edgar/data/59558/000005955819000041/0000059558-19-000041-index.htm",
        "finalLink": "https://www.sec.gov/Archives/edgar/data/59558/000005955819000041/lnc-20190630x10q.htm"
    },
    {
        "date": "2019-03-31",
        "symbol": "LNC",
        "reportedCurrency": "USD",
        "cik": "0000059558",
        "fillingDate": "2019-05-02",
        "acceptedDate": "2019-05-02 11:46:31",
        "calendarYear": "2019",
        "period": "Q1",
        "revenue": 3965000000,
        "costOfRevenue": 0,
        "grossProfit": 3965000000,
        "grossProfitRatio": 1,
        "researchAndDevelopmentExpenses": 0,
        "generalAndAdministrativeExpenses": 0,
        "sellingAndMarketingExpenses": 0,
        "sellingGeneralAndAdministrativeExpenses": 0,
        "otherExpenses": 3626000000,
        "operatingExpenses": 3626000000,
        "costAndExpenses": 3697000000,
        "interestIncome": 0,
        "interestExpense": 71000000,
        "depreciationAndAmortization": -354000000,
        "ebitda": 0,
        "ebitdaratio": 0,
        "operatingIncome": 339000000,
        "operatingIncomeRatio": 0.0854981084,
        "totalOtherIncomeExpensesNet": -3697000000,
        "incomeBeforeTax": 268000000,
        "incomeBeforeTaxRatio": 0.067591425,
        "incomeTaxExpense": 16000000,
        "netIncome": 252000000,
        "netIncomeRatio": 0.063556116,
        "eps": 1.23,
        "epsdiluted": 1.22,
        "weightedAverageShsOut": 204290759,
        "weightedAverageShsOutDil": 205961663,
        "link": "https://www.sec.gov/Archives/edgar/data/59558/000005955819000016/0000059558-19-000016-index.htm",
        "finalLink": "https://www.sec.gov/Archives/edgar/data/59558/000005955819000016/lnc-20190331x10q.htm"
    },
    {
        "date": "2018-12-31",
        "symbol": "LNC",
        "reportedCurrency": "USD",
        "cik": "0000059558",
        "fillingDate": "2019-02-20",
        "acceptedDate": "2019-02-20 15:18:47",
        "calendarYear": "2018",
        "period": "Q4",
        "revenue": 4531000000,
        "costOfRevenue": 0,
        "grossProfit": 4531000000,
        "grossProfitRatio": 1,
        "researchAndDevelopmentExpenses": 0,
        "generalAndAdministrativeExpenses": 1953000000,
        "sellingAndMarketingExpenses": 465000000,
        "sellingGeneralAndAdministrativeExpenses": 2418000000,
        "otherExpenses": 3995000000,
        "operatingExpenses": 3995000000,
        "costAndExpenses": 4064000000,
        "interestIncome": 0,
        "interestExpense": 69000000,
        "depreciationAndAmortization": -648000000,
        "ebitda": 0,
        "ebitdaratio": 0,
        "operatingIncome": 536000000,
        "operatingIncomeRatio": 0.1182961819,
        "totalOtherIncomeExpensesNet": -1646000000,
        "incomeBeforeTax": 467000000,
        "incomeBeforeTaxRatio": 0.1030677555,
        "incomeTaxExpense": 68000000,
        "netIncome": 399000000,
        "netIncomeRatio": 0.0880600309,
        "eps": 1.88,
        "epsdiluted": 1.8,
        "weightedAverageShsOut": 205862760,
        "weightedAverageShsOutDil": 215000000,
        "link": "https://www.sec.gov/Archives/edgar/data/59558/000005955819000010/0000059558-19-000010-index.htm",
        "finalLink": "https://www.sec.gov/Archives/edgar/data/59558/000005955819000010/lnc-20181231x10k.htm"
    },
    {
        "date": "2018-09-30",
        "symbol": "LNC",
        "reportedCurrency": "USD",
        "cik": "0000059558",
        "fillingDate": "2018-11-02",
        "acceptedDate": "2018-11-02 11:58:45",
        "calendarYear": "2018",
        "period": "Q3",
        "revenue": 4264000000,
        "costOfRevenue": 0,
        "grossProfit": 4264000000,
        "grossProfitRatio": 1,
        "researchAndDevelopmentExpenses": 0,
        "generalAndAdministrativeExpenses": 0,
        "sellingAndMarketingExpenses": 0,
        "sellingGeneralAndAdministrativeExpenses": 0,
        "otherExpenses": 3663000000,
        "operatingExpenses": 3663000000,
        "costAndExpenses": 3732000000,
        "interestIncome": 0,
        "interestExpense": 69000000,
        "depreciationAndAmortization": -619000000,
        "ebitda": 601000000,
        "ebitdaratio": 0.1409474672,
        "operatingIncome": 601000000,
        "operatingIncomeRatio": 0.1409474672,
        "totalOtherIncomeExpensesNet": -3732000000,
        "incomeBeforeTax": 532000000,
        "incomeBeforeTaxRatio": 0.1247654784,
        "incomeTaxExpense": 42000000,
        "netIncome": 490000000,
        "netIncomeRatio": 0.1149155722,
        "eps": 2.27,
        "epsdiluted": 2.24,
        "weightedAverageShsOut": 215901268,
        "weightedAverageShsOutDil": 218469229,
        "link": "https://www.sec.gov/Archives/edgar/data/59558/000005955818000037/0000059558-18-000037-index.htm",
        "finalLink": "https://www.sec.gov/Archives/edgar/data/59558/000005955818000037/lnc-20180930x10q.htm"
    },
    {
        "date": "2018-06-30",
        "symbol": "LNC",
        "reportedCurrency": "USD",
        "cik": "0000059558",
        "fillingDate": "2018-08-02",
        "acceptedDate": "2018-08-02 12:34:24",
        "calendarYear": "2018",
        "period": "Q2",
        "revenue": 4020000000,
        "costOfRevenue": 0,
        "grossProfit": 4020000000,
        "grossProfitRatio": 1,
        "researchAndDevelopmentExpenses": 0,
        "generalAndAdministrativeExpenses": 0,
        "sellingAndMarketingExpenses": 0,
        "sellingGeneralAndAdministrativeExpenses": 0,
        "otherExpenses": 3501000000,
        "operatingExpenses": 3501000000,
        "costAndExpenses": 3569000000,
        "interestIncome": 0,
        "interestExpense": 68000000,
        "depreciationAndAmortization": -535000000,
        "ebitda": 519000000,
        "ebitdaratio": 0.1291044776,
        "operatingIncome": 519000000,
        "operatingIncomeRatio": 0.1291044776,
        "totalOtherIncomeExpensesNet": -3569000000,
        "incomeBeforeTax": 451000000,
        "incomeBeforeTaxRatio": 0.1121890547,
        "incomeTaxExpense": 66000000,
        "netIncome": 385000000,
        "netIncomeRatio": 0.0957711443,
        "eps": 1.76,
        "epsdiluted": 1.7,
        "weightedAverageShsOut": 217997297,
        "weightedAverageShsOutDil": 221604586,
        "link": "https://www.sec.gov/Archives/edgar/data/59558/000005955818000031/0000059558-18-000031-index.htm",
        "finalLink": "https://www.sec.gov/Archives/edgar/data/59558/000005955818000031/lnc-20180630x10q.htm"
    },
    {
        "date": "2018-03-31",
        "symbol": "LNC",
        "reportedCurrency": "USD",
        "cik": "0000059558",
        "fillingDate": "2018-05-03",
        "acceptedDate": "2018-05-03 12:35:31",
        "calendarYear": "2018",
        "period": "Q1",
        "revenue": 3609000000,
        "costOfRevenue": 0,
        "grossProfit": 3609000000,
        "grossProfitRatio": 1,
        "researchAndDevelopmentExpenses": 0,
        "generalAndAdministrativeExpenses": 0,
        "sellingAndMarketingExpenses": 0,
        "sellingGeneralAndAdministrativeExpenses": 0,
        "otherExpenses": 3083000000,
        "operatingExpenses": 3083000000,
        "costAndExpenses": 3174000000,
        "interestIncome": 0,
        "interestExpense": 91000000,
        "depreciationAndAmortization": -541000000,
        "ebitda": 526000000,
        "ebitdaratio": 0.1457467443,
        "operatingIncome": 526000000,
        "operatingIncomeRatio": 0.1457467443,
        "totalOtherIncomeExpensesNet": -3174000000,
        "incomeBeforeTax": 435000000,
        "incomeBeforeTaxRatio": 0.1205320033,
        "incomeTaxExpense": 68000000,
        "netIncome": 367000000,
        "netIncomeRatio": 0.1016902189,
        "eps": 1.68,
        "epsdiluted": 1.64,
        "weightedAverageShsOut": 218368994,
        "weightedAverageShsOutDil": 222287572,
        "link": "https://www.sec.gov/Archives/edgar/data/59558/000005955818000016/0000059558-18-000016-index.htm",
        "finalLink": "https://www.sec.gov/Archives/edgar/data/59558/000005955818000016/lnc-20180331x10q.htm"
    },
    {
        "date": "2017-12-31",
        "symbol": "LNC",
        "reportedCurrency": "USD",
        "cik": "0000059558",
        "fillingDate": "2018-02-22",
        "acceptedDate": "2018-02-22 12:18:10",
        "calendarYear": "2017",
        "period": "Q4",
        "revenue": 3669000000,
        "costOfRevenue": 0,
        "grossProfit": 3669000000,
        "grossProfitRatio": 1,
        "researchAndDevelopmentExpenses": 0,
        "generalAndAdministrativeExpenses": 1766000000,
        "sellingAndMarketingExpenses": 438000000,
        "sellingGeneralAndAdministrativeExpenses": 2204000000,
        "otherExpenses": 3994000000,
        "operatingExpenses": 3994000000,
        "costAndExpenses": 4057000000,
        "interestIncome": 0,
        "interestExpense": 63000000,
        "depreciationAndAmortization": -590000000,
        "ebitda": 0,
        "ebitdaratio": 0,
        "operatingIncome": -325000000,
        "operatingIncomeRatio": -0.0885799945,
        "totalOtherIncomeExpensesNet": -388000000,
        "incomeBeforeTax": -388000000,
        "incomeBeforeTaxRatio": -0.1057508858,
        "incomeTaxExpense": -1204000000,
        "netIncome": 816000000,
        "netIncomeRatio": 0.2224039248,
        "eps": 3.74,
        "epsdiluted": 3.67,
        "weightedAverageShsOut": 218090114,
        "weightedAverageShsOutDil": 221900000,
        "link": "https://www.sec.gov/Archives/edgar/data/59558/000005955818000009/0000059558-18-000009-index.htm",
        "finalLink": "https://www.sec.gov/Archives/edgar/data/59558/000005955818000009/lnc-20171231x10k.htm"
    },
    {
        "date": "2017-09-30",
        "symbol": "LNC",
        "reportedCurrency": "USD",
        "cik": "0000059558",
        "fillingDate": "2017-11-02",
        "acceptedDate": "2017-11-02 12:47:18",
        "calendarYear": "2017",
        "period": "Q3",
        "revenue": 3511000000,
        "costOfRevenue": 0,
        "grossProfit": 3511000000,
        "grossProfitRatio": 1,
        "researchAndDevelopmentExpenses": 0,
        "generalAndAdministrativeExpenses": 0,
        "sellingAndMarketingExpenses": 0,
        "sellingGeneralAndAdministrativeExpenses": 0,
        "otherExpenses": 2938000000,
        "operatingExpenses": 2938000000,
        "costAndExpenses": 3001000000,
        "interestIncome": 0,
        "interestExpense": 63000000,
        "depreciationAndAmortization": -583000000,
        "ebitda": 573000000,
        "ebitdaratio": 0.1632013671,
        "operatingIncome": 573000000,
        "operatingIncomeRatio": 0.1632013671,
        "totalOtherIncomeExpensesNet": -3001000000,
        "incomeBeforeTax": 510000000,
        "incomeBeforeTaxRatio": 0.1452577613,
        "incomeTaxExpense": 92000000,
        "netIncome": 418000000,
        "netIncomeRatio": 0.1190544005,
        "eps": 1.89,
        "epsdiluted": 1.87,
        "weightedAverageShsOut": 220813693,
        "weightedAverageShsOutDil": 223872016,
        "link": "https://www.sec.gov/Archives/edgar/data/59558/000005955817000058/0000059558-17-000058-index.htm",
        "finalLink": "https://www.sec.gov/Archives/edgar/data/59558/000005955817000058/lnc-20170930x10q.htm"
    },
    {
        "date": "2017-06-30",
        "symbol": "LNC",
        "reportedCurrency": "USD",
        "cik": "0000059558",
        "fillingDate": "2017-08-03",
        "acceptedDate": "2017-08-03 11:30:07",
        "calendarYear": "2017",
        "period": "Q2",
        "revenue": 3577000000,
        "costOfRevenue": 0,
        "grossProfit": 3577000000,
        "grossProfitRatio": 1,
        "researchAndDevelopmentExpenses": 0,
        "generalAndAdministrativeExpenses": 0,
        "sellingAndMarketingExpenses": 0,
        "sellingGeneralAndAdministrativeExpenses": 0,
        "otherExpenses": 2981000000,
        "operatingExpenses": 2981000000,
        "costAndExpenses": 3044000000,
        "interestIncome": 0,
        "interestExpense": 63000000,
        "depreciationAndAmortization": -610000000,
        "ebitda": 0,
        "ebitdaratio": 0,
        "operatingIncome": 596000000,
        "operatingIncomeRatio": 0.1666200727,
        "totalOtherIncomeExpensesNet": -3044000000,
        "incomeBeforeTax": 533000000,
        "incomeBeforeTaxRatio": 0.1490075482,
        "incomeTaxExpense": 122000000,
        "netIncome": 411000000,
        "netIncomeRatio": 0.1149007548,
        "eps": 1.84,
        "epsdiluted": 1.81,
        "weightedAverageShsOut": 223555299,
        "weightedAverageShsOutDil": 227313882,
        "link": "https://www.sec.gov/Archives/edgar/data/59558/000005955817000041/0000059558-17-000041-index.htm",
        "finalLink": "https://www.sec.gov/Archives/edgar/data/59558/000005955817000041/lnc-20170630x10q.htm"
    },
    {
        "date": "2017-03-31",
        "symbol": "LNC",
        "reportedCurrency": "USD",
        "cik": "0000059558",
        "fillingDate": "2017-05-04",
        "acceptedDate": "2017-05-04 11:41:24",
        "calendarYear": "2017",
        "period": "Q1",
        "revenue": 3500000000,
        "costOfRevenue": 0,
        "grossProfit": 3500000000,
        "grossProfitRatio": 1,
        "researchAndDevelopmentExpenses": 0,
        "generalAndAdministrativeExpenses": 0,
        "sellingAndMarketingExpenses": 0,
        "sellingGeneralAndAdministrativeExpenses": 0,
        "otherExpenses": 2961000000,
        "operatingExpenses": 2961000000,
        "costAndExpenses": 3025000000,
        "interestIncome": 0,
        "interestExpense": 64000000,
        "depreciationAndAmortization": -548000000,
        "ebitda": 0,
        "ebitdaratio": 0,
        "operatingIncome": 539000000,
        "operatingIncomeRatio": 0.154,
        "totalOtherIncomeExpensesNet": -3025000000,
        "incomeBeforeTax": 475000000,
        "incomeBeforeTaxRatio": 0.1357142857,
        "incomeTaxExpense": 40000000,
        "netIncome": 435000000,
        "netIncomeRatio": 0.1242857143,
        "eps": 1.93,
        "epsdiluted": 1.89,
        "weightedAverageShsOut": 225619803,
        "weightedAverageShsOutDil": 230103505,
        "link": "https://www.sec.gov/Archives/edgar/data/59558/000005955817000020/0000059558-17-000020-index.htm",
        "finalLink": "https://www.sec.gov/Archives/edgar/data/59558/000005955817000020/lnc-20170331x10q.htm"
    },
    {
        "date": "2016-12-31",
        "symbol": "LNC",
        "reportedCurrency": "USD",
        "cik": "0000059558",
        "fillingDate": "2017-02-23",
        "acceptedDate": "2017-02-23 14:27:21",
        "calendarYear": "2016",
        "period": "Q4",
        "revenue": 3254000000,
        "costOfRevenue": 0,
        "grossProfit": 3254000000,
        "grossProfitRatio": 1,
        "researchAndDevelopmentExpenses": 0,
        "generalAndAdministrativeExpenses": 1687000000,
        "sellingAndMarketingExpenses": 418000000,
        "sellingGeneralAndAdministrativeExpenses": 2105000000,
        "otherExpenses": 2929000000,
        "operatingExpenses": 2929000000,
        "costAndExpenses": 3058000000,
        "interestIncome": 0,
        "interestExpense": 129000000,
        "depreciationAndAmortization": -867000000,
        "ebitda": 325000000,
        "ebitdaratio": 0.0998770744,
        "operatingIncome": 1192000000,
        "operatingIncomeRatio": 0.3663183774,
        "totalOtherIncomeExpensesNet": -953000000,
        "incomeBeforeTax": 196000000,
        "incomeBeforeTaxRatio": 0.0602335587,
        "incomeTaxExpense": 6000000,
        "netIncome": 190000000,
        "netIncomeRatio": 0.0583896742,
        "eps": 0.84,
        "epsdiluted": 0.82,
        "weightedAverageShsOut": 226335105,
        "weightedAverageShsOutDil": 230900000,
        "link": "https://www.sec.gov/Archives/edgar/data/59558/000005955817000012/0000059558-17-000012-index.htm",
        "finalLink": "https://www.sec.gov/Archives/edgar/data/59558/000005955817000012/lnc-20161231x10k.htm"
    },
    {
        "date": "2016-09-30",
        "symbol": "LNC",
        "reportedCurrency": "USD",
        "cik": "0000059558",
        "fillingDate": "2016-11-03",
        "acceptedDate": "2016-11-03 11:52:09",
        "calendarYear": "2016",
        "period": "Q3",
        "revenue": 3525000000,
        "costOfRevenue": 0,
        "grossProfit": 3525000000,
        "grossProfitRatio": 1,
        "researchAndDevelopmentExpenses": 0,
        "generalAndAdministrativeExpenses": 0,
        "sellingAndMarketingExpenses": 0,
        "sellingGeneralAndAdministrativeExpenses": 0,
        "otherExpenses": 2847000000,
        "operatingExpenses": 2847000000,
        "costAndExpenses": 2913000000,
        "interestIncome": 0,
        "interestExpense": 66000000,
        "depreciationAndAmortization": -678000000,
        "ebitda": 0,
        "ebitdaratio": 0,
        "operatingIncome": 678000000,
        "operatingIncomeRatio": 0.1923404255,
        "totalOtherIncomeExpensesNet": -66000000,
        "incomeBeforeTax": 612000000,
        "incomeBeforeTaxRatio": 0.1736170213,
        "incomeTaxExpense": 145000000,
        "netIncome": 467000000,
        "netIncomeRatio": 0.1324822695,
        "eps": 2.02,
        "epsdiluted": 2,
        "weightedAverageShsOut": 231041085,
        "weightedAverageShsOutDil": 233662031,
        "link": "https://www.sec.gov/Archives/edgar/data/59558/000005955816000120/0000059558-16-000120-index.htm",
        "finalLink": "https://www.sec.gov/Archives/edgar/data/59558/000005955816000120/lnc-20160930x10q.htm"
    },
    {
        "date": "2016-06-30",
        "symbol": "LNC",
        "reportedCurrency": "USD",
        "cik": "0000059558",
        "fillingDate": "2016-08-04",
        "acceptedDate": "2016-08-04 12:18:24",
        "calendarYear": "2016",
        "period": "Q2",
        "revenue": 3307000000,
        "costOfRevenue": 0,
        "grossProfit": 3307000000,
        "grossProfitRatio": 1,
        "researchAndDevelopmentExpenses": 0,
        "generalAndAdministrativeExpenses": 0,
        "sellingAndMarketingExpenses": 0,
        "sellingGeneralAndAdministrativeExpenses": 0,
        "otherExpenses": 2825000000,
        "operatingExpenses": 2825000000,
        "costAndExpenses": 2893000000,
        "interestIncome": 0,
        "interestExpense": 68000000,
        "depreciationAndAmortization": -482000000,
        "ebitda": 0,
        "ebitdaratio": 0,
        "operatingIncome": 482000000,
        "operatingIncomeRatio": 0.1457514363,
        "totalOtherIncomeExpensesNet": -2893000000,
        "incomeBeforeTax": 414000000,
        "incomeBeforeTaxRatio": 0.125188993,
        "incomeTaxExpense": 89000000,
        "netIncome": 325000000,
        "netIncomeRatio": 0.0982763834,
        "eps": 1.37,
        "epsdiluted": 1.35,
        "weightedAverageShsOut": 236463183,
        "weightedAverageShsOutDil": 239896939,
        "link": "https://www.sec.gov/Archives/edgar/data/59558/000005955816000107/0000059558-16-000107-index.htm",
        "finalLink": "https://www.sec.gov/Archives/edgar/data/59558/000005955816000107/lnc-20160630x10q.htm"
    },
    {
        "date": "2016-03-31",
        "symbol": "LNC",
        "reportedCurrency": "USD",
        "cik": "0000059558",
        "fillingDate": "2016-05-05",
        "acceptedDate": "2016-05-05 12:09:05",
        "calendarYear": "2016",
        "period": "Q1",
        "revenue": 3243000000,
        "costOfRevenue": 0,
        "grossProfit": 3243000000,
        "grossProfitRatio": 1,
        "researchAndDevelopmentExpenses": 0,
        "generalAndAdministrativeExpenses": 0,
        "sellingAndMarketingExpenses": 0,
        "sellingGeneralAndAdministrativeExpenses": 0,
        "otherExpenses": 2940000000,
        "operatingExpenses": 2940000000,
        "costAndExpenses": 3008000000,
        "interestIncome": 0,
        "interestExpense": 68000000,
        "depreciationAndAmortization": -303000000,
        "ebitda": 0,
        "ebitdaratio": 0,
        "operatingIncome": 303000000,
        "operatingIncomeRatio": 0.0934320074,
        "totalOtherIncomeExpensesNet": -3008000000,
        "incomeBeforeTax": 235000000,
        "incomeBeforeTaxRatio": 0.0724637681,
        "incomeTaxExpense": 27000000,
        "netIncome": 208000000,
        "netIncomeRatio": 0.0641381437,
        "eps": 0.87,
        "epsdiluted": 0.83,
        "weightedAverageShsOut": 241676363,
        "weightedAverageShsOutDil": 245095900,
        "link": "https://www.sec.gov/Archives/edgar/data/59558/000005955816000088/0000059558-16-000088-index.htm",
        "finalLink": "https://www.sec.gov/Archives/edgar/data/59558/000005955816000088/lnc-20160331x10q.htm"
    },
    {
        "date": "2015-12-31",
        "symbol": "LNC",
        "reportedCurrency": "USD",
        "cik": "0000059558",
        "fillingDate": "2016-02-25",
        "acceptedDate": "2016-02-25 11:51:31",
        "calendarYear": "2015",
        "period": "Q4",
        "revenue": 3172000000,
        "costOfRevenue": 0,
        "grossProfit": 3172000000,
        "grossProfitRatio": 1,
        "researchAndDevelopmentExpenses": 0,
        "generalAndAdministrativeExpenses": 1701000000,
        "sellingAndMarketingExpenses": 432000000,
        "sellingGeneralAndAdministrativeExpenses": 2162000000,
        "otherExpenses": 2752000000,
        "operatingExpenses": 2752000000,
        "costAndExpenses": 2821000000,
        "interestIncome": 0,
        "interestExpense": 68000000,
        "depreciationAndAmortization": -734000000,
        "ebitda": 420000000,
        "ebitdaratio": 0.132408575,
        "operatingIncome": 1154000000,
        "operatingIncomeRatio": 0.3638083228,
        "totalOtherIncomeExpensesNet": -659000000,
        "incomeBeforeTax": 351000000,
        "incomeBeforeTaxRatio": 0.1106557377,
        "incomeTaxExpense": 68000000,
        "netIncome": 283000000,
        "netIncomeRatio": 0.0892181589,
        "eps": 1.16,
        "epsdiluted": 1.14,
        "weightedAverageShsOut": 243835893,
        "weightedAverageShsOutDil": 248900000,
        "link": "https://www.sec.gov/Archives/edgar/data/59558/000005955816000077/0000059558-16-000077-index.htm",
        "finalLink": "https://www.sec.gov/Archives/edgar/data/59558/000005955816000077/lnc-20151231x10k.htm"
    },
    {
        "date": "2015-09-30",
        "symbol": "LNC",
        "reportedCurrency": "USD",
        "cik": "0000059558",
        "fillingDate": "2015-10-29",
        "acceptedDate": "2015-10-29 13:07:09",
        "calendarYear": "2015",
        "period": "Q3",
        "revenue": 3716000000,
        "costOfRevenue": 0,
        "grossProfit": 3716000000,
        "grossProfitRatio": 1,
        "researchAndDevelopmentExpenses": 0,
        "generalAndAdministrativeExpenses": 0,
        "sellingAndMarketingExpenses": 0,
        "sellingGeneralAndAdministrativeExpenses": 0,
        "otherExpenses": 3381000000,
        "operatingExpenses": 3381000000,
        "costAndExpenses": 3448000000,
        "interestIncome": 0,
        "interestExpense": 67000000,
        "depreciationAndAmortization": -335000000,
        "ebitda": 0,
        "ebitdaratio": 0,
        "operatingIncome": 335000000,
        "operatingIncomeRatio": 0.0901506997,
        "totalOtherIncomeExpensesNet": -3448000000,
        "incomeBeforeTax": 268000000,
        "incomeBeforeTaxRatio": 0.0721205597,
        "incomeTaxExpense": 41000000,
        "netIncome": 227000000,
        "netIncomeRatio": 0.0610871905,
        "eps": 0.91,
        "epsdiluted": 0.87,
        "weightedAverageShsOut": 249227641,
        "weightedAverageShsOutDil": 253210611,
        "link": "https://www.sec.gov/Archives/edgar/data/59558/000005955815000056/0000059558-15-000056-index.htm",
        "finalLink": "https://www.sec.gov/Archives/edgar/data/59558/000005955815000056/lnc-20150930x10q.htm"
    },
    {
        "date": "2015-06-30",
        "symbol": "LNC",
        "reportedCurrency": "USD",
        "cik": "0000059558",
        "fillingDate": "2015-07-30",
        "acceptedDate": "2015-07-30 14:54:00",
        "calendarYear": "2015",
        "period": "Q2",
        "revenue": 3381000000,
        "costOfRevenue": 0,
        "grossProfit": 3381000000,
        "grossProfitRatio": 1,
        "researchAndDevelopmentExpenses": 0,
        "generalAndAdministrativeExpenses": 0,
        "sellingAndMarketingExpenses": 0,
        "sellingGeneralAndAdministrativeExpenses": 0,
        "otherExpenses": 2863000000,
        "operatingExpenses": 2863000000,
        "costAndExpenses": 2932000000,
        "interestIncome": 0,
        "interestExpense": 69000000,
        "depreciationAndAmortization": -518000000,
        "ebitda": 0,
        "ebitdaratio": 0,
        "operatingIncome": 518000000,
        "operatingIncomeRatio": 0.1532091097,
        "totalOtherIncomeExpensesNet": -2932000000,
        "incomeBeforeTax": 449000000,
        "incomeBeforeTaxRatio": 0.1328009465,
        "incomeTaxExpense": 105000000,
        "netIncome": 344000000,
        "netIncomeRatio": 0.1017450458,
        "eps": 1.37,
        "epsdiluted": 1.35,
        "weightedAverageShsOut": 251849316,
        "weightedAverageShsOutDil": 255140300,
        "link": "https://www.sec.gov/Archives/edgar/data/59558/000005955815000046/0000059558-15-000046-index.htm",
        "finalLink": "https://www.sec.gov/Archives/edgar/data/59558/000005955815000046/lnc-20150630x10q.htm"
    },
    {
        "date": "2015-03-31",
        "symbol": "LNC",
        "reportedCurrency": "USD",
        "cik": "0000059558",
        "fillingDate": "2015-04-30",
        "acceptedDate": "2015-04-30 15:59:01",
        "calendarYear": "2015",
        "period": "Q1",
        "revenue": 3304000000,
        "costOfRevenue": 0,
        "grossProfit": 3304000000,
        "grossProfitRatio": 1,
        "researchAndDevelopmentExpenses": 0,
        "generalAndAdministrativeExpenses": 0,
        "sellingAndMarketingExpenses": 0,
        "sellingGeneralAndAdministrativeExpenses": 0,
        "otherExpenses": 2874000000,
        "operatingExpenses": 2874000000,
        "costAndExpenses": 2942000000,
        "interestIncome": 0,
        "interestExpense": 68000000,
        "depreciationAndAmortization": -430000000,
        "ebitda": 0,
        "ebitdaratio": 0,
        "operatingIncome": 430000000,
        "operatingIncomeRatio": 0.1301452785,
        "totalOtherIncomeExpensesNet": -2942000000,
        "incomeBeforeTax": 362000000,
        "incomeBeforeTaxRatio": 0.1095641646,
        "incomeTaxExpense": 62000000,
        "netIncome": 300000000,
        "netIncomeRatio": 0.0907990315,
        "eps": 1.17,
        "epsdiluted": 1.15,
        "weightedAverageShsOut": 255495650,
        "weightedAverageShsOutDil": 260561704,
        "link": "https://www.sec.gov/Archives/edgar/data/59558/000005955815000024/0000059558-15-000024-index.htm",
        "finalLink": "https://www.sec.gov/Archives/edgar/data/59558/000005955815000024/lnc-20150331x10q.htm"
    },
    {
        "date": "2014-12-31",
        "symbol": "LNC",
        "reportedCurrency": "USD",
        "cik": "0000059558",
        "fillingDate": "2015-02-26",
        "acceptedDate": "2015-02-26 11:26:41",
        "calendarYear": "2014",
        "period": "Q4",
        "revenue": 3686000000,
        "costOfRevenue": 1000000,
        "grossProfit": 3685000000,
        "grossProfitRatio": 0.9997287032,
        "researchAndDevelopmentExpenses": 0,
        "generalAndAdministrativeExpenses": 0,
        "sellingAndMarketingExpenses": 0,
        "sellingGeneralAndAdministrativeExpenses": 0,
        "otherExpenses": 3187000000,
        "operatingExpenses": 3187000000,
        "costAndExpenses": 3252000000,
        "interestIncome": 0,
        "interestExpense": 66000000,
        "depreciationAndAmortization": -1014000000,
        "ebitda": 0,
        "ebitdaratio": 0,
        "operatingIncome": 1514000000,
        "operatingIncomeRatio": 0.4107433532,
        "totalOtherIncomeExpensesNet": -3251000000,
        "incomeBeforeTax": 434000000,
        "incomeBeforeTaxRatio": 0.1177428106,
        "incomeTaxExpense": 87000000,
        "netIncome": 348000000,
        "netIncomeRatio": 0.0944112859,
        "eps": 1.36,
        "epsdiluted": 1.32,
        "weightedAverageShsOut": 256551440,
        "weightedAverageShsOutDil": 263000000,
        "link": "https://www.sec.gov/Archives/edgar/data/59558/000005955815000010/0000059558-15-000010-index.htm",
        "finalLink": "https://www.sec.gov/Archives/edgar/data/59558/000005955815000010/lnc-20141231x10k.htm"
    },
    {
        "date": "2014-09-30",
        "symbol": "LNC",
        "reportedCurrency": "USD",
        "cik": "0000059558",
        "fillingDate": "2014-10-30",
        "acceptedDate": "2014-10-30 12:29:53",
        "calendarYear": "2014",
        "period": "Q3",
        "revenue": 3411000000,
        "costOfRevenue": 0,
        "grossProfit": 3411000000,
        "grossProfitRatio": 1,
        "researchAndDevelopmentExpenses": 0,
        "generalAndAdministrativeExpenses": 0,
        "sellingAndMarketingExpenses": 0,
        "sellingGeneralAndAdministrativeExpenses": 0,
        "otherExpenses": 2743000000,
        "operatingExpenses": 2743000000,
        "costAndExpenses": 2810000000,
        "interestIncome": 0,
        "interestExpense": 67000000,
        "depreciationAndAmortization": -668000000,
        "ebitda": 0,
        "ebitdaratio": 0,
        "operatingIncome": 668000000,
        "operatingIncomeRatio": 0.1958369979,
        "totalOtherIncomeExpensesNet": -67000000,
        "incomeBeforeTax": 601000000,
        "incomeBeforeTaxRatio": 0.1761946643,
        "incomeTaxExpense": 162000000,
        "netIncome": 439000000,
        "netIncomeRatio": 0.1287012606,
        "eps": 1.69,
        "epsdiluted": 1.65,
        "weightedAverageShsOut": 260371956,
        "weightedAverageShsOutDil": 266785111,
        "link": "https://www.sec.gov/Archives/edgar/data/59558/000005955814000039/0000059558-14-000039-index.htm",
        "finalLink": "https://www.sec.gov/Archives/edgar/data/59558/000005955814000039/lnc-20140930x10q.htm"
    },
    {
        "date": "2014-06-30",
        "symbol": "LNC",
        "reportedCurrency": "USD",
        "cik": "0000059558",
        "fillingDate": "2014-07-31",
        "acceptedDate": "2014-07-31 11:17:12",
        "calendarYear": "2014",
        "period": "Q2",
        "revenue": 3282000000,
        "costOfRevenue": 0,
        "grossProfit": 3282000000,
        "grossProfitRatio": 1,
        "researchAndDevelopmentExpenses": 0,
        "generalAndAdministrativeExpenses": 0,
        "sellingAndMarketingExpenses": 0,
        "sellingGeneralAndAdministrativeExpenses": 0,
        "otherExpenses": 2678000000,
        "operatingExpenses": 2678000000,
        "costAndExpenses": 2745000000,
        "interestIncome": 0,
        "interestExpense": 67000000,
        "depreciationAndAmortization": -604000000,
        "ebitda": 0,
        "ebitdaratio": 0,
        "operatingIncome": 604000000,
        "operatingIncomeRatio": 0.1840341255,
        "totalOtherIncomeExpensesNet": -67000000,
        "incomeBeforeTax": 537000000,
        "incomeBeforeTaxRatio": 0.1636197441,
        "incomeTaxExpense": 139000000,
        "netIncome": 398000000,
        "netIncomeRatio": 0.1212675198,
        "eps": 1.52,
        "epsdiluted": 1.48,
        "weightedAverageShsOut": 262271670,
        "weightedAverageShsOutDil": 268935567,
        "link": "https://www.sec.gov/Archives/edgar/data/59558/000005955814000032/0000059558-14-000032-index.htm",
        "finalLink": "https://www.sec.gov/Archives/edgar/data/59558/000005955814000032/c558-20140630x10q.htm"
    },
    {
        "date": "2014-03-31",
        "symbol": "LNC",
        "reportedCurrency": "USD",
        "cik": "0000059558",
        "fillingDate": "2014-05-01",
        "acceptedDate": "2014-05-01 16:11:49",
        "calendarYear": "2014",
        "period": "Q1",
        "revenue": 3176000000,
        "costOfRevenue": 0,
        "grossProfit": 3176000000,
        "grossProfitRatio": 1,
        "researchAndDevelopmentExpenses": 0,
        "generalAndAdministrativeExpenses": 0,
        "sellingAndMarketingExpenses": 0,
        "sellingGeneralAndAdministrativeExpenses": 0,
        "otherExpenses": 2682000000,
        "operatingExpenses": 2682000000,
        "costAndExpenses": 2749000000,
        "interestIncome": 0,
        "interestExpense": 67000000,
        "depreciationAndAmortization": -494000000,
        "ebitda": 0,
        "ebitdaratio": 0,
        "operatingIncome": 494000000,
        "operatingIncomeRatio": 0.1555415617,
        "totalOtherIncomeExpensesNet": -2749000000,
        "incomeBeforeTax": 427000000,
        "incomeBeforeTaxRatio": 0.1344458438,
        "incomeTaxExpense": 98000000,
        "netIncome": 329000000,
        "netIncomeRatio": 0.1035894207,
        "eps": 1.25,
        "epsdiluted": 1.21,
        "weightedAverageShsOut": 262738542,
        "weightedAverageShsOutDil": 272115004,
        "link": "https://www.sec.gov/Archives/edgar/data/59558/000005955814000017/0000059558-14-000017-index.htm",
        "finalLink": "https://www.sec.gov/Archives/edgar/data/59558/000005955814000017/c558-20140331x10q.htm"
    },
    {
        "date": "2013-12-31",
        "symbol": "LNC",
        "reportedCurrency": "USD",
        "cik": "0000059558",
        "fillingDate": "2014-02-25",
        "acceptedDate": "2014-02-25 12:34:17",
        "calendarYear": "2013",
        "period": "Q4",
        "revenue": 3122000000,
        "costOfRevenue": 0,
        "grossProfit": 3122000000,
        "grossProfitRatio": 1,
        "researchAndDevelopmentExpenses": 0,
        "generalAndAdministrativeExpenses": 1630000000,
        "sellingAndMarketingExpenses": 387000000,
        "sellingGeneralAndAdministrativeExpenses": 2079000000,
        "otherExpenses": 2587000000,
        "operatingExpenses": 2587000000,
        "costAndExpenses": 2655000000,
        "interestIncome": 0,
        "interestExpense": 69000000,
        "depreciationAndAmortization": -709000000,
        "ebitda": 535000000,
        "ebitdaratio": 0.1713645099,
        "operatingIncome": 1244000000,
        "operatingIncomeRatio": 0.398462524,
        "totalOtherIncomeExpensesNet": -778000000,
        "incomeBeforeTax": 467000000,
        "incomeBeforeTaxRatio": 0.1495836003,
        "incomeTaxExpense": 116000000,
        "netIncome": 351000000,
        "netIncomeRatio": 0.1124279308,
        "eps": 1.34,
        "epsdiluted": 1.29,
        "weightedAverageShsOut": 262896701,
        "weightedAverageShsOutDil": 272800000,
        "link": "https://www.sec.gov/Archives/edgar/data/59558/000005955814000011/0000059558-14-000011-index.htm",
        "finalLink": "https://www.sec.gov/Archives/edgar/data/59558/000005955814000011/c558-20131231x10k.htm"
    },
    {
        "date": "2013-09-30",
        "symbol": "LNC",
        "reportedCurrency": "USD",
        "cik": "0000059558",
        "fillingDate": "2013-11-01",
        "acceptedDate": "2013-11-01 13:12:01",
        "calendarYear": "2013",
        "period": "Q3",
        "revenue": 3009000000,
        "costOfRevenue": 0,
        "grossProfit": 3009000000,
        "grossProfitRatio": 1,
        "researchAndDevelopmentExpenses": 0,
        "generalAndAdministrativeExpenses": 0,
        "sellingAndMarketingExpenses": 0,
        "sellingGeneralAndAdministrativeExpenses": 0,
        "otherExpenses": 2500000000,
        "operatingExpenses": 2500000000,
        "costAndExpenses": 2567000000,
        "interestIncome": 0,
        "interestExpense": 67000000,
        "depreciationAndAmortization": -509000000,
        "ebitda": 0,
        "ebitdaratio": 0,
        "operatingIncome": 509000000,
        "operatingIncomeRatio": 0.1691591891,
        "totalOtherIncomeExpensesNet": -67000000,
        "incomeBeforeTax": 442000000,
        "incomeBeforeTaxRatio": 0.1468926554,
        "incomeTaxExpense": 105000000,
        "netIncome": 337000000,
        "netIncomeRatio": 0.1119973413,
        "eps": 1.28,
        "epsdiluted": 1.23,
        "weightedAverageShsOut": 263546308,
        "weightedAverageShsOutDil": 273694008,
        "link": "https://www.sec.gov/Archives/edgar/data/59558/000005955813000152/0000059558-13-000152-index.htm",
        "finalLink": "https://www.sec.gov/Archives/edgar/data/59558/000005955813000152/lnc-20130930x10q.htm"
    },
    {
        "date": "2013-06-30",
        "symbol": "LNC",
        "reportedCurrency": "USD",
        "cik": "0000059558",
        "fillingDate": "2013-08-01",
        "acceptedDate": "2013-08-01 14:29:33",
        "calendarYear": "2013",
        "period": "Q2",
        "revenue": 2999000000,
        "costOfRevenue": 0,
        "grossProfit": 2999000000,
        "grossProfitRatio": 1,
        "researchAndDevelopmentExpenses": 0,
        "generalAndAdministrativeExpenses": 0,
        "sellingAndMarketingExpenses": 0,
        "sellingGeneralAndAdministrativeExpenses": 0,
        "otherExpenses": 2516000000,
        "operatingExpenses": 2516000000,
        "costAndExpenses": 2581000000,
        "interestIncome": 0,
        "interestExpense": 65000000,
        "depreciationAndAmortization": -483000000,
        "ebitda": 0,
        "ebitdaratio": 0,
        "operatingIncome": 483000000,
        "operatingIncomeRatio": 0.1610536846,
        "totalOtherIncomeExpensesNet": -65000000,
        "incomeBeforeTax": 418000000,
        "incomeBeforeTaxRatio": 0.1393797933,
        "incomeTaxExpense": 101000000,
        "netIncome": 317000000,
        "netIncomeRatio": 0.1057019006,
        "eps": 1.19,
        "epsdiluted": 1.15,
        "weightedAverageShsOut": 266367162,
        "weightedAverageShsOutDil": 275658348,
        "link": "https://www.sec.gov/Archives/edgar/data/59558/000005955813000127/0000059558-13-000127-index.htm",
        "finalLink": "https://www.sec.gov/Archives/edgar/data/59558/000005955813000127/lnc-20130630x10q.htm"
    },
    {
        "date": "2013-03-31",
        "symbol": "LNC",
        "reportedCurrency": "USD",
        "cik": "0000059558",
        "fillingDate": "2013-05-02",
        "acceptedDate": "2013-05-02 12:04:50",
        "calendarYear": "2013",
        "period": "Q1",
        "revenue": 2844000000,
        "costOfRevenue": 0,
        "grossProfit": 2844000000,
        "grossProfitRatio": 1,
        "researchAndDevelopmentExpenses": 0,
        "generalAndAdministrativeExpenses": 0,
        "sellingAndMarketingExpenses": 0,
        "sellingGeneralAndAdministrativeExpenses": 0,
        "otherExpenses": 2470000000,
        "operatingExpenses": 2470000000,
        "costAndExpenses": 2539000000,
        "interestIncome": 0,
        "interestExpense": 64000000,
        "depreciationAndAmortization": -370000000,
        "ebitda": 0,
        "ebitdaratio": 0,
        "operatingIncome": 369000000,
        "operatingIncomeRatio": 0.1297468354,
        "totalOtherIncomeExpensesNet": -64000000,
        "incomeBeforeTax": 305000000,
        "incomeBeforeTaxRatio": 0.1072433193,
        "incomeTaxExpense": 66000000,
        "netIncome": 239000000,
        "netIncomeRatio": 0.0840365682,
        "eps": 0.89,
        "epsdiluted": 0.86,
        "weightedAverageShsOut": 270265766,
        "weightedAverageShsOutDil": 278592099,
        "link": "https://www.sec.gov/Archives/edgar/data/59558/000005955813000084/0000059558-13-000084-index.htm",
        "finalLink": "https://www.sec.gov/Archives/edgar/data/59558/000005955813000084/d10-q.htm"
    },
    {
        "date": "2012-12-31",
        "symbol": "LNC",
        "reportedCurrency": "USD",
        "cik": "0000059558",
        "fillingDate": "2013-03-01",
        "acceptedDate": "2013-03-01 13:57:22",
        "calendarYear": "2012",
        "period": "Q4",
        "revenue": 2964000000,
        "costOfRevenue": 0,
        "grossProfit": 2964000000,
        "grossProfitRatio": 1,
        "researchAndDevelopmentExpenses": 0,
        "generalAndAdministrativeExpenses": 0,
        "sellingAndMarketingExpenses": -828000000,
        "sellingGeneralAndAdministrativeExpenses": -828000000,
        "otherExpenses": 2504000000,
        "operatingExpenses": 2504000000,
        "costAndExpenses": 2564000000,
        "interestIncome": 70000000,
        "interestExpense": 0,
        "depreciationAndAmortization": -816000000,
        "ebitda": 0,
        "ebitdaratio": 0,
        "operatingIncome": 1286000000,
        "operatingIncomeRatio": 0.4338731444,
        "totalOtherIncomeExpensesNet": -886000000,
        "incomeBeforeTax": 400000000,
        "incomeBeforeTaxRatio": 0.1349527665,
        "incomeTaxExpense": 80000000,
        "netIncome": 320000000,
        "netIncomeRatio": 0.1079622132,
        "eps": 1.18,
        "epsdiluted": 1.14,
        "weightedAverageShsOut": 271402586,
        "weightedAverageShsOutDil": 281100000,
        "link": "https://www.sec.gov/Archives/edgar/data/59558/000005955813000034/0000059558-13-000034-index.htm",
        "finalLink": "https://www.sec.gov/Archives/edgar/data/59558/000005955813000034/form10k.htm"
    },
    {
        "date": "2012-09-30",
        "symbol": "LNC",
        "reportedCurrency": "USD",
        "cik": "0000059558",
        "fillingDate": "2012-11-07",
        "acceptedDate": "2012-11-07 13:12:01",
        "calendarYear": "2012",
        "period": "Q3",
        "revenue": 2954000000,
        "costOfRevenue": 0,
        "grossProfit": 2954000000,
        "grossProfitRatio": 1,
        "researchAndDevelopmentExpenses": 0,
        "generalAndAdministrativeExpenses": 0,
        "sellingAndMarketingExpenses": 0,
        "sellingGeneralAndAdministrativeExpenses": 0,
        "otherExpenses": 2468000000,
        "operatingExpenses": 2468000000,
        "costAndExpenses": 2536000000,
        "interestIncome": 0,
        "interestExpense": 68000000,
        "depreciationAndAmortization": 0,
        "ebitda": 350000000,
        "ebitdaratio": 0.1184834123,
        "operatingIncome": 515000000,
        "operatingIncomeRatio": 0.1743398781,
        "totalOtherIncomeExpensesNet": 418000000,
        "incomeBeforeTax": 418000000,
        "incomeBeforeTaxRatio": 0.1415030467,
        "incomeTaxExpense": 45000000,
        "netIncome": 402000000,
        "netIncomeRatio": 0.1360866622,
        "eps": 1.54,
        "epsdiluted": 1.51,
        "weightedAverageShsOut": 277883878,
        "weightedAverageShsOutDil": 284650212,
        "link": "https://www.sec.gov/Archives/edgar/data/59558/000005955812000141/0000059558-12-000141-index.htm",
        "finalLink": "https://www.sec.gov/Archives/edgar/data/59558/000005955812000141/d10-q.htm"
    },
    {
        "date": "2012-06-30",
        "symbol": "LNC",
        "reportedCurrency": "USD",
        "cik": "0000059558",
        "fillingDate": "2012-08-02",
        "acceptedDate": "2012-08-02 15:05:31",
        "calendarYear": "2012",
        "period": "Q2",
        "revenue": 2899000000,
        "costOfRevenue": 0,
        "grossProfit": 2899000000,
        "grossProfitRatio": 1,
        "researchAndDevelopmentExpenses": 0,
        "generalAndAdministrativeExpenses": 0,
        "sellingAndMarketingExpenses": 828000000,
        "sellingGeneralAndAdministrativeExpenses": 828000000,
        "otherExpenses": 1560000000,
        "operatingExpenses": 2388000000,
        "costAndExpenses": 2457000000,
        "interestIncome": 0,
        "interestExpense": 68000000,
        "depreciationAndAmortization": 0,
        "ebitda": 510000000,
        "ebitdaratio": 0.175922732,
        "operatingIncome": 510000000,
        "operatingIncomeRatio": 0.175922732,
        "totalOtherIncomeExpensesNet": 442000000,
        "incomeBeforeTax": 442000000,
        "incomeBeforeTaxRatio": 0.1524663677,
        "incomeTaxExpense": 118000000,
        "netIncome": 324000000,
        "netIncomeRatio": 0.1117626768,
        "eps": 1.14,
        "epsdiluted": 1.09,
        "weightedAverageShsOut": 282085602,
        "weightedAverageShsOutDil": 289960540,
        "link": "https://www.sec.gov/Archives/edgar/data/59558/000005955812000106/0000059558-12-000106-index.htm",
        "finalLink": "https://www.sec.gov/Archives/edgar/data/59558/000005955812000106/d10-q.htm"
    },
    {
        "date": "2012-03-31",
        "symbol": "LNC",
        "reportedCurrency": "USD",
        "cik": "0000059558",
        "fillingDate": "2012-05-03",
        "acceptedDate": "2012-05-03 15:57:31",
        "calendarYear": "2012",
        "period": "Q1",
        "revenue": 2714000000,
        "costOfRevenue": 0,
        "grossProfit": 2714000000,
        "grossProfitRatio": 1,
        "researchAndDevelopmentExpenses": 0,
        "generalAndAdministrativeExpenses": 0,
        "sellingAndMarketingExpenses": 0,
        "sellingGeneralAndAdministrativeExpenses": 0,
        "otherExpenses": 2334000000,
        "operatingExpenses": 2334000000,
        "costAndExpenses": 2407000000,
        "interestIncome": 0,
        "interestExpense": 68000000,
        "depreciationAndAmortization": 0,
        "ebitda": 0,
        "ebitdaratio": 0,
        "operatingIncome": 374000000,
        "operatingIncomeRatio": 0.1378039794,
        "totalOtherIncomeExpensesNet": 308000000,
        "incomeBeforeTax": 307000000,
        "incomeBeforeTaxRatio": 0.1131171702,
        "incomeTaxExpense": 61000000,
        "netIncome": 245000000,
        "netIncomeRatio": 0.0902726603,
        "eps": 0.84,
        "epsdiluted": 0.82,
        "weightedAverageShsOut": 289055925,
        "weightedAverageShsOutDil": 295909668,
        "link": "https://www.sec.gov/Archives/edgar/data/59558/000005955812000070/0000059558-12-000070-index.htm",
        "finalLink": "https://www.sec.gov/Archives/edgar/data/59558/000005955812000070/d10-q.htm"
    },
    {
        "date": "2011-12-31",
        "symbol": "LNC",
        "reportedCurrency": "USD",
        "cik": "0000059558",
        "fillingDate": "2012-02-23",
        "acceptedDate": "2012-02-23 15:04:05",
        "calendarYear": "2011",
        "period": "Q4",
        "revenue": 2571000000,
        "costOfRevenue": 0,
        "grossProfit": 2571000000,
        "grossProfitRatio": 1,
        "researchAndDevelopmentExpenses": 0,
        "generalAndAdministrativeExpenses": 0,
        "sellingAndMarketingExpenses": 0,
        "sellingGeneralAndAdministrativeExpenses": 0,
        "otherExpenses": 2988000000,
        "operatingExpenses": 2988000000,
        "costAndExpenses": 3022000000,
        "interestIncome": 0,
        "interestExpense": 71000000,
        "depreciationAndAmortization": -682000000,
        "ebitda": -380000000,
        "ebitdaratio": -0.1478024115,
        "operatingIncome": 302000000,
        "operatingIncomeRatio": 0.1174640218,
        "totalOtherIncomeExpensesNet": -451000000,
        "incomeBeforeTax": -451000000,
        "incomeBeforeTaxRatio": -0.1754181252,
        "incomeTaxExpense": 63000000,
        "netIncome": -514000000,
        "netIncomeRatio": -0.1999222093,
        "eps": -1.67,
        "epsdiluted": -1.63,
        "weightedAverageShsOut": 307216181,
        "weightedAverageShsOutDil": 314950051,
        "link": "https://www.sec.gov/Archives/edgar/data/59558/000005955812000027/0000059558-12-000027-index.htm",
        "finalLink": "https://www.sec.gov/Archives/edgar/data/59558/000005955812000027/form10k.htm"
    },
    {
        "date": "2011-09-30",
        "symbol": "LNC",
        "reportedCurrency": "USD",
        "cik": "0000059558",
        "fillingDate": "2011-11-03",
        "acceptedDate": "2011-11-03 16:20:56",
        "calendarYear": "2011",
        "period": "Q3",
        "revenue": 2547700000,
        "costOfRevenue": 0,
        "grossProfit": 2547700000,
        "grossProfitRatio": 1,
        "researchAndDevelopmentExpenses": 0,
        "generalAndAdministrativeExpenses": 0,
        "sellingAndMarketingExpenses": 0,
        "sellingGeneralAndAdministrativeExpenses": 0,
        "otherExpenses": 2313000000,
        "operatingExpenses": 2313000000,
        "costAndExpenses": 2407600000,
        "interestIncome": 0,
        "interestExpense": 79000000,
        "depreciationAndAmortization": 0,
        "ebitda": 0,
        "ebitdaratio": 0,
        "operatingIncome": 210000000,
        "operatingIncomeRatio": 0.0824272874,
        "totalOtherIncomeExpensesNet": 155000000,
        "incomeBeforeTax": 140100000,
        "incomeBeforeTaxRatio": 0.054990776,
        "incomeTaxExpense": -11600000,
        "netIncome": 143300000,
        "netIncomeRatio": 0.0562468108,
        "eps": 0.5,
        "epsdiluted": 0.47,
        "weightedAverageShsOut": 304779641,
        "weightedAverageShsOutDil": 311997683,
        "link": "https://www.sec.gov/Archives/edgar/data/59558/000005955811000131/0000059558-11-000131-index.htm",
        "finalLink": "https://www.sec.gov/Archives/edgar/data/59558/000005955811000131/d10-q.htm"
    },
    {
        "date": "2011-06-30",
        "symbol": "LNC",
        "reportedCurrency": "USD",
        "cik": "0000059558",
        "fillingDate": "2011-08-03",
        "acceptedDate": "2011-08-03 15:48:40",
        "calendarYear": "2011",
        "period": "Q2",
        "revenue": 2803800000,
        "costOfRevenue": -200000,
        "grossProfit": 2804000000,
        "grossProfitRatio": 1.0000713318,
        "researchAndDevelopmentExpenses": 0,
        "generalAndAdministrativeExpenses": 0,
        "sellingAndMarketingExpenses": 0,
        "sellingGeneralAndAdministrativeExpenses": 0,
        "otherExpenses": 2326000000,
        "operatingExpenses": 2326000000,
        "costAndExpenses": 2362000000,
        "interestIncome": 0,
        "interestExpense": 72000000,
        "depreciationAndAmortization": 0,
        "ebitda": 0,
        "ebitdaratio": 0,
        "operatingIncome": 513000000,
        "operatingIncomeRatio": 0.1829659747,
        "totalOtherIncomeExpensesNet": -104000000,
        "incomeBeforeTax": 441800000,
        "incomeBeforeTaxRatio": 0.1575718668,
        "incomeTaxExpense": 116400000,
        "netIncome": 325400000,
        "netIncomeRatio": 0.1160567801,
        "eps": 0.98,
        "epsdiluted": 0.95,
        "weightedAverageShsOut": 311391263,
        "weightedAverageShsOutDil": 319915069,
        "link": "https://www.sec.gov/Archives/edgar/data/59558/000005955811000107/0000059558-11-000107-index.htm",
        "finalLink": "https://www.sec.gov/Archives/edgar/data/59558/000005955811000107/d10-q.htm"
    },
    {
        "date": "2011-03-31",
        "symbol": "LNC",
        "reportedCurrency": "USD",
        "cik": "0000059558",
        "fillingDate": "2011-05-05",
        "acceptedDate": "2011-05-05 14:20:17",
        "calendarYear": "2011",
        "period": "Q1",
        "revenue": 2713900000,
        "costOfRevenue": 0,
        "grossProfit": 2713900000,
        "grossProfitRatio": 1,
        "researchAndDevelopmentExpenses": 0,
        "generalAndAdministrativeExpenses": 0,
        "sellingAndMarketingExpenses": 0,
        "sellingGeneralAndAdministrativeExpenses": 0,
        "otherExpenses": 2217000000,
        "operatingExpenses": 2217000000,
        "costAndExpenses": 2245200000,
        "interestIncome": 0,
        "interestExpense": 72000000,
        "depreciationAndAmortization": 0,
        "ebitda": 540000000,
        "ebitdaratio": 0.1989756439,
        "operatingIncome": 540000000,
        "operatingIncomeRatio": 0.1989756439,
        "totalOtherIncomeExpensesNet": -111000000,
        "incomeBeforeTax": 468700000,
        "incomeBeforeTaxRatio": 0.1727034894,
        "incomeTaxExpense": 129300000,
        "netIncome": 339400000,
        "netIncomeRatio": 0.1250598769,
        "eps": 1,
        "epsdiluted": 0.97,
        "weightedAverageShsOut": 315014084,
        "weightedAverageShsOutDil": 322864332,
        "link": "https://www.sec.gov/Archives/edgar/data/59558/000005955811000075/0000059558-11-000075-index.htm",
        "finalLink": "https://www.sec.gov/Archives/edgar/data/59558/000005955811000075/d10q.htm"
    },
    {
        "date": "2010-12-31",
        "symbol": "LNC",
        "reportedCurrency": "USD",
        "cik": "0000059558",
        "fillingDate": "2011-02-25",
        "acceptedDate": "2011-02-25 10:58:57",
        "calendarYear": "2010",
        "period": "Q4",
        "revenue": 2662000000,
        "costOfRevenue": 0,
        "grossProfit": 2662000000,
        "grossProfitRatio": 1,
        "researchAndDevelopmentExpenses": 0,
        "generalAndAdministrativeExpenses": 0,
        "sellingAndMarketingExpenses": 0,
        "sellingGeneralAndAdministrativeExpenses": 0,
        "otherExpenses": 2436000000,
        "operatingExpenses": 2436000000,
        "costAndExpenses": 2410000000,
        "interestIncome": 0,
        "interestExpense": 79000000,
        "depreciationAndAmortization": 56000000,
        "ebitda": 360000000,
        "ebitdaratio": 0.1352366642,
        "operatingIncome": 951000000,
        "operatingIncomeRatio": 0.3572501878,
        "totalOtherIncomeExpensesNet": -699000000,
        "incomeBeforeTax": 252000000,
        "incomeBeforeTaxRatio": 0.0946656649,
        "incomeTaxExpense": 57000000,
        "netIncome": 195000000,
        "netIncomeRatio": 0.0732531931,
        "eps": 0.63,
        "epsdiluted": 0.61,
        "weightedAverageShsOut": 310005264,
        "weightedAverageShsOutDil": 319213747,
        "link": "https://www.sec.gov/Archives/edgar/data/59558/000005955811000029/0000059558-11-000029-index.htm",
        "finalLink": "https://www.sec.gov/Archives/edgar/data/59558/000005955811000029/form10k.htm"
    },
    {
        "date": "2010-09-30",
        "symbol": "LNC",
        "reportedCurrency": "USD",
        "cik": "0000059558",
        "fillingDate": "2010-11-08",
        "acceptedDate": "2010-11-08 15:57:34",
        "calendarYear": "2010",
        "period": "Q3",
        "revenue": 2612800000,
        "costOfRevenue": 0,
        "grossProfit": 2612800000,
        "grossProfitRatio": 1,
        "researchAndDevelopmentExpenses": 0,
        "generalAndAdministrativeExpenses": 0,
        "sellingAndMarketingExpenses": 0,
        "sellingGeneralAndAdministrativeExpenses": 0,
        "otherExpenses": 2236000000,
        "operatingExpenses": 2236000000,
        "costAndExpenses": 2309800000,
        "interestIncome": 0,
        "interestExpense": 74000000,
        "depreciationAndAmortization": -18000000,
        "ebitda": 357000000,
        "ebitdaratio": 0.1366350276,
        "operatingIncome": 375000000,
        "operatingIncomeRatio": 0.1435241886,
        "totalOtherIncomeExpensesNet": 303000000,
        "incomeBeforeTax": 303000000,
        "incomeBeforeTaxRatio": 0.1159675444,
        "incomeTaxExpense": 55200000,
        "netIncome": 246100000,
        "netIncomeRatio": 0.0941901408,
        "eps": 0.78,
        "epsdiluted": 0.75,
        "weightedAverageShsOut": 316726409,
        "weightedAverageShsOutDil": 325683769,
        "link": "https://www.sec.gov/Archives/edgar/data/59558/000005955810000269/0000059558-10-000269-index.htm",
        "finalLink": "https://www.sec.gov/Archives/edgar/data/59558/000005955810000269/d10q.htm"
    },
    {
        "date": "2010-06-30",
        "symbol": "LNC",
        "reportedCurrency": "USD",
        "cik": "0000059558",
        "fillingDate": "2010-08-09",
        "acceptedDate": "2010-08-09 12:27:58",
        "calendarYear": "2010",
        "period": "Q2",
        "revenue": 2604500000,
        "costOfRevenue": 0,
        "grossProfit": 2604500000,
        "grossProfitRatio": 1,
        "researchAndDevelopmentExpenses": 0,
        "generalAndAdministrativeExpenses": 0,
        "sellingAndMarketingExpenses": 0,
        "sellingGeneralAndAdministrativeExpenses": 0,
        "otherExpenses": 2206000000,
        "operatingExpenses": 2206000000,
        "costAndExpenses": 2274300000,
        "interestIncome": 0,
        "interestExpense": 69000000,
        "depreciationAndAmortization": -19000000,
        "ebitda": 383000000,
        "ebitdaratio": 0.1470531772,
        "operatingIncome": 402000000,
        "operatingIncomeRatio": 0.1543482434,
        "totalOtherIncomeExpensesNet": 330000000,
        "incomeBeforeTax": 330200000,
        "incomeBeforeTaxRatio": 0.1267805721,
        "incomeTaxExpense": 77700000,
        "netIncome": 255200000,
        "netIncomeRatio": 0.097984258,
        "eps": 0.84,
        "epsdiluted": 0.81,
        "weightedAverageShsOut": 304483369,
        "weightedAverageShsOutDil": 314611633,
        "link": "https://www.sec.gov/Archives/edgar/data/59558/000005955810000241/0000059558-10-000241-index.htm",
        "finalLink": "https://www.sec.gov/Archives/edgar/data/59558/000005955810000241/d10q.htm"
    },
    {
        "date": "2010-03-31",
        "symbol": "LNC",
        "reportedCurrency": "USD",
        "cik": "0000059558",
        "fillingDate": "2010-05-07",
        "acceptedDate": "2010-05-07 14:22:38",
        "calendarYear": "2010",
        "period": "Q1",
        "revenue": 2527400000,
        "costOfRevenue": 400000,
        "grossProfit": 2527000000,
        "grossProfitRatio": 0.9998417346,
        "researchAndDevelopmentExpenses": 0,
        "generalAndAdministrativeExpenses": 0,
        "sellingAndMarketingExpenses": 0,
        "sellingGeneralAndAdministrativeExpenses": 0,
        "otherExpenses": 2111000000,
        "operatingExpenses": 2111000000,
        "costAndExpenses": 2178700000,
        "interestIncome": 0,
        "interestExpense": 68000000,
        "depreciationAndAmortization": -19000000,
        "ebitda": 425000000,
        "ebitdaratio": 0.1681569993,
        "operatingIncome": 444000000,
        "operatingIncomeRatio": 0.1756746063,
        "totalOtherIncomeExpensesNet": 348000000,
        "incomeBeforeTax": 348700000,
        "incomeBeforeTaxRatio": 0.1379678721,
        "incomeTaxExpense": 93200000,
        "netIncome": 283400000,
        "netIncomeRatio": 0.1121310438,
        "eps": 0.88,
        "epsdiluted": 0.85,
        "weightedAverageShsOut": 302221901,
        "weightedAverageShsOutDil": 312088531,
        "link": "https://www.sec.gov/Archives/edgar/data/59558/000005955810000159/0000059558-10-000159-index.htm",
        "finalLink": "https://www.sec.gov/Archives/edgar/data/59558/000005955810000159/d10q.htm"
    },
    {
        "date": "2009-12-31",
        "symbol": "LNC",
        "reportedCurrency": "USD",
        "cik": "0000059558",
        "fillingDate": "2010-02-25",
        "acceptedDate": "2010-02-25 15:58:44",
        "calendarYear": "2009",
        "period": "Q4",
        "revenue": 2399000000,
        "costOfRevenue": 0,
        "grossProfit": 2399000000,
        "grossProfitRatio": 1,
        "researchAndDevelopmentExpenses": 0,
        "generalAndAdministrativeExpenses": 0,
        "sellingAndMarketingExpenses": 0,
        "sellingGeneralAndAdministrativeExpenses": 0,
        "otherExpenses": 2201000000,
        "operatingExpenses": 2201000000,
        "costAndExpenses": 2266000000,
        "interestIncome": 0,
        "interestExpense": 67000000,
        "depreciationAndAmortization": -20000000,
        "ebitda": 180000000,
        "ebitdaratio": 0.075031263,
        "operatingIncome": -415000000,
        "operatingIncomeRatio": -0.1729887453,
        "totalOtherIncomeExpensesNet": 133000000,
        "incomeBeforeTax": 133000000,
        "incomeBeforeTaxRatio": 0.0554397666,
        "incomeTaxExpense": 35000000,
        "netIncome": 102000000,
        "netIncomeRatio": 0.0425177157,
        "eps": 0.36,
        "epsdiluted": 0.36,
        "weightedAverageShsOut": 280031363,
        "weightedAverageShsOutDil": 285635603,
        "link": "https://www.sec.gov/Archives/edgar/data/59558/000005955810000073/0000059558-10-000073-index.htm",
        "finalLink": "https://www.sec.gov/Archives/edgar/data/59558/000005955810000073/form10k.htm"
    },
    {
        "date": "2009-09-30",
        "symbol": "LNC",
        "reportedCurrency": "USD",
        "cik": "0000059558",
        "fillingDate": "2009-11-06",
        "acceptedDate": "2009-11-06 15:53:48",
        "calendarYear": "2009",
        "period": "Q3",
        "revenue": 2081000000,
        "costOfRevenue": 0,
        "grossProfit": 2081000000,
        "grossProfitRatio": 1,
        "researchAndDevelopmentExpenses": 0,
        "generalAndAdministrativeExpenses": 0,
        "sellingAndMarketingExpenses": 0,
        "sellingGeneralAndAdministrativeExpenses": 0,
        "otherExpenses": 1952000000,
        "operatingExpenses": 1952000000,
        "costAndExpenses": 2019000000,
        "interestIncome": 0,
        "interestExpense": 68000000,
        "depreciationAndAmortization": -19000000,
        "ebitda": 183000000,
        "ebitdaratio": 0.0879384911,
        "operatingIncome": 202000000,
        "operatingIncomeRatio": 0.097068717,
        "totalOtherIncomeExpensesNet": 62000000,
        "incomeBeforeTax": 62000000,
        "incomeBeforeTaxRatio": 0.0297933686,
        "incomeTaxExpense": -19000000,
        "netIncome": 153000000,
        "netIncomeRatio": 0.073522345,
        "eps": 0.45,
        "epsdiluted": 0.44,
        "weightedAverageShsOut": 301803107,
        "weightedAverageShsOutDil": 310039883,
        "link": "https://www.sec.gov/Archives/edgar/data/59558/000005955809000148/0000059558-09-000148-index.htm",
        "finalLink": "https://www.sec.gov/Archives/edgar/data/59558/000005955809000148/d10q.htm"
    },
    {
        "date": "2009-06-30",
        "symbol": "LNC",
        "reportedCurrency": "USD",
        "cik": "0000059558",
        "fillingDate": "2009-08-07",
        "acceptedDate": "2009-08-07 15:54:51",
        "calendarYear": "2009",
        "period": "Q2",
        "revenue": 1951800000,
        "costOfRevenue": 0,
        "grossProfit": 1951800000,
        "grossProfitRatio": 1,
        "researchAndDevelopmentExpenses": 0,
        "generalAndAdministrativeExpenses": 0,
        "sellingAndMarketingExpenses": 0,
        "sellingGeneralAndAdministrativeExpenses": 0,
        "otherExpenses": 1875000000,
        "operatingExpenses": 1875000000,
        "costAndExpenses": 1993700000,
        "interestIncome": 0,
        "interestExpense": 61000000,
        "depreciationAndAmortization": -18000000,
        "ebitda": -10000000,
        "ebitdaratio": -0.0051234758,
        "operatingIncome": -141000000,
        "operatingIncomeRatio": -0.0722410083,
        "totalOtherIncomeExpensesNet": 88000000,
        "incomeBeforeTax": -41900000,
        "incomeBeforeTaxRatio": -0.0214673635,
        "incomeTaxExpense": -40800000,
        "netIncome": -161400000,
        "netIncomeRatio": -0.0826928989,
        "eps": -0.62,
        "epsdiluted": -0.62,
        "weightedAverageShsOut": 260085214,
        "weightedAverageShsOutDil": 262413772,
        "link": "https://www.sec.gov/Archives/edgar/data/59558/000005955809000113/0000059558-09-000113-index.htm",
        "finalLink": "https://www.sec.gov/Archives/edgar/data/59558/000005955809000113/d10q.htm"
    },
    {
        "date": "2009-03-31",
        "symbol": "LNC",
        "reportedCurrency": "USD",
        "cik": "0000059558",
        "fillingDate": "2009-05-08",
        "acceptedDate": "2009-05-08 16:57:24",
        "calendarYear": "2009",
        "period": "Q1",
        "revenue": 2245000000,
        "costOfRevenue": 0,
        "grossProfit": 2245000000,
        "grossProfitRatio": 1,
        "researchAndDevelopmentExpenses": 0,
        "generalAndAdministrativeExpenses": 0,
        "sellingAndMarketingExpenses": 0,
        "sellingGeneralAndAdministrativeExpenses": 0,
        "otherExpenses": 2795000000,
        "operatingExpenses": 2795000000,
        "costAndExpenses": 2894000000,
        "interestIncome": 0,
        "interestExpense": 0,
        "depreciationAndAmortization": -19000000,
        "ebitda": 0,
        "ebitdaratio": 0,
        "operatingIncome": -649000000,
        "operatingIncomeRatio": -0.2890868597,
        "totalOtherIncomeExpensesNet": 0,
        "incomeBeforeTax": -649000000,
        "incomeBeforeTaxRatio": -0.2890868597,
        "incomeTaxExpense": -70000000,
        "netIncome": -579000000,
        "netIncomeRatio": -0.2579064588,
        "eps": -2.27,
        "epsdiluted": -2.25,
        "weightedAverageShsOut": 255558961,
        "weightedAverageShsOutDil": 257789383,
        "link": "https://www.sec.gov/Archives/edgar/data/59558/000005955809000063/0000059558-09-000063-index.htm",
        "finalLink": "https://www.sec.gov/Archives/edgar/data/59558/000005955809000063/d10q.htm"
    },
    {
        "date": "2008-12-31",
        "symbol": "LNC",
        "reportedCurrency": "USD",
        "cik": "0000059558",
        "fillingDate": "2009-02-27",
        "acceptedDate": "2009-02-27 17:13:21",
        "calendarYear": "2008",
        "period": "Q4",
        "revenue": 2273000000,
        "costOfRevenue": 0,
        "grossProfit": 2273000000,
        "grossProfitRatio": 1,
        "researchAndDevelopmentExpenses": 0,
        "generalAndAdministrativeExpenses": 422000000,
        "sellingAndMarketingExpenses": 0,
        "sellingGeneralAndAdministrativeExpenses": -422000000,
        "otherExpenses": 2652000000,
        "operatingExpenses": 2652000000,
        "costAndExpenses": 3068000000,
        "interestIncome": 0,
        "interestExpense": 72000000,
        "depreciationAndAmortization": -19000000,
        "ebitda": -1096000000,
        "ebitdaratio": -0.4821821381,
        "operatingIncome": 62000000,
        "operatingIncomeRatio": 0.0272767268,
        "totalOtherIncomeExpensesNet": -857000000,
        "incomeBeforeTax": -795000000,
        "incomeBeforeTaxRatio": -0.349758029,
        "incomeTaxExpense": -290000000,
        "netIncome": -505000000,
        "netIncomeRatio": -0.2221733392,
        "eps": -1.96,
        "epsdiluted": -1.95,
        "weightedAverageShsOut": 257498535,
        "weightedAverageShsOutDil": 259390810,
        "link": "https://www.sec.gov/Archives/edgar/data/59558/000136231009002975/0001362310-09-002975-index.htm",
        "finalLink": "https://www.sec.gov/Archives/edgar/data/59558/000136231009002975/c81656e10vk.htm"
    },
    {
        "date": "2008-09-30",
        "symbol": "LNC",
        "reportedCurrency": "USD",
        "cik": "0000059558",
        "fillingDate": "2008-11-10",
        "acceptedDate": "2008-11-10 13:53:09",
        "calendarYear": "2008",
        "period": "Q3",
        "revenue": 2436000000,
        "costOfRevenue": 0,
        "grossProfit": 2436000000,
        "grossProfitRatio": 1,
        "researchAndDevelopmentExpenses": 0,
        "generalAndAdministrativeExpenses": 0,
        "sellingAndMarketingExpenses": 0,
        "sellingGeneralAndAdministrativeExpenses": 0,
        "otherExpenses": 2080000000,
        "operatingExpenses": 2080000000,
        "costAndExpenses": 2284000000,
        "interestIncome": 0,
        "interestExpense": 69000000,
        "depreciationAndAmortization": -43000000,
        "ebitda": 149000000,
        "ebitdaratio": 0.0611658456,
        "operatingIncome": 149000000,
        "operatingIncomeRatio": 0.0611658456,
        "totalOtherIncomeExpensesNet": -28000000,
        "incomeBeforeTax": 152000000,
        "incomeBeforeTaxRatio": 0.0623973727,
        "incomeTaxExpense": 3000000,
        "netIncome": 148000000,
        "netIncomeRatio": 0.0607553366,
        "eps": 0.58,
        "epsdiluted": 0.58,
        "weightedAverageShsOut": 255865067,
        "weightedAverageShsOutDil": 257645254,
        "link": "https://www.sec.gov/Archives/edgar/data/59558/000119312508231412/0001193125-08-231412-index.htm",
        "finalLink": "https://www.sec.gov/Archives/edgar/data/59558/000119312508231412/d10q.htm"
    },
    {
        "date": "2008-06-30",
        "symbol": "LNC",
        "reportedCurrency": "USD",
        "cik": "0000059558",
        "fillingDate": "2008-08-08",
        "acceptedDate": "2008-08-08 15:30:09",
        "calendarYear": "2008",
        "period": "Q2",
        "revenue": 2582000000,
        "costOfRevenue": 0,
        "grossProfit": 2582000000,
        "grossProfitRatio": 1,
        "researchAndDevelopmentExpenses": 0,
        "generalAndAdministrativeExpenses": 0,
        "sellingAndMarketingExpenses": 0,
        "sellingGeneralAndAdministrativeExpenses": 0,
        "otherExpenses": 2248000000,
        "operatingExpenses": 2248000000,
        "costAndExpenses": 2382000000,
        "interestIncome": 0,
        "interestExpense": 65000000,
        "depreciationAndAmortization": -6000000,
        "ebitda": 125000000,
        "ebitdaratio": 0.0484120837,
        "operatingIncome": 125000000,
        "operatingIncomeRatio": 0.0484120837,
        "totalOtherIncomeExpensesNet": 75000000,
        "incomeBeforeTax": 200000000,
        "incomeBeforeTaxRatio": 0.0774593338,
        "incomeTaxExpense": 75000000,
        "netIncome": 125000000,
        "netIncomeRatio": 0.0484120837,
        "eps": 0.48,
        "epsdiluted": 0.48,
        "weightedAverageShsOut": 257785473,
        "weightedAverageShsOutDil": 259617020,
        "link": "https://www.sec.gov/Archives/edgar/data/59558/000119312508171836/0001193125-08-171836-index.htm",
        "finalLink": "https://www.sec.gov/Archives/edgar/data/59558/000119312508171836/d10q.htm"
    },
    {
        "date": "2008-03-31",
        "symbol": "LNC",
        "reportedCurrency": "USD",
        "cik": "0000059558",
        "fillingDate": "2008-05-09",
        "acceptedDate": "2008-05-09 15:10:29",
        "calendarYear": "2008",
        "period": "Q1",
        "revenue": 2524000000,
        "costOfRevenue": 0,
        "grossProfit": 2524000000,
        "grossProfitRatio": 1,
        "researchAndDevelopmentExpenses": 0,
        "generalAndAdministrativeExpenses": 422000000,
        "sellingAndMarketingExpenses": 0,
        "sellingGeneralAndAdministrativeExpenses": 422000000,
        "otherExpenses": 1678000000,
        "operatingExpenses": 2100000000,
        "costAndExpenses": 2106000000,
        "interestIncome": 0,
        "interestExpense": 510000000,
        "depreciationAndAmortization": -8000000,
        "ebitda": 293000000,
        "ebitdaratio": 0.1160855784,
        "operatingIncome": 293000000,
        "operatingIncomeRatio": 0.1160855784,
        "totalOtherIncomeExpensesNet": 125000000,
        "incomeBeforeTax": 418000000,
        "incomeBeforeTaxRatio": 0.1656101426,
        "incomeTaxExpense": 125000000,
        "netIncome": 289000000,
        "netIncomeRatio": 0.1145007924,
        "eps": 1.11,
        "epsdiluted": 1.1,
        "weightedAverageShsOut": 260951566,
        "weightedAverageShsOutDil": 262764649,
        "link": "https://www.sec.gov/Archives/edgar/data/59558/000119312508109608/0001193125-08-109608-index.htm",
        "finalLink": "https://www.sec.gov/Archives/edgar/data/59558/000119312508109608/d10q.htm"
    },
    {
        "date": "2007-12-31",
        "symbol": "LNC",
        "reportedCurrency": "USD",
        "cik": "0000059558",
        "fillingDate": "2008-02-29",
        "acceptedDate": "2008-02-29 14:16:52",
        "calendarYear": "2007",
        "period": "Q4",
        "revenue": 2502000000,
        "costOfRevenue": 0,
        "grossProfit": 2502000000,
        "grossProfitRatio": 1,
        "researchAndDevelopmentExpenses": 0,
        "generalAndAdministrativeExpenses": 2110000000,
        "sellingAndMarketingExpenses": 0,
        "sellingGeneralAndAdministrativeExpenses": -2110000000,
        "otherExpenses": -946000000,
        "operatingExpenses": -946000000,
        "costAndExpenses": 2191000000,
        "interestIncome": 0,
        "interestExpense": 80000000,
        "depreciationAndAmortization": 108000000,
        "ebitda": 430000000,
        "ebitdaratio": 0.17186251,
        "operatingIncome": 1321000000,
        "operatingIncomeRatio": 0.5279776179,
        "totalOtherIncomeExpensesNet": -1010000000,
        "incomeBeforeTax": 311000000,
        "incomeBeforeTaxRatio": 0.1243005596,
        "incomeTaxExpense": 92000000,
        "netIncome": 113000000,
        "netIncomeRatio": 0.0451638689,
        "eps": 0.42,
        "epsdiluted": 0.41,
        "weightedAverageShsOut": 270300000,
        "weightedAverageShsOutDil": 273910000,
        "link": "https://www.sec.gov/Archives/edgar/data/59558/000119312508043392/0001193125-08-043392-index.htm",
        "finalLink": "https://www.sec.gov/Archives/edgar/data/59558/000119312508043392/d10k.htm"
    },
    {
        "date": "2007-09-30",
        "symbol": "LNC",
        "reportedCurrency": "USD",
        "cik": "0000059558",
        "fillingDate": "2007-11-07",
        "acceptedDate": "2007-11-07 16:40:56",
        "calendarYear": "2007",
        "period": "Q3",
        "revenue": 2681000000,
        "costOfRevenue": 0,
        "grossProfit": 2681000000,
        "grossProfitRatio": 1,
        "researchAndDevelopmentExpenses": 0,
        "generalAndAdministrativeExpenses": 441000000,
        "sellingAndMarketingExpenses": 0,
        "sellingGeneralAndAdministrativeExpenses": 441000000,
        "otherExpenses": 1643000000,
        "operatingExpenses": 2084000000,
        "costAndExpenses": 2222000000,
        "interestIncome": 0,
        "interestExpense": 69000000,
        "depreciationAndAmortization": -7000000,
        "ebitda": 482000000,
        "ebitdaratio": 0.1797836628,
        "operatingIncome": 528000000,
        "operatingIncomeRatio": 0.1969414398,
        "totalOtherIncomeExpensesNet": -80000000,
        "incomeBeforeTax": 459000000,
        "incomeBeforeTaxRatio": 0.1712047743,
        "incomeTaxExpense": 129000000,
        "netIncome": 330000000,
        "netIncomeRatio": 0.1230883999,
        "eps": 1.22,
        "epsdiluted": 1.21,
        "weightedAverageShsOut": 269395799,
        "weightedAverageShsOutDil": 272487687,
        "link": "https://www.sec.gov/Archives/edgar/data/59558/000119312507238528/0001193125-07-238528-index.htm",
        "finalLink": "https://www.sec.gov/Archives/edgar/data/59558/000119312507238528/d10q.htm"
    },
    {
        "date": "2007-06-30",
        "symbol": "LNC",
        "reportedCurrency": "USD",
        "cik": "0000059558",
        "fillingDate": "2007-08-09",
        "acceptedDate": "2007-08-09 15:52:05",
        "calendarYear": "2007",
        "period": "Q2",
        "revenue": 2740000000,
        "costOfRevenue": 0,
        "grossProfit": 2740000000,
        "grossProfitRatio": 1,
        "researchAndDevelopmentExpenses": 0,
        "generalAndAdministrativeExpenses": 475000000,
        "sellingAndMarketingExpenses": 0,
        "sellingGeneralAndAdministrativeExpenses": 475000000,
        "otherExpenses": 1598000000,
        "operatingExpenses": 2073000000,
        "costAndExpenses": 2206000000,
        "interestIncome": 0,
        "interestExpense": 73000000,
        "depreciationAndAmortization": -24000000,
        "ebitda": 574000000,
        "ebitdaratio": 0.2094890511,
        "operatingIncome": 607000000,
        "operatingIncomeRatio": 0.2215328467,
        "totalOtherIncomeExpensesNet": -82000000,
        "incomeBeforeTax": 534000000,
        "incomeBeforeTaxRatio": 0.1948905109,
        "incomeTaxExpense": 158000000,
        "netIncome": 376000000,
        "netIncomeRatio": 0.1372262774,
        "eps": 1.39,
        "epsdiluted": 1.37,
        "weightedAverageShsOut": 270566521,
        "weightedAverageShsOutDil": 274403573,
        "link": "https://www.sec.gov/Archives/edgar/data/59558/000119312507177407/0001193125-07-177407-index.htm",
        "finalLink": "https://www.sec.gov/Archives/edgar/data/59558/000119312507177407/d10q.htm"
    },
    {
        "date": "2007-03-31",
        "symbol": "LNC",
        "reportedCurrency": "USD",
        "cik": "0000059558",
        "fillingDate": "2007-05-10",
        "acceptedDate": "2007-05-10 14:01:57",
        "calendarYear": "2007",
        "period": "Q1",
        "revenue": 2670000000,
        "costOfRevenue": 0,
        "grossProfit": 2670000000,
        "grossProfitRatio": 1,
        "researchAndDevelopmentExpenses": 0,
        "generalAndAdministrativeExpenses": 1194000000,
        "sellingAndMarketingExpenses": 0,
        "sellingGeneralAndAdministrativeExpenses": 1194000000,
        "otherExpenses": 815000000,
        "operatingExpenses": 2009000000,
        "costAndExpenses": 2101000000,
        "interestIncome": 0,
        "interestExpense": 61000000,
        "depreciationAndAmortization": -6000000,
        "ebitda": 1157000000,
        "ebitdaratio": 0.4333333333,
        "operatingIncome": 630000000,
        "operatingIncomeRatio": 0.2359550562,
        "totalOtherIncomeExpensesNet": -72000000,
        "incomeBeforeTax": 569000000,
        "incomeBeforeTaxRatio": 0.2131086142,
        "incomeTaxExpense": 173000000,
        "netIncome": 396000000,
        "netIncomeRatio": 0.1483146067,
        "eps": 1.44,
        "epsdiluted": 1.42,
        "weightedAverageShsOut": 275000000,
        "weightedAverageShsOutDil": 278873239,
        "link": "https://www.sec.gov/Archives/edgar/data/59558/000095015907000647/0000950159-07-000647-index.htm",
        "finalLink": "https://www.sec.gov/Archives/edgar/data/59558/000095015907000647/lincoln3-3110q.htm"
    },
    {
        "date": "2006-12-31",
        "symbol": "LNC",
        "reportedCurrency": "USD",
        "cik": "0000059558",
        "fillingDate": "2007-03-01",
        "acceptedDate": "2007-03-01 15:14:25",
        "calendarYear": "2006",
        "period": "Q4",
        "revenue": 2658000000,
        "costOfRevenue": 0,
        "grossProfit": 2658000000,
        "grossProfitRatio": 1,
        "researchAndDevelopmentExpenses": 0,
        "generalAndAdministrativeExpenses": 0,
        "sellingAndMarketingExpenses": 0,
        "sellingGeneralAndAdministrativeExpenses": 0,
        "otherExpenses": -228000000,
        "operatingExpenses": -228000000,
        "costAndExpenses": 2127000000,
        "interestIncome": 0,
        "interestExpense": 71000000,
        "depreciationAndAmortization": -3000000,
        "ebitda": 599000000,
        "ebitdaratio": 0.2253574116,
        "operatingIncome": 602000000,
        "operatingIncomeRatio": 0.2264860798,
        "totalOtherIncomeExpensesNet": 531000000,
        "incomeBeforeTax": 531000000,
        "incomeBeforeTaxRatio": 0.1997742664,
        "incomeTaxExpense": 149000000,
        "netIncome": 382000000,
        "netIncomeRatio": 0.1437170805,
        "eps": 1.51,
        "epsdiluted": 1.49,
        "weightedAverageShsOut": 252363042,
        "weightedAverageShsOutDil": 256169266,
        "link": "https://www.sec.gov/Archives/edgar/data/59558/000119312507044247/0001193125-07-044247-index.htm",
        "finalLink": "https://www.sec.gov/Archives/edgar/data/59558/000119312507044247/d10k.htm"
    },
    {
        "date": "2006-09-30",
        "symbol": "LNC",
        "reportedCurrency": "USD",
        "cik": "0000059558",
        "fillingDate": "2006-11-09",
        "acceptedDate": "2006-11-09 15:16:30",
        "calendarYear": "2006",
        "period": "Q3",
        "revenue": 2487000000,
        "costOfRevenue": 0,
        "grossProfit": 2487000000,
        "grossProfitRatio": 1,
        "researchAndDevelopmentExpenses": 0,
        "generalAndAdministrativeExpenses": 1201000000,
        "sellingAndMarketingExpenses": 0,
        "sellingGeneralAndAdministrativeExpenses": 1201000000,
        "otherExpenses": 728000000,
        "operatingExpenses": 1929000000,
        "costAndExpenses": 2027000000,
        "interestIncome": 0,
        "interestExpense": 67000000,
        "depreciationAndAmortization": -4000000,
        "ebitda": 523000000,
        "ebitdaratio": 0.2102935263,
        "operatingIncome": 527000000,
        "operatingIncomeRatio": 0.2119018898,
        "totalOtherIncomeExpensesNet": -67000000,
        "incomeBeforeTax": 460000000,
        "incomeBeforeTaxRatio": 0.1849618014,
        "incomeTaxExpense": 96000000,
        "netIncome": 364000000,
        "netIncomeRatio": 0.1463610776,
        "eps": 1.31,
        "epsdiluted": 1.29,
        "weightedAverageShsOut": 277862595,
        "weightedAverageShsOutDil": 282170543,
        "link": "https://www.sec.gov/Archives/edgar/data/59558/000095015906001517/0000950159-06-001517-index.htm",
        "finalLink": "https://www.sec.gov/Archives/edgar/data/59558/000095015906001517/lincoln10q.htm"
    },
    {
        "date": "2006-06-30",
        "symbol": "LNC",
        "reportedCurrency": "USD",
        "cik": "0000059558",
        "fillingDate": "2006-08-09",
        "acceptedDate": "2006-08-09 14:45:55",
        "calendarYear": "2006",
        "period": "Q2",
        "revenue": 2496000000,
        "costOfRevenue": 0,
        "grossProfit": 2496000000,
        "grossProfitRatio": 1,
        "researchAndDevelopmentExpenses": 0,
        "generalAndAdministrativeExpenses": 0,
        "sellingAndMarketingExpenses": 0,
        "sellingGeneralAndAdministrativeExpenses": 0,
        "otherExpenses": 1896000000,
        "operatingExpenses": 1896000000,
        "costAndExpenses": 1991000000,
        "interestIncome": 0,
        "interestExpense": 65000000,
        "depreciationAndAmortization": -22000000,
        "ebitda": 548000000,
        "ebitdaratio": 0.2195512821,
        "operatingIncome": 570000000,
        "operatingIncomeRatio": 0.2283653846,
        "totalOtherIncomeExpensesNet": -65000000,
        "incomeBeforeTax": 505000000,
        "incomeBeforeTaxRatio": 0.2023237179,
        "incomeTaxExpense": 156000000,
        "netIncome": 349000000,
        "netIncomeRatio": 0.1398237179,
        "eps": 1.25,
        "epsdiluted": 1.23,
        "weightedAverageShsOut": 279200000,
        "weightedAverageShsOutDil": 283739837,
        "link": "https://www.sec.gov/Archives/edgar/data/59558/000095015906001099/0000950159-06-001099-index.htm",
        "finalLink": "https://www.sec.gov/Archives/edgar/data/59558/000095015906001099/lincoln10q.htm"
    },
    {
        "date": "2006-03-31",
        "symbol": "LNC",
        "reportedCurrency": "USD",
        "cik": "0000059558",
        "fillingDate": "2006-05-08",
        "acceptedDate": "2006-05-08 17:27:27",
        "calendarYear": "2006",
        "period": "Q1",
        "revenue": 1417000000,
        "costOfRevenue": 0,
        "grossProfit": 1417000000,
        "grossProfitRatio": 1,
        "researchAndDevelopmentExpenses": 0,
        "generalAndAdministrativeExpenses": 200000000,
        "sellingAndMarketingExpenses": 0,
        "sellingGeneralAndAdministrativeExpenses": 200000000,
        "otherExpenses": 885000000,
        "operatingExpenses": 1085000000,
        "costAndExpenses": 1102000000,
        "interestIncome": 0,
        "interestExpense": 22000000,
        "depreciationAndAmortization": 14000000,
        "ebitda": 351000000,
        "ebitdaratio": 0.247706422,
        "operatingIncome": 337000000,
        "operatingIncomeRatio": 0.2378263938,
        "totalOtherIncomeExpensesNet": -22000000,
        "incomeBeforeTax": 315000000,
        "incomeBeforeTaxRatio": 0.2223006351,
        "incomeTaxExpense": 94000000,
        "netIncome": 221000000,
        "netIncomeRatio": 0.1559633028,
        "eps": 1.27,
        "epsdiluted": 1.24,
        "weightedAverageShsOut": 174015748,
        "weightedAverageShsOutDil": 178225806,
        "link": "https://www.sec.gov/Archives/edgar/data/59558/000095015906000689/0000950159-06-000689-index.htm",
        "finalLink": "https://www.sec.gov/Archives/edgar/data/59558/000095015906000689/lincoln10q.htm"
    },
    {
        "date": "2005-12-31",
        "symbol": "LNC",
        "reportedCurrency": "USD",
        "cik": "0000059558",
        "fillingDate": "2006-03-15",
        "acceptedDate": "2006-03-14 17:40:06",
        "calendarYear": "2005",
        "period": "Q4",
        "revenue": 1388422000,
        "costOfRevenue": 0,
        "grossProfit": 1388422000,
        "grossProfitRatio": 1,
        "researchAndDevelopmentExpenses": 0,
        "generalAndAdministrativeExpenses": 217400000,
        "sellingAndMarketingExpenses": 0,
        "sellingGeneralAndAdministrativeExpenses": 217400000,
        "otherExpenses": -669400000,
        "operatingExpenses": -452000000,
        "costAndExpenses": 1092536000,
        "interestIncome": 0,
        "interestExpense": 22438000,
        "depreciationAndAmortization": 14524000,
        "ebitda": 332848000,
        "ebitdaratio": 0.239731148,
        "operatingIncome": 318324000,
        "operatingIncomeRatio": 0.2292703515,
        "totalOtherIncomeExpensesNet": 295886000,
        "incomeBeforeTax": 295886000,
        "incomeBeforeTaxRatio": 0.2131095589,
        "incomeTaxExpense": 70576000,
        "netIncome": 225310000,
        "netIncomeRatio": 0.1622777513,
        "eps": 1.3,
        "epsdiluted": 1.28,
        "weightedAverageShsOut": 173059714,
        "weightedAverageShsOutDil": 176078198,
        "link": "https://www.sec.gov/Archives/edgar/data/59558/000095015906000400/0000950159-06-000400-index.htm",
        "finalLink": "https://www.sec.gov/Archives/edgar/data/59558/000095015906000400/lincoln10k.htm"
    },
    {
        "date": "2005-09-30",
        "symbol": "LNC",
        "reportedCurrency": "USD",
        "cik": "0000059558",
        "fillingDate": "2005-11-08",
        "acceptedDate": "2005-11-08 14:10:41",
        "calendarYear": "2005",
        "period": "Q3",
        "revenue": 1413100000,
        "costOfRevenue": 0,
        "grossProfit": 1413100000,
        "grossProfitRatio": 1,
        "researchAndDevelopmentExpenses": 0,
        "generalAndAdministrativeExpenses": 249100000,
        "sellingAndMarketingExpenses": 0,
        "sellingGeneralAndAdministrativeExpenses": 249100000,
        "otherExpenses": 821900000,
        "operatingExpenses": 1071000000,
        "costAndExpenses": 1110145000,
        "interestIncome": 0,
        "interestExpense": 21692000,
        "depreciationAndAmortization": 14574000,
        "ebitda": 339221000,
        "ebitdaratio": 0.2400544901,
        "operatingIncome": 324647000,
        "operatingIncomeRatio": 0.229740995,
        "totalOtherIncomeExpensesNet": -21647000,
        "incomeBeforeTax": 302955000,
        "incomeBeforeTaxRatio": 0.2143903475,
        "incomeTaxExpense": 74008000,
        "netIncome": 228947000,
        "netIncomeRatio": 0.1620175501,
        "eps": 1.33,
        "epsdiluted": 1.3,
        "weightedAverageShsOut": 172180451,
        "weightedAverageShsOutDil": 176153846,
        "link": "https://www.sec.gov/Archives/edgar/data/59558/000095015905001273/0000950159-05-001273-index.htm",
        "finalLink": "https://www.sec.gov/Archives/edgar/data/59558/000095015905001273/lincoln10q.htm"
    },
    {
        "date": "2005-06-30",
        "symbol": "LNC",
        "reportedCurrency": "USD",
        "cik": "0000059558",
        "fillingDate": "2005-08-04",
        "acceptedDate": "2005-08-04 10:43:23",
        "calendarYear": "2005",
        "period": "Q2",
        "revenue": 1373176000,
        "costOfRevenue": 0,
        "grossProfit": 1373176000,
        "grossProfitRatio": 1,
        "researchAndDevelopmentExpenses": 0,
        "generalAndAdministrativeExpenses": 235200000,
        "sellingAndMarketingExpenses": 0,
        "sellingGeneralAndAdministrativeExpenses": 235200000,
        "otherExpenses": 879800000,
        "operatingExpenses": 1115000000,
        "costAndExpenses": 1135176000,
        "interestIncome": 0,
        "interestExpense": 22089000,
        "depreciationAndAmortization": 35029000,
        "ebitda": 295118000,
        "ebitdaratio": 0.2149163691,
        "operatingIncome": 260089000,
        "operatingIncomeRatio": 0.1894068932,
        "totalOtherIncomeExpensesNet": -22089000,
        "incomeBeforeTax": 238000000,
        "incomeBeforeTaxRatio": 0.173320827,
        "incomeTaxExpense": 40138000,
        "netIncome": 197862000,
        "netIncomeRatio": 0.1440907793,
        "eps": 1.15,
        "epsdiluted": 1.13,
        "weightedAverageShsOut": 172173913,
        "weightedAverageShsOutDil": 175221239,
        "link": "https://www.sec.gov/Archives/edgar/data/59558/000119312505157257/0001193125-05-157257-index.htm",
        "finalLink": "https://www.sec.gov/Archives/edgar/data/59558/000119312505157257/d10q.htm"
    },
    {
        "date": "2005-03-31",
        "symbol": "LNC",
        "reportedCurrency": "USD",
        "cik": "0000059558",
        "fillingDate": "2005-05-09",
        "acceptedDate": "2005-05-09 16:32:46",
        "calendarYear": "2005",
        "period": "Q1",
        "revenue": 1313239000,
        "costOfRevenue": 0,
        "grossProfit": 1313239000,
        "grossProfitRatio": 1,
        "researchAndDevelopmentExpenses": 0,
        "generalAndAdministrativeExpenses": 212400000,
        "sellingAndMarketingExpenses": 0,
        "sellingGeneralAndAdministrativeExpenses": 212400000,
        "otherExpenses": 840600000,
        "operatingExpenses": 1053000000,
        "costAndExpenses": 1075436000,
        "interestIncome": 0,
        "interestExpense": 22433000,
        "depreciationAndAmortization": 12131000,
        "ebitda": 272131000,
        "ebitdaratio": 0.2072212293,
        "operatingIncome": 260236000,
        "operatingIncomeRatio": 0.1981634721,
        "totalOtherIncomeExpensesNet": -22236000,
        "incomeBeforeTax": 237803000,
        "incomeBeforeTaxRatio": 0.1810812807,
        "incomeTaxExpense": 58867000,
        "netIncome": 178936000,
        "netIncomeRatio": 0.1362554722,
        "eps": 1.03,
        "epsdiluted": 1.01,
        "weightedAverageShsOut": 173786408,
        "weightedAverageShsOutDil": 177227723,
        "link": "https://www.sec.gov/Archives/edgar/data/59558/000119312505100891/0001193125-05-100891-index.htm",
        "finalLink": "https://www.sec.gov/Archives/edgar/data/59558/000119312505100891/d10q.htm"
    },
    {
        "date": "2004-12-31",
        "symbol": "LNC",
        "reportedCurrency": "USD",
        "cik": "0000059558",
        "fillingDate": "2005-03-11",
        "acceptedDate": "2005-03-11 16:46:30",
        "calendarYear": "2004",
        "period": "Q4",
        "revenue": 1347466000,
        "costOfRevenue": 0,
        "grossProfit": 1347466000,
        "grossProfitRatio": 1,
        "researchAndDevelopmentExpenses": 0,
        "generalAndAdministrativeExpenses": 193100000,
        "sellingAndMarketingExpenses": 0,
        "sellingGeneralAndAdministrativeExpenses": 193100000,
        "otherExpenses": 0,
        "operatingExpenses": -704400000,
        "costAndExpenses": 1098400000,
        "interestIncome": 0,
        "interestExpense": 28569000,
        "depreciationAndAmortization": 113738000,
        "ebitda": 391373000,
        "ebitdaratio": 0.2904511134,
        "operatingIncome": 277635000,
        "operatingIncomeRatio": 0.2060423046,
        "totalOtherIncomeExpensesNet": -28569000,
        "incomeBeforeTax": 249066000,
        "incomeBeforeTaxRatio": 0.1848402854,
        "incomeTaxExpense": 59195000,
        "netIncome": 189871000,
        "netIncomeRatio": 0.1409096779,
        "eps": 1.08,
        "epsdiluted": 1.06,
        "weightedAverageShsOut": 176298254,
        "weightedAverageShsOutDil": 178976203,
        "link": "https://www.sec.gov/Archives/edgar/data/59558/000119312505047973/0001193125-05-047973-index.htm",
        "finalLink": "https://www.sec.gov/Archives/edgar/data/59558/000119312505047973/d10k.htm"
    },
    {
        "date": "2004-09-30",
        "symbol": "LNC",
        "reportedCurrency": "USD",
        "cik": "0000059558",
        "fillingDate": "2004-11-08",
        "acceptedDate": "2004-11-08 16:47:39",
        "calendarYear": "2004",
        "period": "Q3",
        "revenue": 1406058000,
        "costOfRevenue": 0,
        "grossProfit": 1406058000,
        "grossProfitRatio": 1,
        "researchAndDevelopmentExpenses": 0,
        "generalAndAdministrativeExpenses": 264600000,
        "sellingAndMarketingExpenses": 0,
        "sellingGeneralAndAdministrativeExpenses": 264600000,
        "otherExpenses": -1352270000,
        "operatingExpenses": -1087670000,
        "costAndExpenses": 1087670000,
        "interestIncome": 0,
        "interestExpense": 24417000000,
        "depreciationAndAmortization": 29465000,
        "ebitda": 372270000,
        "ebitdaratio": 0.2647614821,
        "operatingIncome": 318388000,
        "operatingIncomeRatio": 0.2264401611,
        "totalOtherIncomeExpensesNet": 0,
        "incomeBeforeTax": 318388000,
        "incomeBeforeTaxRatio": 0.2264401611,
        "incomeTaxExpense": 118711000,
        "netIncome": 199677000,
        "netIncomeRatio": 0.1420119227,
        "eps": 1.14,
        "epsdiluted": 1.12,
        "weightedAverageShsOut": 175142982,
        "weightedAverageShsOutDil": 178270536,
        "link": "https://www.sec.gov/Archives/edgar/data/59558/000119312504189570/0001193125-04-189570-index.htm",
        "finalLink": "https://www.sec.gov/Archives/edgar/data/59558/000119312504189570/d10q.htm"
    },
    {
        "date": "2004-06-30",
        "symbol": "LNC",
        "reportedCurrency": "USD",
        "cik": "0000059558",
        "fillingDate": "2004-08-06",
        "acceptedDate": "2004-08-06 14:43:35",
        "calendarYear": "2004",
        "period": "Q2",
        "revenue": 1358719000,
        "costOfRevenue": 0,
        "grossProfit": 1358719000,
        "grossProfitRatio": 1,
        "researchAndDevelopmentExpenses": 0,
        "generalAndAdministrativeExpenses": 252300000,
        "sellingAndMarketingExpenses": 0,
        "sellingGeneralAndAdministrativeExpenses": 252300000,
        "otherExpenses": -1326782000,
        "operatingExpenses": -1074482000,
        "costAndExpenses": 1099144000,
        "interestIncome": 0,
        "interestExpense": 24662000,
        "depreciationAndAmortization": 29707000,
        "ebitda": 313944000,
        "ebitdaratio": 0.2310588135,
        "operatingIncome": 284237000,
        "operatingIncomeRatio": 0.2091948372,
        "totalOtherIncomeExpensesNet": -24662000,
        "incomeBeforeTax": 259575000,
        "incomeBeforeTaxRatio": 0.1910439171,
        "incomeTaxExpense": 72572000,
        "netIncome": 187003000,
        "netIncomeRatio": 0.1376318429,
        "eps": 1.05,
        "epsdiluted": 1.04,
        "weightedAverageShsOut": 178084762,
        "weightedAverageShsOutDil": 179797115,
        "link": "https://www.sec.gov/Archives/edgar/data/59558/000119312504134185/0001193125-04-134185-index.htm",
        "finalLink": "https://www.sec.gov/Archives/edgar/data/59558/000119312504134185/d10q.htm"
    },
    {
        "date": "2004-03-31",
        "symbol": "LNC",
        "reportedCurrency": "USD",
        "cik": "0000059558",
        "fillingDate": "2004-05-07",
        "acceptedDate": "2004-05-07 12:26:48",
        "calendarYear": "2004",
        "period": "Q1",
        "revenue": 1259030000,
        "costOfRevenue": 0,
        "grossProfit": 1259030000,
        "grossProfitRatio": 1,
        "researchAndDevelopmentExpenses": 0,
        "generalAndAdministrativeExpenses": 187500000,
        "sellingAndMarketingExpenses": 0,
        "sellingGeneralAndAdministrativeExpenses": 187500000,
        "otherExpenses": -1239591000,
        "operatingExpenses": -1052091000,
        "costAndExpenses": 1050401000,
        "interestIncome": 0,
        "interestExpense": 22812000,
        "depreciationAndAmortization": 18246000,
        "ebitda": 249687000,
        "ebitdaratio": 0.1983169583,
        "operatingIncome": 206939000,
        "operatingIncomeRatio": 0.1643638357,
        "totalOtherIncomeExpensesNet": 1690000,
        "incomeBeforeTax": 208629000,
        "incomeBeforeTaxRatio": 0.1657061389,
        "incomeTaxExpense": 53670000,
        "netIncome": 130457000,
        "netIncomeRatio": 0.1036170703,
        "eps": 0.73,
        "epsdiluted": 0.72,
        "weightedAverageShsOut": 178708219,
        "weightedAverageShsOutDil": 181190278,
        "link": "https://www.sec.gov/Archives/edgar/data/59558/000119312504081702/0001193125-04-081702-index.htm",
        "finalLink": "https://www.sec.gov/Archives/edgar/data/59558/000119312504081702/d10q.htm"
    },
    {
        "date": "2003-12-31",
        "symbol": "LNC",
        "reportedCurrency": "USD",
        "cik": "0000059558",
        "fillingDate": "2004-03-09",
        "acceptedDate": "2004-03-09 16:50:32",
        "calendarYear": "2003",
        "period": "Q4",
        "revenue": 1702553000,
        "costOfRevenue": 0,
        "grossProfit": 1702553000,
        "grossProfitRatio": 1,
        "researchAndDevelopmentExpenses": 0,
        "generalAndAdministrativeExpenses": 231400000,
        "sellingAndMarketingExpenses": 0,
        "sellingGeneralAndAdministrativeExpenses": 231400000,
        "otherExpenses": 0,
        "operatingExpenses": -663000000,
        "costAndExpenses": 1056805000,
        "interestIncome": 0,
        "interestExpense": 22179000,
        "depreciationAndAmortization": 15552000,
        "ebitda": 683479000,
        "ebitdaratio": 0.4014435968,
        "operatingIncome": 412708000,
        "operatingIncomeRatio": 0.2424053759,
        "totalOtherIncomeExpensesNet": 233040000,
        "incomeBeforeTax": 645748000,
        "incomeBeforeTaxRatio": 0.3792821721,
        "incomeTaxExpense": 196197000,
        "netIncome": 194332000,
        "netIncomeRatio": 0.1141415275,
        "eps": 1.1,
        "epsdiluted": 1.08,
        "weightedAverageShsOut": 177140484,
        "weightedAverageShsOutDil": 179626667,
        "link": "https://www.sec.gov/Archives/edgar/data/59558/000119312504037322/0001193125-04-037322-index.htm",
        "finalLink": "https://www.sec.gov/Archives/edgar/data/59558/000119312504037322/d10k.htm"
    },
    {
        "date": "2003-09-30",
        "symbol": "LNC",
        "reportedCurrency": "USD",
        "cik": "0000059558",
        "fillingDate": "2003-11-04",
        "acceptedDate": "2003-11-04 17:18:35",
        "calendarYear": "2003",
        "period": "Q3",
        "revenue": 1268849000,
        "costOfRevenue": 0,
        "grossProfit": 1268849000,
        "grossProfitRatio": 1,
        "researchAndDevelopmentExpenses": 0,
        "generalAndAdministrativeExpenses": 209800000,
        "sellingAndMarketingExpenses": 0,
        "sellingGeneralAndAdministrativeExpenses": 209800000,
        "otherExpenses": -1273340000,
        "operatingExpenses": -1063540000,
        "costAndExpenses": 1090161000,
        "interestIncome": 0,
        "interestExpense": 26621000,
        "depreciationAndAmortization": 42278000,
        "ebitda": 247587000,
        "ebitdaratio": 0.1951272374,
        "operatingIncome": 205309000,
        "operatingIncomeRatio": 0.1618072757,
        "totalOtherIncomeExpensesNet": 178688000,
        "incomeBeforeTax": 178688000,
        "incomeBeforeTaxRatio": 0.1408268439,
        "incomeTaxExpense": 45375000,
        "netIncome": 133313000,
        "netIncomeRatio": 0.1050660875,
        "eps": 0.75,
        "epsdiluted": 0.74,
        "weightedAverageShsOut": 177750667,
        "weightedAverageShsOutDil": 180152703,
        "link": "https://www.sec.gov/Archives/edgar/data/59558/000092881603000690/0000928816-03-000690-index.htm",
        "finalLink": "https://www.sec.gov/Archives/edgar/data/59558/000092881603000690/lnc1.txt"
    },
    {
        "date": "2003-06-30",
        "symbol": "LNC",
        "reportedCurrency": "USD",
        "cik": "0000059558",
        "fillingDate": "2003-08-08",
        "acceptedDate": "2003-08-08 15:01:15",
        "calendarYear": "2003",
        "period": "Q2",
        "revenue": 1213153000,
        "costOfRevenue": 0,
        "grossProfit": 1213153000,
        "grossProfitRatio": 1,
        "researchAndDevelopmentExpenses": 0,
        "generalAndAdministrativeExpenses": 235400000,
        "sellingAndMarketingExpenses": 0,
        "sellingGeneralAndAdministrativeExpenses": 235400000,
        "otherExpenses": -1237908000,
        "operatingExpenses": -1002508000,
        "costAndExpenses": 1025474000,
        "interestIncome": 0,
        "interestExpense": 22966000,
        "depreciationAndAmortization": 8198000,
        "ebitda": 218843000,
        "ebitdaratio": 0.1803919209,
        "operatingIncome": 210645000,
        "operatingIncomeRatio": 0.1736343231,
        "totalOtherIncomeExpensesNet": 187679000,
        "incomeBeforeTax": 187679000,
        "incomeBeforeTaxRatio": 0.1547034875,
        "incomeTaxExpense": 44977000,
        "netIncome": 142702000,
        "netIncomeRatio": 0.1176290212,
        "eps": 0.81,
        "epsdiluted": 0.8,
        "weightedAverageShsOut": 176175309,
        "weightedAverageShsOutDil": 178377500,
        "link": "https://www.sec.gov/Archives/edgar/data/59558/000092881603000511/0000928816-03-000511-index.htm",
        "finalLink": "https://www.sec.gov/Archives/edgar/data/59558/000092881603000511/lnc1.txt"
    },
    {
        "date": "2003-03-31",
        "symbol": "LNC",
        "reportedCurrency": "USD",
        "cik": "0000059558",
        "fillingDate": "2003-05-09",
        "acceptedDate": "2003-05-09 15:59:30",
        "calendarYear": "2003",
        "period": "Q1",
        "revenue": 1099327000,
        "costOfRevenue": 0,
        "grossProfit": 1099327000,
        "grossProfitRatio": 1,
        "researchAndDevelopmentExpenses": 0,
        "generalAndAdministrativeExpenses": 217800000,
        "sellingAndMarketingExpenses": 0,
        "sellingGeneralAndAdministrativeExpenses": 217800000,
        "otherExpenses": -1258343000,
        "operatingExpenses": -1040543000,
        "costAndExpenses": 1063878000,
        "interestIncome": 0,
        "interestExpense": 23335000,
        "depreciationAndAmortization": 22125000,
        "ebitda": 80909000,
        "ebitdaratio": 0.0735986654,
        "operatingIncome": 58784000,
        "operatingIncomeRatio": 0.0534727156,
        "totalOtherIncomeExpensesNet": 35449000,
        "incomeBeforeTax": 35449000,
        "incomeBeforeTaxRatio": 0.0322460924,
        "incomeTaxExpense": -6140000,
        "netIncome": 41589000,
        "netIncomeRatio": 0.0378313277,
        "eps": 0.23,
        "epsdiluted": 0.23,
        "weightedAverageShsOut": 180821739,
        "weightedAverageShsOutDil": 180821739,
        "link": "https://www.sec.gov/Archives/edgar/data/59558/000092881603000319/0000928816-03-000319-index.htm",
        "finalLink": "https://www.sec.gov/Archives/edgar/data/59558/000092881603000319/lnc1.txt"
    },
    {
        "date": "2002-12-31",
        "symbol": "LNC",
        "reportedCurrency": "USD",
        "cik": "0000059558",
        "fillingDate": "2003-03-18",
        "acceptedDate": "2003-03-18 15:53:53",
        "calendarYear": "2002",
        "period": "Q4",
        "revenue": 1223083000,
        "costOfRevenue": 0,
        "grossProfit": 1223083000,
        "grossProfitRatio": 1,
        "researchAndDevelopmentExpenses": 0,
        "generalAndAdministrativeExpenses": 242400000,
        "sellingAndMarketingExpenses": 0,
        "sellingGeneralAndAdministrativeExpenses": 242400000,
        "otherExpenses": 0,
        "operatingExpenses": -625400000,
        "costAndExpenses": 1162264000,
        "interestIncome": 0,
        "interestExpense": 23470000,
        "depreciationAndAmortization": -30912000,
        "ebitda": 53377000,
        "ebitdaratio": 0.0436413555,
        "operatingIncome": 84289000,
        "operatingIncomeRatio": 0.0689151922,
        "totalOtherIncomeExpensesNet": -23470000,
        "incomeBeforeTax": 60819000,
        "incomeBeforeTaxRatio": 0.0497259793,
        "incomeTaxExpense": -2376000,
        "netIncome": 63195000,
        "netIncomeRatio": 0.0516686112,
        "eps": 0.33,
        "epsdiluted": 0.33,
        "weightedAverageShsOut": 189300000,
        "weightedAverageShsOutDil": 189300000,
        "link": "https://www.sec.gov/Archives/edgar/data/59558/000095013703001522/0000950137-03-001522-index.htm",
        "finalLink": "https://www.sec.gov/Archives/edgar/data/59558/000095013703001522/c75284e10vk.htm"
    },
    {
        "date": "2002-09-30",
        "symbol": "LNC",
        "reportedCurrency": "USD",
        "cik": "0000059558",
        "fillingDate": "2002-11-05",
        "acceptedDate": "2002-11-05 17:30:08",
        "calendarYear": "2002",
        "period": "Q3",
        "revenue": 1140958000,
        "costOfRevenue": 0,
        "grossProfit": 1140958000,
        "grossProfitRatio": 1,
        "researchAndDevelopmentExpenses": 0,
        "generalAndAdministrativeExpenses": 212800000,
        "sellingAndMarketingExpenses": 0,
        "sellingGeneralAndAdministrativeExpenses": 212800000,
        "otherExpenses": -1556416000,
        "operatingExpenses": -1343616000,
        "costAndExpenses": 1367304000,
        "interestIncome": 0,
        "interestExpense": 23688000,
        "depreciationAndAmortization": 55084000,
        "ebitda": -147574000,
        "ebitdaratio": -0.1293421844,
        "operatingIncome": -202658000,
        "operatingIncomeRatio": -0.1776209115,
        "totalOtherIncomeExpensesNet": -226346000,
        "incomeBeforeTax": -226346000,
        "incomeBeforeTaxRatio": -0.198382412,
        "incomeTaxExpense": -100884000,
        "netIncome": -125462000,
        "netIncomeRatio": -0.1099619793,
        "eps": -0.69,
        "epsdiluted": -0.68,
        "weightedAverageShsOut": 181828986,
        "weightedAverageShsOutDil": 184502941,
        "link": "https://www.sec.gov/Archives/edgar/data/59558/000095013702005976/0000950137-02-005976-index.htm",
        "finalLink": "https://www.sec.gov/Archives/edgar/data/59558/000095013702005976/c72779e10vq.htm"
    },
    {
        "date": "2002-06-30",
        "symbol": "LNC",
        "reportedCurrency": "USD",
        "cik": "0000059558",
        "fillingDate": "2002-08-09",
        "acceptedDate": "2002-08-09 13:12:30",
        "calendarYear": "2002",
        "period": "Q2",
        "revenue": 1144980000,
        "costOfRevenue": 0,
        "grossProfit": 1144980000,
        "grossProfitRatio": 1,
        "researchAndDevelopmentExpenses": 0,
        "generalAndAdministrativeExpenses": 204100000,
        "sellingAndMarketingExpenses": 0,
        "sellingGeneralAndAdministrativeExpenses": 204100000,
        "otherExpenses": -1263324000,
        "operatingExpenses": -1059224000,
        "costAndExpenses": 1083873000,
        "interestIncome": 0,
        "interestExpense": 24649000,
        "depreciationAndAmortization": 39769000,
        "ebitda": 42380000,
        "ebitdaratio": 0.037013747,
        "operatingIncome": 85756000,
        "operatingIncomeRatio": 0.0748973781,
        "totalOtherIncomeExpensesNet": 0,
        "incomeBeforeTax": 61107000,
        "incomeBeforeTaxRatio": 0.0533694912,
        "incomeTaxExpense": 1700000,
        "netIncome": 59407000,
        "netIncomeRatio": 0.0518847491,
        "eps": 0.26,
        "epsdiluted": 0.26,
        "weightedAverageShsOut": 185892541,
        "weightedAverageShsOutDil": 188527967,
        "link": "https://www.sec.gov/Archives/edgar/data/59558/000095013702004247/0000950137-02-004247-index.htm",
        "finalLink": "https://www.sec.gov/Archives/edgar/data/59558/000095013702004247/c71029e10vq.htm"
    },
    {
        "date": "2002-03-31",
        "symbol": "LNC",
        "reportedCurrency": "USD",
        "cik": "0000059558",
        "fillingDate": "2002-05-07",
        "acceptedDate": "2002-05-07 12:06:47",
        "calendarYear": "2002",
        "period": "Q1",
        "revenue": 1126440000,
        "costOfRevenue": 0,
        "grossProfit": 1126440000,
        "grossProfitRatio": 1,
        "researchAndDevelopmentExpenses": 0,
        "generalAndAdministrativeExpenses": 208500000,
        "sellingAndMarketingExpenses": 0,
        "sellingGeneralAndAdministrativeExpenses": 208500000,
        "otherExpenses": -1204089000,
        "operatingExpenses": -995589000,
        "costAndExpenses": 1020395000,
        "interestIncome": 0,
        "interestExpense": 24806000,
        "depreciationAndAmortization": 42661000,
        "ebitda": 67467000,
        "ebitdaratio": 0.0598940023,
        "operatingIncome": 130851000,
        "operatingIncomeRatio": 0.116163311,
        "totalOtherIncomeExpensesNet": 0,
        "incomeBeforeTax": 106045000,
        "incomeBeforeTaxRatio": 0.0941417208,
        "incomeTaxExpense": 11594000,
        "netIncome": 94451000,
        "netIncomeRatio": 0.0838491176,
        "eps": 0.46,
        "epsdiluted": 0.45,
        "weightedAverageShsOut": 186848304,
        "weightedAverageShsOutDil": 190009667,
        "link": "https://www.sec.gov/Archives/edgar/data/59558/000092881602000364/0000928816-02-000364-index.htm",
        "finalLink": "https://www.sec.gov/Archives/edgar/data/59558/000092881602000364/lnc1.txt"
    },
    {
        "date": "2001-12-31",
        "symbol": "LNC",
        "reportedCurrency": "USD",
        "cik": "0000059558",
        "fillingDate": "2002-03-22",
        "acceptedDate": "2002-03-22 00:00:00",
        "calendarYear": "2001",
        "period": "Q4",
        "revenue": 1473588000,
        "costOfRevenue": 0,
        "grossProfit": 1473588000,
        "grossProfitRatio": 1,
        "researchAndDevelopmentExpenses": 0,
        "generalAndAdministrativeExpenses": 273100000,
        "sellingAndMarketingExpenses": 0,
        "sellingGeneralAndAdministrativeExpenses": 273100000,
        "otherExpenses": 0,
        "operatingExpenses": 776000000,
        "costAndExpenses": 1283845000,
        "interestIncome": 0,
        "interestExpense": 24966000,
        "depreciationAndAmortization": 38833000,
        "ebitda": 253542000,
        "ebitdaratio": 0.17205759,
        "operatingIncome": -5683049000,
        "operatingIncomeRatio": -3.8566064599,
        "totalOtherIncomeExpensesNet": 189743000,
        "incomeBeforeTax": 189743000,
        "incomeBeforeTaxRatio": 0.1287625849,
        "incomeTaxExpense": 20469000,
        "netIncome": 169221000,
        "netIncomeRatio": 0.1148360329,
        "eps": 0.9,
        "epsdiluted": 0.88,
        "weightedAverageShsOut": 188764360,
        "weightedAverageShsOutDil": 191413684,
        "link": "https://www.sec.gov/Archives/edgar/data/59558/000095013702001497/0000950137-02-001497-index.htm",
        "finalLink": "https://www.sec.gov/Archives/edgar/data/59558/000095013702001497/c68305a1e10-k405a.htm"
    },
    {
        "date": "2001-09-30",
        "symbol": "LNC",
        "reportedCurrency": "USD",
        "cik": "0000059558",
        "fillingDate": "2001-11-06",
        "acceptedDate": "2001-11-06 00:00:00",
        "calendarYear": "2001",
        "period": "Q3",
        "revenue": 1609262000,
        "costOfRevenue": 0,
        "grossProfit": 1609262000,
        "grossProfitRatio": 1,
        "researchAndDevelopmentExpenses": 0,
        "generalAndAdministrativeExpenses": 275000000,
        "sellingAndMarketingExpenses": 0,
        "sellingGeneralAndAdministrativeExpenses": 275000000,
        "otherExpenses": -1705053000,
        "operatingExpenses": -1430053000,
        "costAndExpenses": 1459636000,
        "interestIncome": 0,
        "interestExpense": 29565000,
        "depreciationAndAmortization": 44964000,
        "ebitda": 74529000,
        "ebitdaratio": 0.0463125333,
        "operatingIncome": 179209000,
        "operatingIncomeRatio": 0.1113609841,
        "totalOtherIncomeExpensesNet": 0,
        "incomeBeforeTax": 149626000,
        "incomeBeforeTaxRatio": 0.0929780235,
        "incomeTaxExpense": 30593000,
        "netIncome": 119051000,
        "netIncomeRatio": 0.0739786312,
        "eps": 0.63,
        "epsdiluted": 0.61,
        "weightedAverageShsOut": 189728473,
        "weightedAverageShsOutDil": 194785343,
        "link": "https://www.sec.gov/Archives/edgar/data/59558/000092881601500608/0000928816-01-500608-index.htm",
        "finalLink": "https://www.sec.gov/Archives/edgar/data/59558/000092881601500608/lnc1.txt"
    },
    {
        "date": "2001-06-30",
        "symbol": "LNC",
        "reportedCurrency": "USD",
        "cik": "0000059558",
        "fillingDate": "2001-08-06",
        "acceptedDate": "2001-08-06 00:00:00",
        "calendarYear": "2001",
        "period": "Q2",
        "revenue": 1598992000,
        "costOfRevenue": 0,
        "grossProfit": 1598992000,
        "grossProfitRatio": 1,
        "researchAndDevelopmentExpenses": 0,
        "generalAndAdministrativeExpenses": 252100000,
        "sellingAndMarketingExpenses": 0,
        "sellingGeneralAndAdministrativeExpenses": 252100000,
        "otherExpenses": -1626592000,
        "operatingExpenses": -1374492000,
        "costAndExpenses": 1395278000,
        "interestIncome": 0,
        "interestExpense": 32040000,
        "depreciationAndAmortization": 42408000,
        "ebitda": 266908000,
        "ebitdaratio": 0.1669226613,
        "operatingIncome": 224500000,
        "operatingIncomeRatio": 0.1404009526,
        "totalOtherIncomeExpensesNet": 203714000,
        "incomeBeforeTax": 203714000,
        "incomeBeforeTaxRatio": 0.127401513,
        "incomeTaxExpense": 50724000,
        "netIncome": 141736000,
        "netIncomeRatio": 0.0886408437,
        "eps": 0.76,
        "epsdiluted": 0.74,
        "weightedAverageShsOut": 186494737,
        "weightedAverageShsOutDil": 191535135,
        "link": "https://www.sec.gov/Archives/edgar/data/59558/000092881601500398/0000928816-01-500398-index.htm",
        "finalLink": "https://www.sec.gov/Archives/edgar/data/59558/000092881601500398/linctq1.txt"
    },
    {
        "date": "2001-03-31",
        "symbol": "LNC",
        "reportedCurrency": "USD",
        "cik": "0000059558",
        "fillingDate": "2001-05-04",
        "acceptedDate": "2001-05-04 00:00:00",
        "calendarYear": "2001",
        "period": "Q1",
        "revenue": 1698795000,
        "costOfRevenue": 0,
        "grossProfit": 1698795000,
        "grossProfitRatio": 1,
        "researchAndDevelopmentExpenses": 0,
        "generalAndAdministrativeExpenses": 248900000,
        "sellingAndMarketingExpenses": 0,
        "sellingGeneralAndAdministrativeExpenses": 248900000,
        "otherExpenses": -1696469000,
        "operatingExpenses": -1447569000,
        "costAndExpenses": 1477739000,
        "interestIncome": 0,
        "interestExpense": 34447000,
        "depreciationAndAmortization": 72813000,
        "ebitda": 324039000,
        "ebitdaratio": 0.190746382,
        "operatingIncome": 251226000,
        "operatingIncomeRatio": 0.1478848242,
        "totalOtherIncomeExpensesNet": 221056000,
        "incomeBeforeTax": 221056000,
        "incomeBeforeTaxRatio": 0.130125177,
        "incomeTaxExpense": 56575000,
        "netIncome": 160204000,
        "netIncomeRatio": 0.0943044923,
        "eps": 0.85,
        "epsdiluted": 0.83,
        "weightedAverageShsOut": 188475294,
        "weightedAverageShsOutDil": 193016867,
        "link": "https://www.sec.gov/Archives/edgar/data/59558/000092881601500095/0000928816-01-500095-index.htm",
        "finalLink": "https://www.sec.gov/Archives/edgar/data/59558/000092881601500095/lintq.txt"
    },
    {
        "date": "2000-12-31",
        "symbol": "LNC",
        "reportedCurrency": "USD",
        "cik": "0000059558",
        "fillingDate": "2001-03-12",
        "acceptedDate": "2001-03-12 00:00:00",
        "calendarYear": "2000",
        "period": "Q4",
        "revenue": 1773522000,
        "costOfRevenue": 0,
        "grossProfit": 1773522000,
        "grossProfitRatio": 1,
        "researchAndDevelopmentExpenses": 0,
        "generalAndAdministrativeExpenses": 316100000,
        "sellingAndMarketingExpenses": 0,
        "sellingGeneralAndAdministrativeExpenses": 316100000,
        "otherExpenses": -1867903000,
        "operatingExpenses": -1551803000,
        "costAndExpenses": 1585203000,
        "interestIncome": 0,
        "interestExpense": 33409000,
        "depreciationAndAmortization": 71190000,
        "ebitda": 292909000,
        "ebitdaratio": 0.1651566769,
        "operatingIncome": 221719000,
        "operatingIncomeRatio": 0.1250162107,
        "totalOtherIncomeExpensesNet": 188319000,
        "incomeBeforeTax": 188319000,
        "incomeBeforeTaxRatio": 0.1061836278,
        "incomeTaxExpense": 39368000,
        "netIncome": 148942000,
        "netIncomeRatio": 0.0839809148,
        "eps": 0.78,
        "epsdiluted": 0.77,
        "weightedAverageShsOut": 191249020,
        "weightedAverageShsOutDil": 193142574,
        "link": "https://www.sec.gov/Archives/edgar/data/59558/000092881601000123/0000928816-01-000123-index.htm",
        "finalLink": "https://www.sec.gov/Archives/edgar/data/59558/000092881601000123/0000928816-01-000123-0001.txt"
    },
    {
        "date": "2000-09-30",
        "symbol": "LNC",
        "reportedCurrency": "USD",
        "cik": "0000059558",
        "fillingDate": "2000-10-27",
        "acceptedDate": "2000-10-27 00:00:00",
        "calendarYear": "2000",
        "period": "Q3",
        "revenue": 1716097000,
        "costOfRevenue": 0,
        "grossProfit": 1716097000,
        "grossProfitRatio": 1,
        "researchAndDevelopmentExpenses": 0,
        "generalAndAdministrativeExpenses": 268100000,
        "sellingAndMarketingExpenses": 0,
        "sellingGeneralAndAdministrativeExpenses": 268100000,
        "otherExpenses": -1759410000,
        "operatingExpenses": -1491310000,
        "costAndExpenses": 1525739000,
        "interestIncome": 0,
        "interestExpense": 34409000,
        "depreciationAndAmortization": 35137000,
        "ebitda": 259924000,
        "ebitdaratio": 0.1514623008,
        "operatingIncome": 224787000,
        "operatingIncomeRatio": 0.1309873509,
        "totalOtherIncomeExpensesNet": 190358000,
        "incomeBeforeTax": 190358000,
        "incomeBeforeTaxRatio": 0.1109249652,
        "incomeTaxExpense": 51754000,
        "netIncome": 138624000,
        "netIncomeRatio": 0.0807786506,
        "eps": 0.73,
        "epsdiluted": 0.71,
        "weightedAverageShsOut": 189895890,
        "weightedAverageShsOutDil": 195245070,
        "link": "https://www.sec.gov/Archives/edgar/data/59558/000092881600000446/0000928816-00-000446-index.htm",
        "finalLink": "https://www.sec.gov/Archives/edgar/data/59558/000092881600000446/0000928816-00-000446-0001.txt"
    },
    {
        "date": "2000-06-30",
        "symbol": "LNC",
        "reportedCurrency": "USD",
        "cik": "0000059558",
        "fillingDate": "2000-07-26",
        "acceptedDate": "2000-07-26 00:00:00",
        "calendarYear": "2000",
        "period": "Q2",
        "revenue": 1692663000,
        "costOfRevenue": 0,
        "grossProfit": 1692663000,
        "grossProfitRatio": 1,
        "researchAndDevelopmentExpenses": 0,
        "generalAndAdministrativeExpenses": 266500000,
        "sellingAndMarketingExpenses": 0,
        "sellingGeneralAndAdministrativeExpenses": 266500000,
        "otherExpenses": -1697391000,
        "operatingExpenses": -1430891000,
        "costAndExpenses": 1466034000,
        "interestIncome": 0,
        "interestExpense": 35381000,
        "depreciationAndAmortization": 60930000,
        "ebitda": 118046000,
        "ebitdaratio": 0.0697398124,
        "operatingIncome": 261772000,
        "operatingIncomeRatio": 0.1546509849,
        "totalOtherIncomeExpensesNet": 0,
        "incomeBeforeTax": 226629000,
        "incomeBeforeTaxRatio": 0.1338890258,
        "incomeTaxExpense": 62783000,
        "netIncome": 163608000,
        "netIncomeRatio": 0.0966571609,
        "eps": 0.86,
        "epsdiluted": 0.84,
        "weightedAverageShsOut": 190655096,
        "weightedAverageShsOutDil": 194043413,
        "link": "https://www.sec.gov/Archives/edgar/data/59558/000092881600000333/0000928816-00-000333-index.htm",
        "finalLink": "https://www.sec.gov/Archives/edgar/data/59558/000092881600000333/0000928816-00-000333-0001.txt"
    },
    {
        "date": "2000-03-31",
        "symbol": "LNC",
        "reportedCurrency": "USD",
        "cik": "0000059558",
        "fillingDate": "2000-05-05",
        "acceptedDate": "2000-05-05 00:00:00",
        "calendarYear": "2000",
        "period": "Q1",
        "revenue": 1669225000,
        "costOfRevenue": 0,
        "grossProfit": 1669225000,
        "grossProfitRatio": 1,
        "researchAndDevelopmentExpenses": 0,
        "generalAndAdministrativeExpenses": 297300000,
        "sellingAndMarketingExpenses": 0,
        "sellingGeneralAndAdministrativeExpenses": 297300000,
        "otherExpenses": -1698973000,
        "operatingExpenses": -1401673000,
        "costAndExpenses": 1438240000,
        "interestIncome": 0,
        "interestExpense": 36339000,
        "depreciationAndAmortization": 69755000,
        "ebitda": 337307000,
        "ebitdaratio": 0.2020740164,
        "operatingIncome": 267552000,
        "operatingIncomeRatio": 0.1602851623,
        "totalOtherIncomeExpensesNet": 230985000,
        "incomeBeforeTax": 230985000,
        "incomeBeforeTaxRatio": 0.1383785889,
        "incomeTaxExpense": 60993000,
        "netIncome": 170220000,
        "netIncomeRatio": 0.1019754677,
        "eps": 0.88,
        "epsdiluted": 0.87,
        "weightedAverageShsOut": 193431818,
        "weightedAverageShsOutDil": 195655172,
        "link": "https://www.sec.gov/Archives/edgar/data/59558/000092881600000218/0000928816-00-000218-index.htm",
        "finalLink": "https://www.sec.gov/Archives/edgar/data/59558/000092881600000218/0000928816-00-000218.txt"
    },
    {
        "date": "1999-12-31",
        "symbol": "LNC",
        "reportedCurrency": "USD",
        "cik": "0000059558",
        "fillingDate": "2000-03-10",
        "acceptedDate": "2000-03-10 00:00:00",
        "calendarYear": "1999",
        "period": "Q4",
        "revenue": 1807900000,
        "costOfRevenue": 0,
        "grossProfit": 1807900000,
        "grossProfitRatio": 1,
        "researchAndDevelopmentExpenses": 0,
        "generalAndAdministrativeExpenses": 258000000,
        "sellingAndMarketingExpenses": 0,
        "sellingGeneralAndAdministrativeExpenses": 258000000,
        "otherExpenses": -2050639000,
        "operatingExpenses": -1792639000,
        "costAndExpenses": 4542336000,
        "interestIncome": 0,
        "interestExpense": 34697000,
        "depreciationAndAmortization": 65800000,
        "ebitda": 670461000,
        "ebitdaratio": 0.3708507108,
        "operatingIncome": 15261000,
        "operatingIncomeRatio": 0.0084412855,
        "totalOtherIncomeExpensesNet": 554703000,
        "incomeBeforeTax": 569964000,
        "incomeBeforeTaxRatio": 0.3152630123,
        "incomeTaxExpense": -54090000,
        "netIncome": 34654000,
        "netIncomeRatio": 0.0191680956,
        "eps": 0.18,
        "epsdiluted": 0.17,
        "weightedAverageShsOut": 197533906,
        "weightedAverageShsOutDil": 200110435,
        "link": "https://www.sec.gov/Archives/edgar/data/59558/000092881600000149/0000928816-00-000149-index.htm",
        "finalLink": "https://www.sec.gov/Archives/edgar/data/59558/000092881600000149/0000928816-00-000149-d1.html"
    },
    {
        "date": "1999-09-30",
        "symbol": "LNC",
        "reportedCurrency": "USD",
        "cik": "0000059558",
        "fillingDate": "1999-11-03",
        "acceptedDate": "1999-11-03 00:00:00",
        "calendarYear": "1999",
        "period": "Q3",
        "revenue": 1642100000,
        "costOfRevenue": 0,
        "grossProfit": 1642100000,
        "grossProfitRatio": 1,
        "researchAndDevelopmentExpenses": 0,
        "generalAndAdministrativeExpenses": 285900000,
        "sellingAndMarketingExpenses": 0,
        "sellingGeneralAndAdministrativeExpenses": 285900000,
        "otherExpenses": -1711500000,
        "operatingExpenses": -1425600000,
        "costAndExpenses": 558300000,
        "interestIncome": 0,
        "interestExpense": 33300000,
        "depreciationAndAmortization": 54600000,
        "ebitda": 271100000,
        "ebitdaratio": 0.1650934779,
        "operatingIncome": 216500000,
        "operatingIncomeRatio": 0.1318433713,
        "totalOtherIncomeExpensesNet": 1228700000,
        "incomeBeforeTax": 1445200000,
        "incomeBeforeTaxRatio": 0.8800925644,
        "incomeTaxExpense": 50900000,
        "netIncome": 132300000,
        "netIncomeRatio": 0.0805675659,
        "eps": 0.67,
        "epsdiluted": 0.66,
        "weightedAverageShsOut": 197488060,
        "weightedAverageShsOutDil": 200480303,
        "link": "https://www.sec.gov/Archives/edgar/data/59558/000095013799003876/0000950137-99-003876-index.htm",
        "finalLink": "https://www.sec.gov/Archives/edgar/data/59558/000095013799003876/0000950137-99-003876.txt"
    },
    {
        "date": "1999-06-30",
        "symbol": "LNC",
        "reportedCurrency": "USD",
        "cik": "0000059558",
        "fillingDate": "1999-08-04",
        "acceptedDate": "1999-08-04 00:00:00",
        "calendarYear": "1999",
        "period": "Q2",
        "revenue": 1678300000,
        "costOfRevenue": 0,
        "grossProfit": 1678300000,
        "grossProfitRatio": 1,
        "researchAndDevelopmentExpenses": 0,
        "generalAndAdministrativeExpenses": 0,
        "sellingAndMarketingExpenses": 0,
        "sellingGeneralAndAdministrativeExpenses": 0,
        "otherExpenses": -1443900000,
        "operatingExpenses": -1443900000,
        "costAndExpenses": 570400000,
        "interestIncome": 0,
        "interestExpense": 32600000,
        "depreciationAndAmortization": 37400000,
        "ebitda": 271800000,
        "ebitdaratio": 0.1619495918,
        "operatingIncome": 234400000,
        "operatingIncomeRatio": 0.1396651373,
        "totalOtherIncomeExpensesNet": 1244000000,
        "incomeBeforeTax": 1478400000,
        "incomeBeforeTaxRatio": 0.8808913782,
        "incomeTaxExpense": 53400000,
        "netIncome": 148400000,
        "netIncomeRatio": 0.0884228088,
        "eps": 0.74,
        "epsdiluted": 0.73,
        "weightedAverageShsOut": 200472973,
        "weightedAverageShsOutDil": 203219178,
        "link": "https://www.sec.gov/Archives/edgar/data/59558/000005955899000055/0000059558-99-000055-index.htm",
        "finalLink": "https://www.sec.gov/Archives/edgar/data/59558/000005955899000055/0000059558-99-000055.txt"
    },
    {
        "date": "1999-03-31",
        "symbol": "LNC",
        "reportedCurrency": "USD",
        "cik": "0000059558",
        "fillingDate": "1999-05-10",
        "acceptedDate": "1999-05-10 00:00:00",
        "calendarYear": "1999",
        "period": "Q1",
        "revenue": 1675400000,
        "costOfRevenue": 0,
        "grossProfit": 1675400000,
        "grossProfitRatio": 1,
        "researchAndDevelopmentExpenses": 0,
        "generalAndAdministrativeExpenses": 0,
        "sellingAndMarketingExpenses": 0,
        "sellingGeneralAndAdministrativeExpenses": 0,
        "otherExpenses": -1437800000,
        "operatingExpenses": -1437800000,
        "costAndExpenses": 579600000,
        "interestIncome": 0,
        "interestExpense": 33100000,
        "depreciationAndAmortization": 66500000,
        "ebitda": 304100000,
        "ebitdaratio": 0.1815088934,
        "operatingIncome": 237600000,
        "operatingIncomeRatio": 0.1418168796,
        "totalOtherIncomeExpensesNet": 204485000,
        "incomeBeforeTax": 1473900000,
        "incomeBeforeTaxRatio": 0.8797302137,
        "incomeTaxExpense": 59400000,
        "netIncome": 145100000,
        "netIncomeRatio": 0.0866061836,
        "eps": 0.72,
        "epsdiluted": 0.71,
        "weightedAverageShsOut": 201475000,
        "weightedAverageShsOutDil": 204312676,
        "link": "https://www.sec.gov/Archives/edgar/data/59558/000005955899000041/0000059558-99-000041-index.htm",
        "finalLink": "https://www.sec.gov/Archives/edgar/data/59558/0000059558-99-000041.txt"
    },
    {
        "date": "1998-12-31",
        "symbol": "LNC",
        "reportedCurrency": "USD",
        "cik": "0000059558",
        "fillingDate": "1999-03-11",
        "acceptedDate": "1999-03-11 00:00:00",
        "calendarYear": "1998",
        "period": "Q4",
        "revenue": 1713963000,
        "costOfRevenue": 0,
        "grossProfit": 1713963000,
        "grossProfitRatio": 1,
        "researchAndDevelopmentExpenses": 0,
        "generalAndAdministrativeExpenses": 0,
        "sellingAndMarketingExpenses": 0,
        "sellingGeneralAndAdministrativeExpenses": 0,
        "otherExpenses": -1509314000,
        "operatingExpenses": -1509314000,
        "costAndExpenses": 3891965000,
        "interestIncome": 0,
        "interestExpense": 33451000,
        "depreciationAndAmortization": 111800000,
        "ebitda": 316449000,
        "ebitdaratio": 0.1846300066,
        "operatingIncome": 204649000,
        "operatingIncomeRatio": 0.1194010606,
        "totalOtherIncomeExpensesNet": 492749000,
        "incomeBeforeTax": 697398000,
        "incomeBeforeTaxRatio": 0.4068920974,
        "incomeTaxExpense": 45623000,
        "netIncome": 125575000,
        "netIncomeRatio": 0.0732658756,
        "eps": 0.63,
        "epsdiluted": 0.62,
        "weightedAverageShsOut": 200698819,
        "weightedAverageShsOutDil": 203097610,
        "link": "https://www.sec.gov/Archives/edgar/data/59558/000005955899000016/0000059558-99-000016-index.htm",
        "finalLink": "https://www.sec.gov/Archives/edgar/data/59558/0000059558-99-000016.txt"
    },
    {
        "date": "1998-09-30",
        "symbol": "LNC",
        "reportedCurrency": "USD",
        "cik": "0000059558",
        "fillingDate": "1998-11-05",
        "acceptedDate": "1998-11-05 00:00:00",
        "calendarYear": "1998",
        "period": "Q3",
        "revenue": 1417600000,
        "costOfRevenue": 0,
        "grossProfit": 1417600000,
        "grossProfitRatio": 1,
        "researchAndDevelopmentExpenses": 0,
        "generalAndAdministrativeExpenses": 0,
        "sellingAndMarketingExpenses": 0,
        "sellingGeneralAndAdministrativeExpenses": 0,
        "otherExpenses": -1238100000,
        "operatingExpenses": -1238100000,
        "costAndExpenses": 504300000,
        "interestIncome": 0,
        "interestExpense": 32500000,
        "depreciationAndAmortization": 37100000,
        "ebitda": 69600000,
        "ebitdaratio": 0.0490970655,
        "operatingIncome": 179500000,
        "operatingIncomeRatio": 0.1266224605,
        "totalOtherIncomeExpensesNet": 0,
        "incomeBeforeTax": 1210600000,
        "incomeBeforeTaxRatio": 0.8539785553,
        "incomeTaxExpense": 33600000,
        "netIncome": 113400000,
        "netIncomeRatio": 0.0799943567,
        "eps": 0.57,
        "epsdiluted": 0.56,
        "weightedAverageShsOut": 198947368,
        "weightedAverageShsOutDil": 202500000,
        "link": "https://www.sec.gov/Archives/edgar/data/59558/000005955898000092/0000059558-98-000092-index.htm",
        "finalLink": "https://www.sec.gov/Archives/edgar/data/59558/0000059558-98-000092.txt"
    },
    {
        "date": "1998-06-30",
        "symbol": "LNC",
        "reportedCurrency": "USD",
        "cik": "0000059558",
        "fillingDate": "1998-08-07",
        "acceptedDate": "1998-08-07 00:00:00",
        "calendarYear": "1998",
        "period": "Q2",
        "revenue": 1507500000,
        "costOfRevenue": 0,
        "grossProfit": 1507500000,
        "grossProfitRatio": 1,
        "researchAndDevelopmentExpenses": 0,
        "generalAndAdministrativeExpenses": 0,
        "sellingAndMarketingExpenses": 0,
        "sellingGeneralAndAdministrativeExpenses": 0,
        "otherExpenses": -1267100000,
        "operatingExpenses": -1267100000,
        "costAndExpenses": 499000000,
        "interestIncome": 0,
        "interestExpense": 27700000,
        "depreciationAndAmortization": 39900000,
        "ebitda": 67600000,
        "ebitdaratio": 0.0448424544,
        "operatingIncome": 240400000,
        "operatingIncomeRatio": 0.1594693201,
        "totalOtherIncomeExpensesNet": 0,
        "incomeBeforeTax": 1373900000,
        "incomeBeforeTaxRatio": 0.9113764511,
        "incomeTaxExpense": 64000000,
        "netIncome": 148700000,
        "netIncomeRatio": 0.0986401327,
        "eps": 0.74,
        "epsdiluted": 0.73,
        "weightedAverageShsOut": 200945946,
        "weightedAverageShsOutDil": 203698630,
        "link": "https://www.sec.gov/Archives/edgar/data/59558/000005955898000087/0000059558-98-000087-index.htm",
        "finalLink": "https://www.sec.gov/Archives/edgar/data/59558/000005955898000087/"
    },
    {
        "date": "1998-03-31",
        "symbol": "LNC",
        "reportedCurrency": "USD",
        "cik": "0000059558",
        "fillingDate": "1998-05-06",
        "acceptedDate": "1998-05-06 00:00:00",
        "calendarYear": "1998",
        "period": "Q1",
        "revenue": 1448000000,
        "costOfRevenue": 0,
        "grossProfit": 1448000000,
        "grossProfitRatio": 1,
        "researchAndDevelopmentExpenses": 0,
        "generalAndAdministrativeExpenses": 0,
        "sellingAndMarketingExpenses": 0,
        "sellingGeneralAndAdministrativeExpenses": 0,
        "otherExpenses": -1258200000,
        "operatingExpenses": -1258200000,
        "costAndExpenses": 497000000,
        "interestIncome": 0,
        "interestExpense": 23400000,
        "depreciationAndAmortization": 53100000,
        "ebitda": 76500000,
        "ebitdaratio": 0.0528314917,
        "operatingIncome": 189800000,
        "operatingIncomeRatio": 0.1310773481,
        "totalOtherIncomeExpensesNet": 0,
        "incomeBeforeTax": 1290200000,
        "incomeBeforeTaxRatio": 0.8910220994,
        "incomeTaxExpense": 44400000,
        "netIncome": 122000000,
        "netIncomeRatio": 0.0842541436,
        "eps": 0.61,
        "epsdiluted": 0.6,
        "weightedAverageShsOut": 200000000,
        "weightedAverageShsOutDil": 203333333,
        "link": "https://www.sec.gov/Archives/edgar/data/59558/000005955898000072/0000059558-98-000072-index.htm",
        "finalLink": "https://www.sec.gov/Archives/edgar/data/59558/0000059558-98-000072.txt"
    },
    {
        "date": "1997-12-31",
        "symbol": "LNC",
        "reportedCurrency": "USD",
        "cik": "0000059558",
        "fillingDate": "1998-03-18",
        "acceptedDate": "1998-03-18 00:00:00",
        "calendarYear": "1997",
        "period": "Q4",
        "revenue": 1305279000,
        "costOfRevenue": 0,
        "grossProfit": 1305279000,
        "grossProfitRatio": 1,
        "researchAndDevelopmentExpenses": 0,
        "generalAndAdministrativeExpenses": 0,
        "sellingAndMarketingExpenses": 0,
        "sellingGeneralAndAdministrativeExpenses": 0,
        "otherExpenses": -668816000,
        "operatingExpenses": -668816000,
        "costAndExpenses": 3617798000,
        "interestIncome": 0,
        "interestExpense": 22524000,
        "depreciationAndAmortization": -56300000,
        "ebitda": 1105000,
        "ebitdaratio": 0.0008465623,
        "operatingIncome": 636463000,
        "operatingIncomeRatio": 0.4876068641,
        "totalOtherIncomeExpensesNet": 34881000,
        "incomeBeforeTax": 34881000,
        "incomeBeforeTaxRatio": 0.0267230224,
        "incomeTaxExpense": -25249000,
        "netIncome": 639188000,
        "netIncomeRatio": 0.4896945404,
        "eps": 3.12,
        "epsdiluted": 3.07,
        "weightedAverageShsOut": 205046762,
        "weightedAverageShsOutDil": 208015145,
        "link": "https://www.sec.gov/Archives/edgar/data/59558/000005955898000043/0000059558-98-000043-index.htm",
        "finalLink": "https://www.sec.gov/Archives/edgar/data/59558/0000059558-98-000043.txt"
    },
    {
        "date": "1997-09-30",
        "symbol": "LNC",
        "reportedCurrency": "USD",
        "cik": "0000059558",
        "fillingDate": "1997-11-12",
        "acceptedDate": "1997-11-12 00:00:00",
        "calendarYear": "1997",
        "period": "Q3",
        "revenue": 1267000000,
        "costOfRevenue": 0,
        "grossProfit": 1267000000,
        "grossProfitRatio": 1,
        "researchAndDevelopmentExpenses": 0,
        "generalAndAdministrativeExpenses": 0,
        "sellingAndMarketingExpenses": 0,
        "sellingGeneralAndAdministrativeExpenses": 0,
        "otherExpenses": -1022700000,
        "operatingExpenses": -1022700000,
        "costAndExpenses": 363300000,
        "interestIncome": 0,
        "interestExpense": 24500000,
        "depreciationAndAmortization": 44100000,
        "ebitda": 68600000,
        "ebitdaratio": 0.0541436464,
        "operatingIncome": 244300000,
        "operatingIncomeRatio": 0.1928176796,
        "totalOtherIncomeExpensesNet": 0,
        "incomeBeforeTax": 1158200000,
        "incomeBeforeTaxRatio": 0.9141278611,
        "incomeTaxExpense": 48500000,
        "netIncome": 171300000,
        "netIncomeRatio": 0.1352012628,
        "eps": 0.83,
        "epsdiluted": 0.83,
        "weightedAverageShsOut": 206385542,
        "weightedAverageShsOutDil": 206385542,
        "link": "https://www.sec.gov/Archives/edgar/data/59558/000005955897000082/0000059558-97-000082-index.htm",
        "finalLink": "https://www.sec.gov/Archives/edgar/data/59558/0000059558-97-000082.txt"
    },
    {
        "date": "1997-06-30",
        "symbol": "LNC",
        "reportedCurrency": "USD",
        "cik": "0000059558",
        "fillingDate": "1997-08-14",
        "acceptedDate": "1997-08-14 00:00:00",
        "calendarYear": "1997",
        "period": "Q2",
        "revenue": 1128100000,
        "costOfRevenue": 0,
        "grossProfit": 1128100000,
        "grossProfitRatio": 1,
        "researchAndDevelopmentExpenses": 0,
        "generalAndAdministrativeExpenses": 0,
        "sellingAndMarketingExpenses": 0,
        "sellingGeneralAndAdministrativeExpenses": 0,
        "otherExpenses": -1154300000,
        "operatingExpenses": -1154300000,
        "costAndExpenses": 502800000,
        "interestIncome": 0,
        "interestExpense": 23200000,
        "depreciationAndAmortization": 101500000,
        "ebitda": 124700000,
        "ebitdaratio": 0.1105398458,
        "operatingIncome": -26200000,
        "operatingIncomeRatio": -0.0232248914,
        "totalOtherIncomeExpensesNet": 0,
        "incomeBeforeTax": 828500000,
        "incomeBeforeTaxRatio": 0.7344207074,
        "incomeTaxExpense": -41600000,
        "netIncome": -7800000,
        "netIncomeRatio": -0.0069142806,
        "eps": -0.03,
        "epsdiluted": -0.03,
        "weightedAverageShsOut": 260000000,
        "weightedAverageShsOutDil": 260000000,
        "link": "https://www.sec.gov/Archives/edgar/data/59558/000095013797002760/0000950137-97-002760-index.htm",
        "finalLink": "https://www.sec.gov/Archives/edgar/data/59558/0000950137-97-002760.txt"
    },
    {
        "date": "1997-03-31",
        "symbol": "LNC",
        "reportedCurrency": "USD",
        "cik": "0000059558",
        "fillingDate": "1997-04-30",
        "acceptedDate": "1997-04-30 00:00:00",
        "calendarYear": "1997",
        "period": "Q1",
        "revenue": 1700800000,
        "costOfRevenue": 0,
        "grossProfit": 1700800000,
        "grossProfitRatio": 1,
        "researchAndDevelopmentExpenses": 0,
        "generalAndAdministrativeExpenses": 0,
        "sellingAndMarketingExpenses": 0,
        "sellingGeneralAndAdministrativeExpenses": 0,
        "otherExpenses": -1500800000,
        "operatingExpenses": -1500800000,
        "costAndExpenses": 510600000,
        "interestIncome": 0,
        "interestExpense": 22300000,
        "depreciationAndAmortization": 51200000,
        "ebitda": 73500000,
        "ebitdaratio": 0.0432149577,
        "operatingIncome": 200000000,
        "operatingIncomeRatio": 0.1175917215,
        "totalOtherIncomeExpensesNet": 0,
        "incomeBeforeTax": 1128700000,
        "incomeBeforeTaxRatio": 0.6636288805,
        "incomeTaxExpense": 46400000,
        "netIncome": 131300000,
        "netIncomeRatio": 0.0771989652,
        "eps": 0.64,
        "epsdiluted": 0.64,
        "weightedAverageShsOut": 205156250,
        "weightedAverageShsOutDil": 205156250,
        "link": "https://www.sec.gov/Archives/edgar/data/59558/000005955897000052/0000059558-97-000052-index.htm",
        "finalLink": "https://www.sec.gov/Archives/edgar/data/59558/0000059558-97-000052.txt"
    },
    {
        "date": "1996-12-31",
        "symbol": "LNC",
        "reportedCurrency": "USD",
        "cik": "0000059558",
        "fillingDate": "1997-03-13",
        "acceptedDate": "1997-03-13 00:00:00",
        "calendarYear": "1996",
        "period": "Q4",
        "revenue": 1751970000,
        "costOfRevenue": 0,
        "grossProfit": 1751970000,
        "grossProfitRatio": 1,
        "researchAndDevelopmentExpenses": 0,
        "generalAndAdministrativeExpenses": 0,
        "sellingAndMarketingExpenses": 0,
        "sellingGeneralAndAdministrativeExpenses": 0,
        "otherExpenses": -1538740000,
        "operatingExpenses": -1538740000,
        "costAndExpenses": 4496105000,
        "interestIncome": 0,
        "interestExpense": 24020000,
        "depreciationAndAmortization": 48900000,
        "ebitda": 262130000,
        "ebitdaratio": 0.1496201419,
        "operatingIncome": 213230000,
        "operatingIncomeRatio": 0.1217087051,
        "totalOtherIncomeExpensesNet": 499035000,
        "incomeBeforeTax": 712265000,
        "incomeBeforeTaxRatio": 0.4065509113,
        "incomeTaxExpense": 46452000,
        "netIncome": 142758000,
        "netIncomeRatio": 0.081484272,
        "eps": 0.69,
        "epsdiluted": 0.68,
        "weightedAverageShsOut": 207498182,
        "weightedAverageShsOutDil": 210906776,
        "link": "https://www.sec.gov/Archives/edgar/data/59558/000005955897000032/0000059558-97-000032-index.htm",
        "finalLink": "https://www.sec.gov/Archives/edgar/data/59558/0000059558-97-000032.txt"
    },
    {
        "date": "1996-09-30",
        "symbol": "LNC",
        "reportedCurrency": "USD",
        "cik": "0000059558",
        "fillingDate": "1996-11-12",
        "acceptedDate": "1996-11-12 00:00:00",
        "calendarYear": "1996",
        "period": "Q3",
        "revenue": 1684900000,
        "costOfRevenue": 0,
        "grossProfit": 1684900000,
        "grossProfitRatio": 1,
        "researchAndDevelopmentExpenses": 0,
        "generalAndAdministrativeExpenses": 0,
        "sellingAndMarketingExpenses": 0,
        "sellingGeneralAndAdministrativeExpenses": 0,
        "otherExpenses": -1504300000,
        "operatingExpenses": -1504300000,
        "costAndExpenses": 518700000,
        "interestIncome": 0,
        "interestExpense": 23500000,
        "depreciationAndAmortization": 29000000,
        "ebitda": 52500000,
        "ebitdaratio": 0.0311591192,
        "operatingIncome": 180600000,
        "operatingIncomeRatio": 0.1071873702,
        "totalOtherIncomeExpensesNet": 0,
        "incomeBeforeTax": 1054800000,
        "incomeBeforeTaxRatio": 0.6260312185,
        "incomeTaxExpense": 37800000,
        "netIncome": 119300000,
        "netIncomeRatio": 0.070805389,
        "eps": 0.58,
        "epsdiluted": 0.58,
        "weightedAverageShsOut": 205862069,
        "weightedAverageShsOutDil": 205862069,
        "link": "https://www.sec.gov/Archives/edgar/data/59558/000005955896000053/0000059558-96-000053-index.htm",
        "finalLink": "https://www.sec.gov/Archives/edgar/data/59558/0000059558-96-000053.txt"
    },
    {
        "date": "1996-06-30",
        "symbol": "LNC",
        "reportedCurrency": "USD",
        "cik": "0000059558",
        "fillingDate": "1996-08-13",
        "acceptedDate": "1996-08-13 00:00:00",
        "calendarYear": "1996",
        "period": "Q2",
        "revenue": 1643900000,
        "costOfRevenue": 0,
        "grossProfit": 1643900000,
        "grossProfitRatio": 1,
        "researchAndDevelopmentExpenses": 0,
        "generalAndAdministrativeExpenses": 0,
        "sellingAndMarketingExpenses": 0,
        "sellingGeneralAndAdministrativeExpenses": 0,
        "otherExpenses": -1472800000,
        "operatingExpenses": -1472800000,
        "costAndExpenses": 483300000,
        "interestIncome": 0,
        "interestExpense": 18700000,
        "depreciationAndAmortization": 24200000,
        "ebitda": 42900000,
        "ebitdaratio": 0.0260964779,
        "operatingIncome": 171100000,
        "operatingIncomeRatio": 0.1040817568,
        "totalOtherIncomeExpensesNet": 0,
        "incomeBeforeTax": 1021900000,
        "incomeBeforeTaxRatio": 0.6216314861,
        "incomeTaxExpense": 41000000,
        "netIncome": 111400000,
        "netIncomeRatio": 0.0677656792,
        "eps": 0.54,
        "epsdiluted": 0.54,
        "weightedAverageShsOut": 206296296,
        "weightedAverageShsOutDil": 206296296,
        "link": "https://www.sec.gov/Archives/edgar/data/59558/000005955896000051/0000059558-96-000051-index.htm",
        "finalLink": "https://www.sec.gov/Archives/edgar/data/59558/0000059558-96-000051.txt"
    },
    {
        "date": "1996-03-31",
        "symbol": "LNC",
        "reportedCurrency": "USD",
        "cik": "0000059558",
        "fillingDate": "1996-05-10",
        "acceptedDate": "1996-05-10 00:00:00",
        "calendarYear": "1996",
        "period": "Q1",
        "revenue": 1640500000,
        "costOfRevenue": 0,
        "grossProfit": 1640500000,
        "grossProfitRatio": 1,
        "researchAndDevelopmentExpenses": 0,
        "generalAndAdministrativeExpenses": 0,
        "sellingAndMarketingExpenses": 0,
        "sellingGeneralAndAdministrativeExpenses": 0,
        "otherExpenses": -1428100000,
        "operatingExpenses": -1428100000,
        "costAndExpenses": 510900000,
        "interestIncome": 0,
        "interestExpense": 18500000,
        "depreciationAndAmortization": 44200000,
        "ebitda": 62700000,
        "ebitdaratio": 0.0382200549,
        "operatingIncome": 212400000,
        "operatingIncomeRatio": 0.1294727217,
        "totalOtherIncomeExpensesNet": 0,
        "incomeBeforeTax": 1077500000,
        "incomeBeforeTaxRatio": 0.6568119476,
        "incomeTaxExpense": 53900000,
        "netIncome": 140000000,
        "netIncomeRatio": 0.0853398354,
        "eps": 0.67,
        "epsdiluted": 0.67,
        "weightedAverageShsOut": 208955224,
        "weightedAverageShsOutDil": 208955224,
        "link": "https://www.sec.gov/Archives/edgar/data/59558/000005955896000038/0000059558-96-000038-index.htm",
        "finalLink": "https://www.sec.gov/Archives/edgar/data/59558/0000059558-96-000038.txt"
    },
    {
        "date": "1995-12-31",
        "symbol": "LNC",
        "reportedCurrency": "USD",
        "cik": "0000059558",
        "fillingDate": "1996-03-27",
        "acceptedDate": "1996-03-27 00:00:00",
        "calendarYear": "1995",
        "period": "Q4",
        "revenue": 1834856000,
        "costOfRevenue": 0,
        "grossProfit": 1834856000,
        "grossProfitRatio": 1,
        "researchAndDevelopmentExpenses": 0,
        "generalAndAdministrativeExpenses": 0,
        "sellingAndMarketingExpenses": 0,
        "sellingGeneralAndAdministrativeExpenses": 0,
        "otherExpenses": -1727165000,
        "operatingExpenses": -1727165000,
        "costAndExpenses": 4638381000,
        "interestIncome": 0,
        "interestExpense": 19116000,
        "depreciationAndAmortization": 13400000,
        "ebitda": 121091000,
        "ebitdaratio": 0.0659948247,
        "operatingIncome": 107691000,
        "operatingIncomeRatio": 0.0586917992,
        "totalOtherIncomeExpensesNet": 518884000,
        "incomeBeforeTax": 626575000,
        "incomeBeforeTaxRatio": 0.3414845634,
        "incomeTaxExpense": 13489000,
        "netIncome": 75086000,
        "netIncomeRatio": 0.0409220124,
        "eps": 0.36,
        "epsdiluted": 0.36,
        "weightedAverageShsOut": 208287689,
        "weightedAverageShsOutDil": 208287689,
        "link": "https://www.sec.gov/Archives/edgar/data/59558/000005955896000019/0000059558-96-000019-index.htm",
        "finalLink": "https://www.sec.gov/Archives/edgar/data/59558/000005955896000019/"
    },
    {
        "date": "1995-09-30",
        "symbol": "LNC",
        "reportedCurrency": "USD",
        "cik": "0000059558",
        "fillingDate": "1995-10-26",
        "acceptedDate": "1995-10-26 00:00:00",
        "calendarYear": "1995",
        "period": "Q3",
        "revenue": 1668500000,
        "costOfRevenue": 0,
        "grossProfit": 1668500000,
        "grossProfitRatio": 1,
        "researchAndDevelopmentExpenses": 0,
        "generalAndAdministrativeExpenses": 0,
        "sellingAndMarketingExpenses": 0,
        "sellingGeneralAndAdministrativeExpenses": 0,
        "otherExpenses": -1445600000,
        "operatingExpenses": -1445600000,
        "costAndExpenses": 477200000,
        "interestIncome": 0,
        "interestExpense": 19500000,
        "depreciationAndAmortization": 14700000,
        "ebitda": 34200000,
        "ebitdaratio": 0.0204974528,
        "operatingIncome": 222900000,
        "operatingIncomeRatio": 0.1335930476,
        "totalOtherIncomeExpensesNet": 0,
        "incomeBeforeTax": 1091100000,
        "incomeBeforeTaxRatio": 0.6539406653,
        "incomeTaxExpense": 49100000,
        "netIncome": 154300000,
        "netIncomeRatio": 0.0924782739,
        "eps": 0.74,
        "epsdiluted": 0.74,
        "weightedAverageShsOut": 208513514,
        "weightedAverageShsOutDil": 208513514,
        "link": "https://www.sec.gov/Archives/edgar/data/59558/000005955895000062/0000059558-95-000062-index.htm",
        "finalLink": "https://www.sec.gov/Archives/edgar/data/59558/0000059558-95-000062.txt"
    },
    {
        "date": "1995-06-30",
        "symbol": "LNC",
        "reportedCurrency": "USD",
        "cik": "0000059558",
        "fillingDate": "1995-08-10",
        "acceptedDate": "1995-08-10 00:00:00",
        "calendarYear": "1995",
        "period": "Q2",
        "revenue": 1646200000,
        "costOfRevenue": 0,
        "grossProfit": 1646200000,
        "grossProfitRatio": 1,
        "researchAndDevelopmentExpenses": 0,
        "generalAndAdministrativeExpenses": 0,
        "sellingAndMarketingExpenses": 0,
        "sellingGeneralAndAdministrativeExpenses": 0,
        "otherExpenses": -1471200000,
        "operatingExpenses": -1471200000,
        "costAndExpenses": 474000000,
        "interestIncome": 0,
        "interestExpense": 20000000,
        "depreciationAndAmortization": 16400000,
        "ebitda": 36400000,
        "ebitdaratio": 0.0221115296,
        "operatingIncome": 175000000,
        "operatingIncomeRatio": 0.1063054307,
        "totalOtherIncomeExpensesNet": 0,
        "incomeBeforeTax": 1036000000,
        "incomeBeforeTaxRatio": 0.6293281497,
        "incomeTaxExpense": 37100000,
        "netIncome": 117900000,
        "netIncomeRatio": 0.0716194873,
        "eps": 0.57,
        "epsdiluted": 0.57,
        "weightedAverageShsOut": 206842105,
        "weightedAverageShsOutDil": 206842105,
        "link": "https://www.sec.gov/Archives/edgar/data/59558/000005955895000056/0000059558-95-000056-index.htm",
        "finalLink": "https://www.sec.gov/Archives/edgar/data/59558/0000059558-95-000056.txt"
    },
    {
        "date": "1995-03-31",
        "symbol": "LNC",
        "reportedCurrency": "USD",
        "cik": "0000059558",
        "fillingDate": "1995-05-12",
        "acceptedDate": "1995-05-12 00:00:00",
        "calendarYear": "1995",
        "period": "Q1",
        "revenue": 1483700000,
        "costOfRevenue": 0,
        "grossProfit": 1483700000,
        "grossProfitRatio": 1,
        "researchAndDevelopmentExpenses": 0,
        "generalAndAdministrativeExpenses": 0,
        "sellingAndMarketingExpenses": 0,
        "sellingGeneralAndAdministrativeExpenses": 0,
        "otherExpenses": -1290200000,
        "operatingExpenses": -1290200000,
        "costAndExpenses": 417200000,
        "interestIncome": 0,
        "interestExpense": 14000000,
        "depreciationAndAmortization": 15300000,
        "ebitda": 29300000,
        "ebitdaratio": 0.0197479275,
        "operatingIncome": 193500000,
        "operatingIncomeRatio": 0.1304172002,
        "totalOtherIncomeExpensesNet": 0,
        "incomeBeforeTax": 937500000,
        "incomeBeforeTaxRatio": 0.6318662802,
        "incomeTaxExpense": 44700000,
        "netIncome": 134800000,
        "netIncomeRatio": 0.0908539462,
        "eps": 0.65,
        "epsdiluted": 0.65,
        "weightedAverageShsOut": 207384615,
        "weightedAverageShsOutDil": 207384615,
        "link": "https://www.sec.gov/Archives/edgar/data/59558/000005955895000050/0000059558-95-000050-index.htm",
        "finalLink": "https://www.sec.gov/Archives/edgar/data/59558/0000059558-95-000050.txt"
    },
    {
        "date": "1994-12-31",
        "symbol": "LNC",
        "reportedCurrency": "USD",
        "cik": "0000059558",
        "fillingDate": "1995-03-27",
        "acceptedDate": "1995-03-27 00:00:00",
        "calendarYear": "1994",
        "period": "Q4",
        "revenue": 1871350000,
        "costOfRevenue": 0,
        "grossProfit": 1871350000,
        "grossProfitRatio": 1,
        "researchAndDevelopmentExpenses": 0,
        "generalAndAdministrativeExpenses": 0,
        "sellingAndMarketingExpenses": 0,
        "sellingGeneralAndAdministrativeExpenses": 0,
        "otherExpenses": -1763049000,
        "operatingExpenses": -1763049000,
        "costAndExpenses": 5330769000,
        "interestIncome": 0,
        "interestExpense": 14620000,
        "depreciationAndAmortization": 15700000,
        "ebitda": 124001000,
        "ebitdaratio": 0.0662628584,
        "operatingIncome": 108301000,
        "operatingIncomeRatio": 0.0578731931,
        "totalOtherIncomeExpensesNet": 267980000,
        "incomeBeforeTax": 376281000,
        "incomeBeforeTaxRatio": 0.2010746253,
        "incomeTaxExpense": -17000,
        "netIncome": 93698000,
        "netIncomeRatio": 0.0500697358,
        "eps": 0.47,
        "epsdiluted": 0.45,
        "weightedAverageShsOut": 197446884,
        "weightedAverageShsOutDil": 206612903,
        "link": "https://www.sec.gov/Archives/edgar/data/59558/000005955895000020/0000059558-95-000020-index.htm",
        "finalLink": "https://www.sec.gov/Archives/edgar/data/59558/0000059558-95-000020.txt"
    },
    {
        "date": "1994-09-30",
        "symbol": "LNC",
        "reportedCurrency": "USD",
        "cik": "0000059558",
        "fillingDate": "1994-11-03",
        "acceptedDate": "1994-11-03 00:00:00",
        "calendarYear": "1994",
        "period": "Q3",
        "revenue": 1561700000,
        "costOfRevenue": 0,
        "grossProfit": 1561700000,
        "grossProfitRatio": 1,
        "researchAndDevelopmentExpenses": 0,
        "generalAndAdministrativeExpenses": 0,
        "sellingAndMarketingExpenses": 0,
        "sellingGeneralAndAdministrativeExpenses": 0,
        "otherExpenses": -1490700000,
        "operatingExpenses": -1490700000,
        "costAndExpenses": 400000000,
        "interestIncome": 0,
        "interestExpense": 12100000,
        "depreciationAndAmortization": 14600000,
        "ebitda": 26700000,
        "ebitdaratio": 0.0170967535,
        "operatingIncome": 71000000,
        "operatingIncomeRatio": 0.0454632772,
        "totalOtherIncomeExpensesNet": 0,
        "incomeBeforeTax": 657200000,
        "incomeBeforeTaxRatio": 0.4208234616,
        "incomeTaxExpense": 500000,
        "netIncome": 58400000,
        "netIncomeRatio": 0.0373951463,
        "eps": 0.28,
        "epsdiluted": 0.28,
        "weightedAverageShsOut": 208571429,
        "weightedAverageShsOutDil": 208571429,
        "link": "https://www.sec.gov/Archives/edgar/data/59558/000005955894000057/0000059558-94-000057-index.htm",
        "finalLink": "https://www.sec.gov/Archives/edgar/data/59558/0000059558-94-000057.txt"
    },
    {
        "date": "1994-06-30",
        "symbol": "LNC",
        "reportedCurrency": "USD",
        "cik": "0000059558",
        "fillingDate": "1994-08-01",
        "acceptedDate": "1994-08-01 00:00:00",
        "calendarYear": "1994",
        "period": "Q2",
        "revenue": 1544400000,
        "costOfRevenue": 0,
        "grossProfit": 1544400000,
        "grossProfitRatio": 1,
        "researchAndDevelopmentExpenses": 0,
        "generalAndAdministrativeExpenses": 0,
        "sellingAndMarketingExpenses": 0,
        "sellingGeneralAndAdministrativeExpenses": 0,
        "otherExpenses": -1491500000,
        "operatingExpenses": -1491500000,
        "costAndExpenses": 395400000,
        "interestIncome": 0,
        "interestExpense": 11500000,
        "depreciationAndAmortization": 12800000,
        "ebitda": 24300000,
        "ebitdaratio": 0.0157342657,
        "operatingIncome": 52900000,
        "operatingIncomeRatio": 0.0342527843,
        "totalOtherIncomeExpensesNet": 0,
        "incomeBeforeTax": 629600000,
        "incomeBeforeTaxRatio": 0.4076664077,
        "incomeTaxExpense": -5400000,
        "netIncome": 46800000,
        "netIncomeRatio": 0.0303030303,
        "eps": 0.23,
        "epsdiluted": 0.23,
        "weightedAverageShsOut": 203478261,
        "weightedAverageShsOutDil": 203478261,
        "link": "https://www.sec.gov/Archives/edgar/data/59558/000005955894000043/0000059558-94-000043-index.htm",
        "finalLink": "https://www.sec.gov/Archives/edgar/data/59558/0000059558-94-000043.txt"
    },
    {
        "date": "1994-03-31",
        "symbol": "LNC",
        "reportedCurrency": "USD",
        "cik": "0000059558",
        "fillingDate": "1994-05-12",
        "acceptedDate": "1994-05-12 00:00:00",
        "calendarYear": "1994",
        "period": "Q1",
        "revenue": 2006800000,
        "costOfRevenue": 0,
        "grossProfit": 2006800000,
        "grossProfitRatio": 1,
        "researchAndDevelopmentExpenses": 0,
        "generalAndAdministrativeExpenses": 0,
        "sellingAndMarketingExpenses": 0,
        "sellingGeneralAndAdministrativeExpenses": 0,
        "otherExpenses": -1813200000,
        "operatingExpenses": -1813200000,
        "costAndExpenses": 481800000,
        "interestIncome": 0,
        "interestExpense": 11300000,
        "depreciationAndAmortization": 15600000,
        "ebitda": 26900000,
        "ebitdaratio": 0.013404425,
        "operatingIncome": 193600000,
        "operatingIncomeRatio": 0.0964719952,
        "totalOtherIncomeExpensesNet": 0,
        "incomeBeforeTax": 814800000,
        "incomeBeforeTaxRatio": 0.4060195336,
        "incomeTaxExpense": 31300000,
        "netIncome": 151000000,
        "netIncomeRatio": 0.0752441698,
        "eps": 0.73,
        "epsdiluted": 0.73,
        "weightedAverageShsOut": 206849315,
        "weightedAverageShsOutDil": 206849315,
        "link": "https://www.sec.gov/Archives/edgar/data/59558/000005955894000034/0000059558-94-000034-index.htm",
        "finalLink": "https://www.sec.gov/Archives/edgar/data/59558/0000059558-94-000034.txt"
    },
    {
        "date": "1993-12-31",
        "symbol": "LNC",
        "reportedCurrency": "USD",
        "cik": "0000059558",
        "fillingDate": "1994-03-30",
        "acceptedDate": "1994-03-30 00:00:00",
        "calendarYear": "1993",
        "period": "Q4",
        "revenue": 2121500000,
        "costOfRevenue": 0,
        "grossProfit": 2121500000,
        "grossProfitRatio": 1,
        "researchAndDevelopmentExpenses": 0,
        "generalAndAdministrativeExpenses": 0,
        "sellingAndMarketingExpenses": 0,
        "sellingGeneralAndAdministrativeExpenses": 0,
        "otherExpenses": -2034600000,
        "operatingExpenses": -2034600000,
        "costAndExpenses": 537800000,
        "interestIncome": 0,
        "interestExpense": 11500000,
        "depreciationAndAmortization": 16000000,
        "ebitda": 27500000,
        "ebitdaratio": 0.0129625265,
        "operatingIncome": 86900000,
        "operatingIncomeRatio": 0.0409615838,
        "totalOtherIncomeExpensesNet": 0,
        "incomeBeforeTax": 659400000,
        "incomeBeforeTaxRatio": 0.3108178176,
        "incomeTaxExpense": 43800000,
        "netIncome": 31600000,
        "netIncomeRatio": 0.0148951214,
        "eps": 0.16,
        "epsdiluted": 0.16,
        "weightedAverageShsOut": 194645161,
        "weightedAverageShsOutDil": 194645161,
        "link": "https://www.sec.gov/Archives/edgar/data/59558/000005955894000014/0000059558-94-000014-index.htm",
        "finalLink": "https://www.sec.gov/Archives/edgar/data/59558/0000059558-94-000014.txt"
    },
    {
        "date": "1993-09-30",
        "symbol": "LNC",
        "reportedCurrency": "USD",
        "cik": "0000059558",
        "fillingDate": "1993-09-30",
        "acceptedDate": "1993-09-30 00:00:00",
        "calendarYear": "1993",
        "period": "Q3",
        "revenue": 2327400000,
        "costOfRevenue": 0,
        "grossProfit": 2327400000,
        "grossProfitRatio": 1,
        "researchAndDevelopmentExpenses": 0,
        "generalAndAdministrativeExpenses": 0,
        "sellingAndMarketingExpenses": 0,
        "sellingGeneralAndAdministrativeExpenses": 0,
        "otherExpenses": -2053300000,
        "operatingExpenses": -2053300000,
        "costAndExpenses": 563200000,
        "interestIncome": 0,
        "interestExpense": 10900000,
        "depreciationAndAmortization": 14700000,
        "ebitda": 25600000,
        "ebitdaratio": 0.0109993985,
        "operatingIncome": 274100000,
        "operatingIncomeRatio": 0.1177709032,
        "totalOtherIncomeExpensesNet": 0,
        "incomeBeforeTax": 998000000,
        "incomeBeforeTaxRatio": 0.4288046747,
        "incomeTaxExpense": 75700000,
        "netIncome": 187500000,
        "netIncomeRatio": 0.0805620005,
        "eps": 0.91,
        "epsdiluted": 0.91,
        "weightedAverageShsOut": 206043956,
        "weightedAverageShsOutDil": 206043956,
        "link": null,
        "finalLink": null
    },
    {
        "date": "1993-06-30",
        "symbol": "LNC",
        "reportedCurrency": "USD",
        "cik": "0000059558",
        "fillingDate": "1993-06-30",
        "acceptedDate": "1993-06-30 00:00:00",
        "calendarYear": "1993",
        "period": "Q2",
        "revenue": 1901900000,
        "costOfRevenue": 0,
        "grossProfit": 1901900000,
        "grossProfitRatio": 1,
        "researchAndDevelopmentExpenses": 0,
        "generalAndAdministrativeExpenses": 0,
        "sellingAndMarketingExpenses": 0,
        "sellingGeneralAndAdministrativeExpenses": 0,
        "otherExpenses": -1719100000,
        "operatingExpenses": -1719100000,
        "costAndExpenses": 497600000,
        "interestIncome": 0,
        "interestExpense": 10800000,
        "depreciationAndAmortization": 13500000,
        "ebitda": 24300000,
        "ebitdaratio": 0.012776697,
        "operatingIncome": 182800000,
        "operatingIncomeRatio": 0.0961144119,
        "totalOtherIncomeExpensesNet": 0,
        "incomeBeforeTax": 787900000,
        "incomeBeforeTaxRatio": 0.4142699406,
        "incomeTaxExpense": 44800000,
        "netIncome": 127200000,
        "netIncomeRatio": 0.0668804879,
        "eps": 0.62,
        "epsdiluted": 0.62,
        "weightedAverageShsOut": 205161290,
        "weightedAverageShsOutDil": 205161290,
        "link": null,
        "finalLink": null
    },
    {
        "date": "1993-03-31",
        "symbol": "LNC",
        "reportedCurrency": "USD",
        "cik": "0000059558",
        "fillingDate": "1993-03-31",
        "acceptedDate": "1993-03-31 00:00:00",
        "calendarYear": "1993",
        "period": "Q1",
        "revenue": 2003100000,
        "costOfRevenue": 0,
        "grossProfit": 2003100000,
        "grossProfitRatio": 1,
        "researchAndDevelopmentExpenses": 0,
        "generalAndAdministrativeExpenses": 0,
        "sellingAndMarketingExpenses": 0,
        "sellingGeneralAndAdministrativeExpenses": 0,
        "otherExpenses": -1947200000,
        "operatingExpenses": -1947200000,
        "costAndExpenses": 475000000,
        "interestIncome": 0,
        "interestExpense": 11100000,
        "depreciationAndAmortization": 14700000,
        "ebitda": 25800000,
        "ebitdaratio": 0.0128800359,
        "operatingIncome": 55900000,
        "operatingIncomeRatio": 0.0279067445,
        "totalOtherIncomeExpensesNet": 0,
        "incomeBeforeTax": 681100000,
        "incomeBeforeTaxRatio": 0.3400229644,
        "incomeTaxExpense": 29900000,
        "netIncome": 14900000,
        "netIncomeRatio": 0.0074384704,
        "eps": 0.07,
        "epsdiluted": 0.07,
        "weightedAverageShsOut": 212857143,
        "weightedAverageShsOutDil": 212857143,
        "link": null,
        "finalLink": null
    },
    {
        "date": "1992-12-31",
        "symbol": "LNC",
        "reportedCurrency": "USD",
        "cik": "0000059558",
        "fillingDate": "1992-12-31",
        "acceptedDate": "1992-12-31 00:00:00",
        "calendarYear": "1992",
        "period": "Q4",
        "revenue": 2028200000,
        "costOfRevenue": 0,
        "grossProfit": 2028200000,
        "grossProfitRatio": 1,
        "researchAndDevelopmentExpenses": 0,
        "generalAndAdministrativeExpenses": 0,
        "sellingAndMarketingExpenses": 0,
        "sellingGeneralAndAdministrativeExpenses": 0,
        "otherExpenses": -1932200000,
        "operatingExpenses": -1932200000,
        "costAndExpenses": 604800000,
        "interestIncome": 0,
        "interestExpense": 15000000,
        "depreciationAndAmortization": 13100000,
        "ebitda": 28100000,
        "ebitdaratio": 0.0138546494,
        "operatingIncome": 96000000,
        "operatingIncomeRatio": 0.0473326102,
        "totalOtherIncomeExpensesNet": 0,
        "incomeBeforeTax": 1061600000,
        "incomeBeforeTaxRatio": 0.5234197811,
        "incomeTaxExpense": 3800000,
        "netIncome": 77200000,
        "netIncomeRatio": 0.0380633074,
        "eps": 0.44,
        "epsdiluted": 0.44,
        "weightedAverageShsOut": 176377551,
        "weightedAverageShsOutDil": 176377551,
        "link": null,
        "finalLink": null
    },
    {
        "date": "1992-09-30",
        "symbol": "LNC",
        "reportedCurrency": "USD",
        "cik": "0000059558",
        "fillingDate": "1992-09-30",
        "acceptedDate": "1992-09-30 00:00:00",
        "calendarYear": "1992",
        "period": "Q3",
        "revenue": 2137600000,
        "costOfRevenue": 0,
        "grossProfit": 2137600000,
        "grossProfitRatio": 1,
        "researchAndDevelopmentExpenses": 0,
        "generalAndAdministrativeExpenses": 0,
        "sellingAndMarketingExpenses": 0,
        "sellingGeneralAndAdministrativeExpenses": 0,
        "otherExpenses": -1978000000,
        "operatingExpenses": -1978000000,
        "costAndExpenses": 471900000,
        "interestIncome": 0,
        "interestExpense": 10900000,
        "depreciationAndAmortization": 16200000,
        "ebitda": 27100000,
        "ebitdaratio": 0.0126777695,
        "operatingIncome": 159600000,
        "operatingIncomeRatio": 0.0746631737,
        "totalOtherIncomeExpensesNet": 0,
        "incomeBeforeTax": 815100000,
        "incomeBeforeTaxRatio": 0.381315494,
        "incomeTaxExpense": 34100000,
        "netIncome": 114600000,
        "netIncomeRatio": 0.0536115269,
        "eps": 0.62,
        "epsdiluted": 0.62,
        "weightedAverageShsOut": 184838710,
        "weightedAverageShsOutDil": 184838710,
        "link": null,
        "finalLink": null
    },
    {
        "date": "1992-06-30",
        "symbol": "LNC",
        "reportedCurrency": "USD",
        "cik": "0000059558",
        "fillingDate": "1992-06-30",
        "acceptedDate": "1992-06-30 00:00:00",
        "calendarYear": "1992",
        "period": "Q2",
        "revenue": 1943400000,
        "costOfRevenue": 0,
        "grossProfit": 1943400000,
        "grossProfitRatio": 1,
        "researchAndDevelopmentExpenses": 0,
        "generalAndAdministrativeExpenses": 0,
        "sellingAndMarketingExpenses": 0,
        "sellingGeneralAndAdministrativeExpenses": 0,
        "otherExpenses": -1864000000,
        "operatingExpenses": -1864000000,
        "costAndExpenses": 416300000,
        "interestIncome": 0,
        "interestExpense": 13300000,
        "depreciationAndAmortization": 15900000,
        "ebitda": 29200000,
        "ebitdaratio": 0.0150252135,
        "operatingIncome": 79400000,
        "operatingIncomeRatio": 0.0408562313,
        "totalOtherIncomeExpensesNet": 0,
        "incomeBeforeTax": 620400000,
        "incomeBeforeTaxRatio": 0.3192343316,
        "incomeTaxExpense": -3700000,
        "netIncome": 69800000,
        "netIncomeRatio": 0.0359164351,
        "eps": 0.38,
        "epsdiluted": 0.38,
        "weightedAverageShsOut": 183684211,
        "weightedAverageShsOutDil": 183684211,
        "link": null,
        "finalLink": null
    },
    {
        "date": "1992-03-31",
        "symbol": "LNC",
        "reportedCurrency": "USD",
        "cik": "0000059558",
        "fillingDate": "1992-03-31",
        "acceptedDate": "1992-03-31 00:00:00",
        "calendarYear": "1992",
        "period": "Q1",
        "revenue": 1924900000,
        "costOfRevenue": 0,
        "grossProfit": 1924900000,
        "grossProfitRatio": 1,
        "researchAndDevelopmentExpenses": 0,
        "generalAndAdministrativeExpenses": 0,
        "sellingAndMarketingExpenses": 0,
        "sellingGeneralAndAdministrativeExpenses": 0,
        "otherExpenses": -1781400000,
        "operatingExpenses": -1781400000,
        "costAndExpenses": 416000000,
        "interestIncome": 0,
        "interestExpense": 14600000,
        "depreciationAndAmortization": 14900000,
        "ebitda": 29500000,
        "ebitdaratio": 0.0153254715,
        "operatingIncome": 143500000,
        "operatingIncomeRatio": 0.0745493272,
        "totalOtherIncomeExpensesNet": 0,
        "incomeBeforeTax": 716600000,
        "incomeBeforeTaxRatio": 0.3722790794,
        "incomeTaxExpense": 27600000,
        "netIncome": 101300000,
        "netIncomeRatio": 0.0526261104,
        "eps": 0.55,
        "epsdiluted": 0.55,
        "weightedAverageShsOut": 184181818,
        "weightedAverageShsOutDil": 184181818,
        "link": null,
        "finalLink": null
    },
    {
        "date": "1991-12-31",
        "symbol": "LNC",
        "reportedCurrency": "USD",
        "cik": "0000059558",
        "fillingDate": "1991-12-31",
        "acceptedDate": "1991-12-31 00:00:00",
        "calendarYear": "1991",
        "period": "Q4",
        "revenue": 2570300000,
        "costOfRevenue": 0,
        "grossProfit": 2570300000,
        "grossProfitRatio": 1,
        "researchAndDevelopmentExpenses": 0,
        "generalAndAdministrativeExpenses": 0,
        "sellingAndMarketingExpenses": 0,
        "sellingGeneralAndAdministrativeExpenses": 0,
        "otherExpenses": -2581500000,
        "operatingExpenses": -2581500000,
        "costAndExpenses": 596600000,
        "interestIncome": 0,
        "interestExpense": 16400000,
        "depreciationAndAmortization": 14300000,
        "ebitda": 3100000,
        "ebitdaratio": 0.0012060849,
        "operatingIncome": -11200000,
        "operatingIncomeRatio": -0.004357468,
        "totalOtherIncomeExpensesNet": 0,
        "incomeBeforeTax": 811800000,
        "incomeBeforeTaxRatio": 0.3158386181,
        "incomeTaxExpense": -43600000,
        "netIncome": 16000000,
        "netIncomeRatio": 0.0062249543,
        "eps": 0.0942,
        "epsdiluted": 0.0942,
        "weightedAverageShsOut": 169913043,
        "weightedAverageShsOutDil": 169913043,
        "link": null,
        "finalLink": null
    },
    {
        "date": "1991-09-30",
        "symbol": "LNC",
        "reportedCurrency": "USD",
        "cik": "0000059558",
        "fillingDate": "1991-09-30",
        "acceptedDate": "1991-09-30 00:00:00",
        "calendarYear": "1991",
        "period": "Q3",
        "revenue": 2237800000,
        "costOfRevenue": 0,
        "grossProfit": 2237800000,
        "grossProfitRatio": 1,
        "researchAndDevelopmentExpenses": 0,
        "generalAndAdministrativeExpenses": 0,
        "sellingAndMarketingExpenses": 0,
        "sellingGeneralAndAdministrativeExpenses": 0,
        "otherExpenses": -2129600000,
        "operatingExpenses": -2129600000,
        "costAndExpenses": 476400000,
        "interestIncome": 0,
        "interestExpense": 17900000,
        "depreciationAndAmortization": 23500000,
        "ebitda": 41400000,
        "ebitdaratio": 0.0185003128,
        "operatingIncome": 108200000,
        "operatingIncomeRatio": 0.0483510591,
        "totalOtherIncomeExpensesNet": 0,
        "incomeBeforeTax": 655900000,
        "incomeBeforeTaxRatio": 0.2931003664,
        "incomeTaxExpense": 15700000,
        "netIncome": 74600000,
        "netIncomeRatio": 0.0333363124,
        "eps": 0.41,
        "epsdiluted": 0.41,
        "weightedAverageShsOut": 181951220,
        "weightedAverageShsOutDil": 181951220,
        "link": null,
        "finalLink": null
    },
    {
        "date": "1991-06-30",
        "symbol": "LNC",
        "reportedCurrency": "USD",
        "cik": "0000059558",
        "fillingDate": "1991-06-30",
        "acceptedDate": "1991-06-30 00:00:00",
        "calendarYear": "1991",
        "period": "Q2",
        "revenue": 2232100000,
        "costOfRevenue": 0,
        "grossProfit": 2232100000,
        "grossProfitRatio": 1,
        "researchAndDevelopmentExpenses": 0,
        "generalAndAdministrativeExpenses": 0,
        "sellingAndMarketingExpenses": 0,
        "sellingGeneralAndAdministrativeExpenses": 0,
        "otherExpenses": -2117600000,
        "operatingExpenses": -2117600000,
        "costAndExpenses": 521200000,
        "interestIncome": 0,
        "interestExpense": 17900000,
        "depreciationAndAmortization": 11100000,
        "ebitda": 29000000,
        "ebitdaratio": 0.0129922495,
        "operatingIncome": 114500000,
        "operatingIncomeRatio": 0.0512969849,
        "totalOtherIncomeExpensesNet": 0,
        "incomeBeforeTax": 675000000,
        "incomeBeforeTaxRatio": 0.3024058062,
        "incomeTaxExpense": 18200000,
        "netIncome": 78400000,
        "netIncomeRatio": 0.0351238744,
        "eps": 0.44,
        "epsdiluted": 0.44,
        "weightedAverageShsOut": 178181818,
        "weightedAverageShsOutDil": 178181818,
        "link": null,
        "finalLink": null
    },
    {
        "date": "1991-03-31",
        "symbol": "LNC",
        "reportedCurrency": "USD",
        "cik": "0000059558",
        "fillingDate": "1991-03-31",
        "acceptedDate": "1991-03-31 00:00:00",
        "calendarYear": "1991",
        "period": "Q1",
        "revenue": 2128800000,
        "costOfRevenue": 0,
        "grossProfit": 2128800000,
        "grossProfitRatio": 1,
        "researchAndDevelopmentExpenses": 0,
        "generalAndAdministrativeExpenses": 0,
        "sellingAndMarketingExpenses": 0,
        "sellingGeneralAndAdministrativeExpenses": 0,
        "otherExpenses": -2070400000,
        "operatingExpenses": -2070400000,
        "costAndExpenses": 492400000,
        "interestIncome": 0,
        "interestExpense": 19000000,
        "depreciationAndAmortization": 12000000,
        "ebitda": 70400000,
        "ebitdaratio": 0.0330702743,
        "operatingIncome": 58400000,
        "operatingIncomeRatio": 0.0274332958,
        "totalOtherIncomeExpensesNet": 0,
        "incomeBeforeTax": 566000000,
        "incomeBeforeTaxRatio": 0.2658774897,
        "incomeTaxExpense": 100000,
        "netIncome": 39300000,
        "netIncomeRatio": 0.0184611048,
        "eps": 0.23,
        "epsdiluted": 0.23,
        "weightedAverageShsOut": 170869565,
        "weightedAverageShsOutDil": 170869565,
        "link": null,
        "finalLink": null
    },
    {
        "date": "1990-12-31",
        "symbol": "LNC",
        "reportedCurrency": "USD",
        "cik": "0000059558",
        "fillingDate": "1990-12-31",
        "acceptedDate": "1990-12-31 00:00:00",
        "calendarYear": "1990",
        "period": "Q4",
        "revenue": 2499400000,
        "costOfRevenue": 0,
        "grossProfit": 2499400000,
        "grossProfitRatio": 1,
        "researchAndDevelopmentExpenses": 0,
        "generalAndAdministrativeExpenses": 0,
        "sellingAndMarketingExpenses": 0,
        "sellingGeneralAndAdministrativeExpenses": 0,
        "otherExpenses": -2437200000,
        "operatingExpenses": -2437200000,
        "costAndExpenses": 478200000,
        "interestIncome": 0,
        "interestExpense": 17100000,
        "depreciationAndAmortization": 9400000,
        "ebitda": 26500000,
        "ebitdaratio": 0.0106025446,
        "operatingIncome": 62200000,
        "operatingIncomeRatio": 0.0248859726,
        "totalOtherIncomeExpensesNet": 0,
        "incomeBeforeTax": 636400000,
        "incomeBeforeTaxRatio": 0.2546211091,
        "incomeTaxExpense": -14100000,
        "netIncome": 59200000,
        "netIncomeRatio": 0.0236856846,
        "eps": 0.35,
        "epsdiluted": 0.35,
        "weightedAverageShsOut": 168888889,
        "weightedAverageShsOutDil": 168888889,
        "link": null,
        "finalLink": null
    },
    {
        "date": "1990-09-30",
        "symbol": "LNC",
        "reportedCurrency": "USD",
        "cik": "0000059558",
        "fillingDate": "1990-09-30",
        "acceptedDate": "1990-09-30 00:00:00",
        "calendarYear": "1990",
        "period": "Q3",
        "revenue": 2004800000,
        "costOfRevenue": 0,
        "grossProfit": 2004800000,
        "grossProfitRatio": 1,
        "researchAndDevelopmentExpenses": 0,
        "generalAndAdministrativeExpenses": 0,
        "sellingAndMarketingExpenses": 0,
        "sellingGeneralAndAdministrativeExpenses": 0,
        "otherExpenses": -1946500000,
        "operatingExpenses": -1946500000,
        "costAndExpenses": 485900000,
        "interestIncome": 0,
        "interestExpense": 17800000,
        "depreciationAndAmortization": 9500000,
        "ebitda": 27300000,
        "ebitdaratio": 0.0136173184,
        "operatingIncome": 58300000,
        "operatingIncomeRatio": 0.0290802075,
        "totalOtherIncomeExpensesNet": 0,
        "incomeBeforeTax": 582100000,
        "incomeBeforeTaxRatio": 0.2903531524,
        "incomeTaxExpense": 2400000,
        "netIncome": 38100000,
        "netIncomeRatio": 0.0190043895,
        "eps": 0.22,
        "epsdiluted": 0.22,
        "weightedAverageShsOut": 173181818,
        "weightedAverageShsOutDil": 173181818,
        "link": null,
        "finalLink": null
    },
    {
        "date": "1990-06-30",
        "symbol": "LNC",
        "reportedCurrency": "USD",
        "cik": "0000059558",
        "fillingDate": "1990-06-30",
        "acceptedDate": "1990-06-30 00:00:00",
        "calendarYear": "1990",
        "period": "Q2",
        "revenue": 2014900000,
        "costOfRevenue": 0,
        "grossProfit": 2014900000,
        "grossProfitRatio": 1,
        "researchAndDevelopmentExpenses": 0,
        "generalAndAdministrativeExpenses": 0,
        "sellingAndMarketingExpenses": 0,
        "sellingGeneralAndAdministrativeExpenses": 0,
        "otherExpenses": -1904200000,
        "operatingExpenses": -1904200000,
        "costAndExpenses": 490500000,
        "interestIncome": 0,
        "interestExpense": 17600000,
        "depreciationAndAmortization": 9500000,
        "ebitda": 27100000,
        "ebitdaratio": 0.013449799,
        "operatingIncome": 110700000,
        "operatingIncomeRatio": 0.0549406918,
        "totalOtherIncomeExpensesNet": 0,
        "incomeBeforeTax": 684600000,
        "incomeBeforeTaxRatio": 0.339768723,
        "incomeTaxExpense": 25100000,
        "netIncome": 68000000,
        "netIncomeRatio": 0.0337485731,
        "eps": 0.39,
        "epsdiluted": 0.39,
        "weightedAverageShsOut": 174358974,
        "weightedAverageShsOutDil": 174358974,
        "link": null,
        "finalLink": null
    },
    {
        "date": "1990-03-31",
        "symbol": "LNC",
        "reportedCurrency": "USD",
        "cik": "0000059558",
        "fillingDate": "1990-03-31",
        "acceptedDate": "1990-03-31 00:00:00",
        "calendarYear": "1990",
        "period": "Q1",
        "revenue": 1970500000,
        "costOfRevenue": 0,
        "grossProfit": 1970500000,
        "grossProfitRatio": 1,
        "researchAndDevelopmentExpenses": 0,
        "generalAndAdministrativeExpenses": 0,
        "sellingAndMarketingExpenses": 0,
        "sellingGeneralAndAdministrativeExpenses": 0,
        "otherExpenses": -1929200000,
        "operatingExpenses": -1929200000,
        "costAndExpenses": 488900000,
        "interestIncome": 0,
        "interestExpense": 19800000,
        "depreciationAndAmortization": 8900000,
        "ebitda": 50200000,
        "ebitdaratio": 0.0254757676,
        "operatingIncome": 41300000,
        "operatingIncomeRatio": 0.0209591474,
        "totalOtherIncomeExpensesNet": 0,
        "incomeBeforeTax": 530400000,
        "incomeBeforeTaxRatio": 0.2691702614,
        "incomeTaxExpense": -4700000,
        "netIncome": 26200000,
        "netIncomeRatio": 0.0132961177,
        "eps": 0.14,
        "epsdiluted": 0.14,
        "weightedAverageShsOut": 187142857,
        "weightedAverageShsOutDil": 187142857,
        "link": null,
        "finalLink": null
    },
    {
        "date": "1989-12-31",
        "symbol": "LNC",
        "reportedCurrency": "USD",
        "cik": "0000059558",
        "fillingDate": "1989-12-31",
        "acceptedDate": "1989-12-31 00:00:00",
        "calendarYear": "1989",
        "period": "Q4",
        "revenue": 2486400000,
        "costOfRevenue": 0,
        "grossProfit": 2486400000,
        "grossProfitRatio": 1,
        "researchAndDevelopmentExpenses": 0,
        "generalAndAdministrativeExpenses": 0,
        "sellingAndMarketingExpenses": 0,
        "sellingGeneralAndAdministrativeExpenses": 0,
        "otherExpenses": -2349200000,
        "operatingExpenses": -2349200000,
        "costAndExpenses": 1757900000,
        "interestIncome": 0,
        "interestExpense": 20100000,
        "depreciationAndAmortization": 10000000,
        "ebitda": 30100000,
        "ebitdaratio": 0.0121058559,
        "operatingIncome": 137200000,
        "operatingIncomeRatio": 0.0551801802,
        "totalOtherIncomeExpensesNet": 0,
        "incomeBeforeTax": 725100000,
        "incomeBeforeTaxRatio": 0.2916264479,
        "incomeTaxExpense": 20000000,
        "netIncome": 97100000,
        "netIncomeRatio": 0.0390524453,
        "eps": 0.58,
        "epsdiluted": 0.58,
        "weightedAverageShsOut": 166776316,
        "weightedAverageShsOutDil": 166776316,
        "link": null,
        "finalLink": null
    },
    {
        "date": "1989-09-30",
        "symbol": "LNC",
        "reportedCurrency": "USD",
        "cik": "0000059558",
        "fillingDate": "1989-09-30",
        "acceptedDate": "1989-09-29 20:00:00",
        "calendarYear": "1989",
        "period": "Q3",
        "revenue": 1870000000,
        "costOfRevenue": 0,
        "grossProfit": 1870000000,
        "grossProfitRatio": 1,
        "researchAndDevelopmentExpenses": 0,
        "generalAndAdministrativeExpenses": 0,
        "sellingAndMarketingExpenses": 0,
        "sellingGeneralAndAdministrativeExpenses": 0,
        "otherExpenses": -1764800000,
        "operatingExpenses": -1764800000,
        "costAndExpenses": 22400000,
        "interestIncome": 0,
        "interestExpense": 22400000,
        "depreciationAndAmortization": 0,
        "ebitda": 0,
        "ebitdaratio": 0,
        "operatingIncome": 105200000,
        "operatingIncomeRatio": 0.0562566845,
        "totalOtherIncomeExpensesNet": 0,
        "incomeBeforeTax": 633900000,
        "incomeBeforeTaxRatio": 0.3389839572,
        "incomeTaxExpense": 18000000,
        "netIncome": 64800000,
        "netIncomeRatio": 0.0346524064,
        "eps": 0.37,
        "epsdiluted": 0.37,
        "weightedAverageShsOut": 175135135,
        "weightedAverageShsOutDil": 175135135,
        "link": "",
        "finalLink": ""
    },
    {
        "date": "1989-06-30",
        "symbol": "LNC",
        "reportedCurrency": "USD",
        "cik": "0000059558",
        "fillingDate": "1989-06-30",
        "acceptedDate": "1989-06-29 20:00:00",
        "calendarYear": "1989",
        "period": "Q2",
        "revenue": 1939500000,
        "costOfRevenue": 0,
        "grossProfit": 1939500000,
        "grossProfitRatio": 1,
        "researchAndDevelopmentExpenses": 0,
        "generalAndAdministrativeExpenses": 0,
        "sellingAndMarketingExpenses": 0,
        "sellingGeneralAndAdministrativeExpenses": 0,
        "otherExpenses": -1883600000,
        "operatingExpenses": -1883600000,
        "costAndExpenses": -1883600000,
        "interestIncome": 0,
        "interestExpense": 0,
        "depreciationAndAmortization": 0,
        "ebitda": 55900000,
        "ebitdaratio": 0.0288218613,
        "operatingIncome": 55900000,
        "operatingIncomeRatio": 0.0288218613,
        "totalOtherIncomeExpensesNet": 0,
        "incomeBeforeTax": 0,
        "incomeBeforeTaxRatio": 0,
        "incomeTaxExpense": -55900000,
        "netIncome": 55900000,
        "netIncomeRatio": 0.0288218613,
        "eps": 0.31,
        "epsdiluted": 0.31,
        "weightedAverageShsOut": 180322581,
        "weightedAverageShsOutDil": 180322581,
        "link": "",
        "finalLink": ""
    },
    {
        "date": "1989-03-31",
        "symbol": "LNC",
        "reportedCurrency": "USD",
        "cik": "0000059558",
        "fillingDate": "1989-03-31",
        "acceptedDate": "1989-03-30 19:00:00",
        "calendarYear": "1989",
        "period": "Q1",
        "revenue": 1785200000,
        "costOfRevenue": 0,
        "grossProfit": 1785200000,
        "grossProfitRatio": 1,
        "researchAndDevelopmentExpenses": 0,
        "generalAndAdministrativeExpenses": 0,
        "sellingAndMarketingExpenses": 0,
        "sellingGeneralAndAdministrativeExpenses": 0,
        "otherExpenses": -1734200000,
        "operatingExpenses": -1734200000,
        "costAndExpenses": -1734200000,
        "interestIncome": 0,
        "interestExpense": 0,
        "depreciationAndAmortization": 0,
        "ebitda": 51000000,
        "ebitdaratio": 0.0285682276,
        "operatingIncome": 51000000,
        "operatingIncomeRatio": 0.0285682276,
        "totalOtherIncomeExpensesNet": 0,
        "incomeBeforeTax": 0,
        "incomeBeforeTaxRatio": 0,
        "incomeTaxExpense": -51000000,
        "netIncome": 51000000,
        "netIncomeRatio": 0.0285682276,
        "eps": 0.29,
        "epsdiluted": 0.29,
        "weightedAverageShsOut": 175862069,
        "weightedAverageShsOutDil": 175862069,
        "link": "",
        "finalLink": ""
    },
    {
        "date": "1988-12-31",
        "symbol": "LNC",
        "reportedCurrency": "USD",
        "cik": "0000059558",
        "fillingDate": "1988-12-31",
        "acceptedDate": "1988-12-30 19:00:00",
        "calendarYear": "1988",
        "period": "Q4",
        "revenue": 2233200000,
        "costOfRevenue": 0,
        "grossProfit": 2233200000,
        "grossProfitRatio": 1,
        "researchAndDevelopmentExpenses": 0,
        "generalAndAdministrativeExpenses": 0,
        "sellingAndMarketingExpenses": 0,
        "sellingGeneralAndAdministrativeExpenses": 0,
        "otherExpenses": -2162100000,
        "operatingExpenses": -2162100000,
        "costAndExpenses": -2162100000,
        "interestIncome": 0,
        "interestExpense": 0,
        "depreciationAndAmortization": 0,
        "ebitda": 71100000,
        "ebitdaratio": 0.0318377217,
        "operatingIncome": 71100000,
        "operatingIncomeRatio": 0.0318377217,
        "totalOtherIncomeExpensesNet": 0,
        "incomeBeforeTax": 0,
        "incomeBeforeTaxRatio": 0,
        "incomeTaxExpense": -71100000,
        "netIncome": 71100000,
        "netIncomeRatio": 0.0318377217,
        "eps": 0.42,
        "epsdiluted": 0.42,
        "weightedAverageShsOut": 168155340,
        "weightedAverageShsOutDil": 168155340,
        "link": "",
        "finalLink": ""
    },
    {
        "date": "1988-09-30",
        "symbol": "LNC",
        "reportedCurrency": "USD",
        "cik": "0000059558",
        "fillingDate": "1988-09-30",
        "acceptedDate": "1988-09-29 20:00:00",
        "calendarYear": "1988",
        "period": "Q3",
        "revenue": 1791300000,
        "costOfRevenue": 0,
        "grossProfit": 1791300000,
        "grossProfitRatio": 1,
        "researchAndDevelopmentExpenses": 0,
        "generalAndAdministrativeExpenses": 0,
        "sellingAndMarketingExpenses": 0,
        "sellingGeneralAndAdministrativeExpenses": 0,
        "otherExpenses": -1797300000,
        "operatingExpenses": -1797300000,
        "costAndExpenses": -1797300000,
        "interestIncome": 0,
        "interestExpense": 0,
        "depreciationAndAmortization": 0,
        "ebitda": -6000000,
        "ebitdaratio": -0.0033495227,
        "operatingIncome": -6000000,
        "operatingIncomeRatio": -0.0033495227,
        "totalOtherIncomeExpensesNet": 0,
        "incomeBeforeTax": 0,
        "incomeBeforeTaxRatio": 0,
        "incomeTaxExpense": 6000000,
        "netIncome": -6000000,
        "netIncomeRatio": -0.0033495227,
        "eps": -0.0339,
        "epsdiluted": -0.0339,
        "weightedAverageShsOut": 176764706,
        "weightedAverageShsOutDil": 176764706,
        "link": "",
        "finalLink": ""
    },
    {
        "date": "1988-06-30",
        "symbol": "LNC",
        "reportedCurrency": "USD",
        "cik": "0000059558",
        "fillingDate": "1988-06-30",
        "acceptedDate": "1988-06-29 20:00:00",
        "calendarYear": "1988",
        "period": "Q2",
        "revenue": 1710000000,
        "costOfRevenue": 0,
        "grossProfit": 1710000000,
        "grossProfitRatio": 1,
        "researchAndDevelopmentExpenses": 0,
        "generalAndAdministrativeExpenses": 0,
        "sellingAndMarketingExpenses": 0,
        "sellingGeneralAndAdministrativeExpenses": 0,
        "otherExpenses": -1647900000,
        "operatingExpenses": -1647900000,
        "costAndExpenses": -1647900000,
        "interestIncome": 0,
        "interestExpense": 0,
        "depreciationAndAmortization": 0,
        "ebitda": 62100000,
        "ebitdaratio": 0.0363157895,
        "operatingIncome": 62100000,
        "operatingIncomeRatio": 0.0363157895,
        "totalOtherIncomeExpensesNet": 0,
        "incomeBeforeTax": 0,
        "incomeBeforeTaxRatio": 0,
        "incomeTaxExpense": -62100000,
        "netIncome": 62100000,
        "netIncomeRatio": 0.0363157895,
        "eps": 0.36,
        "epsdiluted": 0.36,
        "weightedAverageShsOut": 172500000,
        "weightedAverageShsOutDil": 172500000,
        "link": "",
        "finalLink": ""
    },
    {
        "date": "1988-03-31",
        "symbol": "LNC",
        "reportedCurrency": "USD",
        "cik": "0000059558",
        "fillingDate": "1988-03-31",
        "acceptedDate": "1988-03-30 19:00:00",
        "calendarYear": "1988",
        "period": "Q1",
        "revenue": 1577800000,
        "costOfRevenue": 0,
        "grossProfit": 1577800000,
        "grossProfitRatio": 1,
        "researchAndDevelopmentExpenses": 0,
        "generalAndAdministrativeExpenses": 0,
        "sellingAndMarketingExpenses": 0,
        "sellingGeneralAndAdministrativeExpenses": 0,
        "otherExpenses": -1519700000,
        "operatingExpenses": -1519700000,
        "costAndExpenses": -1519700000,
        "interestIncome": 0,
        "interestExpense": 0,
        "depreciationAndAmortization": 0,
        "ebitda": 58100000,
        "ebitdaratio": 0.036823425,
        "operatingIncome": 58100000,
        "operatingIncomeRatio": 0.036823425,
        "totalOtherIncomeExpensesNet": 0,
        "incomeBeforeTax": 0,
        "incomeBeforeTaxRatio": 0,
        "incomeTaxExpense": -58100000,
        "netIncome": 58100000,
        "netIncomeRatio": 0.036823425,
        "eps": 0.33,
        "epsdiluted": 0.33,
        "weightedAverageShsOut": 176060606,
        "weightedAverageShsOutDil": 176060606,
        "link": "",
        "finalLink": ""
    },
    {
        "date": "1987-12-31",
        "symbol": "LNC",
        "reportedCurrency": "USD",
        "cik": "0000059558",
        "fillingDate": "1987-12-31",
        "acceptedDate": "1987-12-30 19:00:00",
        "calendarYear": "1987",
        "period": "Q4",
        "revenue": 1913400000,
        "costOfRevenue": 0,
        "grossProfit": 1913400000,
        "grossProfitRatio": 1,
        "researchAndDevelopmentExpenses": 0,
        "generalAndAdministrativeExpenses": 0,
        "sellingAndMarketingExpenses": 0,
        "sellingGeneralAndAdministrativeExpenses": 0,
        "otherExpenses": -1851100000,
        "operatingExpenses": -1851100000,
        "costAndExpenses": -1851100000,
        "interestIncome": 0,
        "interestExpense": 0,
        "depreciationAndAmortization": 0,
        "ebitda": 62300000,
        "ebitdaratio": 0.0325598411,
        "operatingIncome": 62300000,
        "operatingIncomeRatio": 0.0325598411,
        "totalOtherIncomeExpensesNet": 0,
        "incomeBeforeTax": 0,
        "incomeBeforeTaxRatio": 0,
        "incomeTaxExpense": -62300000,
        "netIncome": 62300000,
        "netIncomeRatio": 0.0325598411,
        "eps": 0.36,
        "epsdiluted": 0.36,
        "weightedAverageShsOut": 173615385,
        "weightedAverageShsOutDil": 173615385,
        "link": "",
        "finalLink": ""
    },
    {
        "date": "1987-09-30",
        "symbol": "LNC",
        "reportedCurrency": "USD",
        "cik": "0000059558",
        "fillingDate": "1987-09-30",
        "acceptedDate": "1987-09-29 20:00:00",
        "calendarYear": "1987",
        "period": "Q3",
        "revenue": 1525500000,
        "costOfRevenue": 0,
        "grossProfit": 1525500000,
        "grossProfitRatio": 1,
        "researchAndDevelopmentExpenses": 0,
        "generalAndAdministrativeExpenses": 0,
        "sellingAndMarketingExpenses": 0,
        "sellingGeneralAndAdministrativeExpenses": 0,
        "otherExpenses": -1476300000,
        "operatingExpenses": -1476300000,
        "costAndExpenses": -1476300000,
        "interestIncome": 0,
        "interestExpense": 0,
        "depreciationAndAmortization": 0,
        "ebitda": 49200000,
        "ebitdaratio": 0.0322517207,
        "operatingIncome": 49200000,
        "operatingIncomeRatio": 0.0322517207,
        "totalOtherIncomeExpensesNet": 0,
        "incomeBeforeTax": 0,
        "incomeBeforeTaxRatio": 0,
        "incomeTaxExpense": -49200000,
        "netIncome": 49200000,
        "netIncomeRatio": 0.0322517207,
        "eps": 0.27,
        "epsdiluted": 0.27,
        "weightedAverageShsOut": 182222222,
        "weightedAverageShsOutDil": 182222222,
        "link": "",
        "finalLink": ""
    },
    {
        "date": "1987-06-30",
        "symbol": "LNC",
        "reportedCurrency": "USD",
        "cik": "0000059558",
        "fillingDate": "1987-06-30",
        "acceptedDate": "1987-06-29 20:00:00",
        "calendarYear": "1987",
        "period": "Q2",
        "revenue": 1733500000,
        "costOfRevenue": 0,
        "grossProfit": 1733500000,
        "grossProfitRatio": 1,
        "researchAndDevelopmentExpenses": 0,
        "generalAndAdministrativeExpenses": 0,
        "sellingAndMarketingExpenses": 0,
        "sellingGeneralAndAdministrativeExpenses": 0,
        "otherExpenses": -1667000000,
        "operatingExpenses": -1667000000,
        "costAndExpenses": -1667000000,
        "interestIncome": 0,
        "interestExpense": 0,
        "depreciationAndAmortization": 0,
        "ebitda": 66500000,
        "ebitdaratio": 0.038361696,
        "operatingIncome": 66500000,
        "operatingIncomeRatio": 0.038361696,
        "totalOtherIncomeExpensesNet": 0,
        "incomeBeforeTax": 0,
        "incomeBeforeTaxRatio": 0,
        "incomeTaxExpense": -66500000,
        "netIncome": 66500000,
        "netIncomeRatio": 0.038361696,
        "eps": 0.37,
        "epsdiluted": 0.37,
        "weightedAverageShsOut": 179729730,
        "weightedAverageShsOutDil": 179729730,
        "link": "",
        "finalLink": ""
    },
    {
        "date": "1987-03-31",
        "symbol": "LNC",
        "reportedCurrency": "USD",
        "cik": "0000059558",
        "fillingDate": "1987-03-31",
        "acceptedDate": "1987-03-30 19:00:00",
        "calendarYear": "1987",
        "period": "Q1",
        "revenue": 1787700000,
        "costOfRevenue": 0,
        "grossProfit": 1787700000,
        "grossProfitRatio": 1,
        "researchAndDevelopmentExpenses": 0,
        "generalAndAdministrativeExpenses": 0,
        "sellingAndMarketingExpenses": 0,
        "sellingGeneralAndAdministrativeExpenses": 0,
        "otherExpenses": -1728700000,
        "operatingExpenses": -1728700000,
        "costAndExpenses": -1728700000,
        "interestIncome": 0,
        "interestExpense": 0,
        "depreciationAndAmortization": 0,
        "ebitda": 59000000,
        "ebitdaratio": 0.0330033003,
        "operatingIncome": 59000000,
        "operatingIncomeRatio": 0.0330033003,
        "totalOtherIncomeExpensesNet": 0,
        "incomeBeforeTax": 0,
        "incomeBeforeTaxRatio": 0,
        "incomeTaxExpense": -59000000,
        "netIncome": 59000000,
        "netIncomeRatio": 0.0330033003,
        "eps": 0.32,
        "epsdiluted": 0.32,
        "weightedAverageShsOut": 184375000,
        "weightedAverageShsOutDil": 184375000,
        "link": "",
        "finalLink": ""
    },
    {
        "date": "1986-12-31",
        "symbol": "LNC",
        "reportedCurrency": "USD",
        "cik": "0000059558",
        "fillingDate": "1986-12-31",
        "acceptedDate": "1986-12-30 19:00:00",
        "calendarYear": "1986",
        "period": "Q4",
        "revenue": 1858400000,
        "costOfRevenue": 0,
        "grossProfit": 1858400000,
        "grossProfitRatio": 1,
        "researchAndDevelopmentExpenses": 0,
        "generalAndAdministrativeExpenses": 0,
        "sellingAndMarketingExpenses": 0,
        "sellingGeneralAndAdministrativeExpenses": 0,
        "otherExpenses": -1803900000,
        "operatingExpenses": -1803900000,
        "costAndExpenses": -1803900000,
        "interestIncome": 0,
        "interestExpense": 0,
        "depreciationAndAmortization": 0,
        "ebitda": 54500000,
        "ebitdaratio": 0.0293263022,
        "operatingIncome": 54500000,
        "operatingIncomeRatio": 0.0293263022,
        "totalOtherIncomeExpensesNet": 0,
        "incomeBeforeTax": 0,
        "incomeBeforeTaxRatio": 0,
        "incomeTaxExpense": -54500000,
        "netIncome": 54500000,
        "netIncomeRatio": 0.0293263022,
        "eps": 0.3,
        "epsdiluted": 0.3,
        "weightedAverageShsOut": 179561404,
        "weightedAverageShsOutDil": 179561404,
        "link": "",
        "finalLink": ""
    },
    {
        "date": "1986-09-30",
        "symbol": "LNC",
        "reportedCurrency": "USD",
        "cik": "0000059558",
        "fillingDate": "1986-09-30",
        "acceptedDate": "1986-09-29 20:00:00",
        "calendarYear": "1986",
        "period": "Q3",
        "revenue": 1425700000,
        "costOfRevenue": 0,
        "grossProfit": 1425700000,
        "grossProfitRatio": 1,
        "researchAndDevelopmentExpenses": 0,
        "generalAndAdministrativeExpenses": 0,
        "sellingAndMarketingExpenses": 0,
        "sellingGeneralAndAdministrativeExpenses": 0,
        "otherExpenses": -1371100000,
        "operatingExpenses": -1371100000,
        "costAndExpenses": -1371100000,
        "interestIncome": 0,
        "interestExpense": 0,
        "depreciationAndAmortization": 0,
        "ebitda": 54600000,
        "ebitdaratio": 0.0382969769,
        "operatingIncome": 54600000,
        "operatingIncomeRatio": 0.0382969769,
        "totalOtherIncomeExpensesNet": 0,
        "incomeBeforeTax": 0,
        "incomeBeforeTaxRatio": 0,
        "incomeTaxExpense": -54600000,
        "netIncome": 54600000,
        "netIncomeRatio": 0.0382969769,
        "eps": 0.3,
        "epsdiluted": 0.3,
        "weightedAverageShsOut": 182000000,
        "weightedAverageShsOutDil": 182000000,
        "link": "",
        "finalLink": ""
    },
    {
        "date": "1986-06-30",
        "symbol": "LNC",
        "reportedCurrency": "USD",
        "cik": "0000059558",
        "fillingDate": "1986-06-30",
        "acceptedDate": "1986-06-29 20:00:00",
        "calendarYear": "1986",
        "period": "Q2",
        "revenue": 1408600000,
        "costOfRevenue": 0,
        "grossProfit": 1408600000,
        "grossProfitRatio": 1,
        "researchAndDevelopmentExpenses": 0,
        "generalAndAdministrativeExpenses": 0,
        "sellingAndMarketingExpenses": 0,
        "sellingGeneralAndAdministrativeExpenses": 0,
        "otherExpenses": -1355200000,
        "operatingExpenses": -1355200000,
        "costAndExpenses": -1355200000,
        "interestIncome": 0,
        "interestExpense": 0,
        "depreciationAndAmortization": 0,
        "ebitda": 53400000,
        "ebitdaratio": 0.0379099815,
        "operatingIncome": 53400000,
        "operatingIncomeRatio": 0.0379099815,
        "totalOtherIncomeExpensesNet": 0,
        "incomeBeforeTax": 0,
        "incomeBeforeTaxRatio": 0,
        "incomeTaxExpense": -53400000,
        "netIncome": 53400000,
        "netIncomeRatio": 0.0379099815,
        "eps": 0.29,
        "epsdiluted": 0.29,
        "weightedAverageShsOut": 184137931,
        "weightedAverageShsOutDil": 184137931,
        "link": "",
        "finalLink": ""
    },
    {
        "date": "1986-03-31",
        "symbol": "LNC",
        "reportedCurrency": "USD",
        "cik": "0000059558",
        "fillingDate": "1986-03-31",
        "acceptedDate": "1986-03-30 19:00:00",
        "calendarYear": "1986",
        "period": "Q1",
        "revenue": 1330300000,
        "costOfRevenue": 0,
        "grossProfit": 1330300000,
        "grossProfitRatio": 1,
        "researchAndDevelopmentExpenses": 0,
        "generalAndAdministrativeExpenses": 0,
        "sellingAndMarketingExpenses": 0,
        "sellingGeneralAndAdministrativeExpenses": 0,
        "otherExpenses": -1278800000,
        "operatingExpenses": -1278800000,
        "costAndExpenses": -1278800000,
        "interestIncome": 0,
        "interestExpense": 0,
        "depreciationAndAmortization": 0,
        "ebitda": 51500000,
        "ebitdaratio": 0.0387130722,
        "operatingIncome": 51500000,
        "operatingIncomeRatio": 0.0387130722,
        "totalOtherIncomeExpensesNet": 0,
        "incomeBeforeTax": 0,
        "incomeBeforeTaxRatio": 0,
        "incomeTaxExpense": -51500000,
        "netIncome": 51500000,
        "netIncomeRatio": 0.0387130722,
        "eps": 0.28,
        "epsdiluted": 0.28,
        "weightedAverageShsOut": 183928571,
        "weightedAverageShsOutDil": 183928571,
        "link": "",
        "finalLink": ""
    },
    {
        "date": "1985-12-31",
        "symbol": "LNC",
        "reportedCurrency": "USD",
        "cik": "0000059558",
        "fillingDate": "1985-12-31",
        "acceptedDate": "1985-12-30 19:00:00",
        "calendarYear": "1985",
        "period": "Q4",
        "revenue": 1423400000,
        "costOfRevenue": 0,
        "grossProfit": 1423400000,
        "grossProfitRatio": 1,
        "researchAndDevelopmentExpenses": 0,
        "generalAndAdministrativeExpenses": 0,
        "sellingAndMarketingExpenses": 0,
        "sellingGeneralAndAdministrativeExpenses": 0,
        "otherExpenses": -1355500000,
        "operatingExpenses": -1355500000,
        "costAndExpenses": -1355500000,
        "interestIncome": 0,
        "interestExpense": 0,
        "depreciationAndAmortization": 0,
        "ebitda": 67900000,
        "ebitdaratio": 0.0477026837,
        "operatingIncome": 67900000,
        "operatingIncomeRatio": 0.0477026837,
        "totalOtherIncomeExpensesNet": 0,
        "incomeBeforeTax": 0,
        "incomeBeforeTaxRatio": 0,
        "incomeTaxExpense": -67900000,
        "netIncome": 67900000,
        "netIncomeRatio": 0.0477026837,
        "eps": 0.39,
        "epsdiluted": 0.39,
        "weightedAverageShsOut": 173252033,
        "weightedAverageShsOutDil": 173252033,
        "link": "",
        "finalLink": ""
    },
    {
        "date": "1985-09-30",
        "symbol": "LNC",
        "reportedCurrency": "USD",
        "cik": "0000059558",
        "fillingDate": "1985-09-30",
        "acceptedDate": "1985-09-29 20:00:00",
        "calendarYear": "1985",
        "period": "Q3",
        "revenue": 1317800000,
        "costOfRevenue": 0,
        "grossProfit": 1317800000,
        "grossProfitRatio": 1,
        "researchAndDevelopmentExpenses": 0,
        "generalAndAdministrativeExpenses": 0,
        "sellingAndMarketingExpenses": 0,
        "sellingGeneralAndAdministrativeExpenses": 0,
        "otherExpenses": -1267800000,
        "operatingExpenses": -1267800000,
        "costAndExpenses": -1267800000,
        "interestIncome": 0,
        "interestExpense": 0,
        "depreciationAndAmortization": 0,
        "ebitda": 50000000,
        "ebitdaratio": 0.0379420246,
        "operatingIncome": 50000000,
        "operatingIncomeRatio": 0.0379420246,
        "totalOtherIncomeExpensesNet": 0,
        "incomeBeforeTax": 0,
        "incomeBeforeTaxRatio": 0,
        "incomeTaxExpense": -50000000,
        "netIncome": 50000000,
        "netIncomeRatio": 0.0379420246,
        "eps": 0.29,
        "epsdiluted": 0.29,
        "weightedAverageShsOut": 172413793,
        "weightedAverageShsOutDil": 172413793,
        "link": "",
        "finalLink": ""
    }
]