[
    {
        "date": "2025-06-30",
        "symbol": "LPX",
        "reportedCurrency": "USD",
        "cik": "0000060519",
        "fillingDate": "2025-08-06",
        "acceptedDate": "2025-08-06 14:20:43",
        "calendarYear": "2025",
        "period": "Q2",
        "revenue": 755000000,
        "costOfRevenue": 577000000,
        "grossProfit": 178000000,
        "grossProfitRatio": 0.2357615894,
        "researchAndDevelopmentExpenses": 0,
        "generalAndAdministrativeExpenses": 0,
        "sellingAndMarketingExpenses": 0,
        "sellingGeneralAndAdministrativeExpenses": 79000000,
        "otherExpenses": 19000000,
        "operatingExpenses": 98000000,
        "costAndExpenses": 675000000,
        "interestIncome": 0,
        "interestExpense": 4000000,
        "depreciationAndAmortization": 35000000,
        "ebitda": 112000000,
        "ebitdaratio": 0.1483443709,
        "operatingIncome": 80000000,
        "operatingIncomeRatio": 0.1059602649,
        "totalOtherIncomeExpensesNet": -7000000,
        "incomeBeforeTax": 73000000,
        "incomeBeforeTaxRatio": 0.0966887417,
        "incomeTaxExpense": 19000000,
        "netIncome": 54000000,
        "netIncomeRatio": 0.0715231788,
        "eps": 0.77,
        "epsdiluted": 0.77,
        "weightedAverageShsOut": 70000000,
        "weightedAverageShsOutDil": 70000000,
        "link": "https://www.sec.gov/Archives/edgar/data/60519/000162828025038227/0001628280-25-038227-index.htm",
        "finalLink": "https://www.sec.gov/Archives/edgar/data/60519/000162828025038227/lpx-20250630.htm"
    },
    {
        "date": "2025-03-31",
        "symbol": "LPX",
        "reportedCurrency": "USD",
        "cik": "0000060519",
        "fillingDate": "2025-05-06",
        "acceptedDate": "2025-05-06 13:42:46",
        "calendarYear": "2025",
        "period": "Q1",
        "revenue": 724000000,
        "costOfRevenue": 526000000,
        "grossProfit": 197000000,
        "grossProfitRatio": 0.2720994475,
        "researchAndDevelopmentExpenses": 0,
        "generalAndAdministrativeExpenses": 75000000,
        "sellingAndMarketingExpenses": 0,
        "sellingGeneralAndAdministrativeExpenses": 75000000,
        "otherExpenses": 3000000,
        "operatingExpenses": 78000000,
        "costAndExpenses": 604000000,
        "interestIncome": 0,
        "interestExpense": 3000000,
        "depreciationAndAmortization": 35000000,
        "ebitda": 154000000,
        "ebitdaratio": 0.2127071823,
        "operatingIncome": 120000000,
        "operatingIncomeRatio": 0.1657458564,
        "totalOtherIncomeExpensesNet": -4000000,
        "incomeBeforeTax": 116000000,
        "incomeBeforeTaxRatio": 0.1602209945,
        "incomeTaxExpense": 26000000,
        "netIncome": 91000000,
        "netIncomeRatio": 0.1256906077,
        "eps": 1.3,
        "epsdiluted": 1.3,
        "weightedAverageShsOut": 70000000,
        "weightedAverageShsOutDil": 70000000,
        "link": "https://www.sec.gov/Archives/edgar/data/60519/000006051925000015/0000060519-25-000015-index.htm",
        "finalLink": "https://www.sec.gov/Archives/edgar/data/60519/000006051925000015/lpx-20250331.htm"
    },
    {
        "date": "2024-12-31",
        "symbol": "LPX",
        "reportedCurrency": "USD",
        "cik": "0000060519",
        "fillingDate": "2025-02-19",
        "acceptedDate": "2025-02-19 13:44:22",
        "calendarYear": "2024",
        "period": "Q4",
        "revenue": 681000000,
        "costOfRevenue": 519000000,
        "grossProfit": 162000000,
        "grossProfitRatio": 0.2378854626,
        "researchAndDevelopmentExpenses": 0,
        "generalAndAdministrativeExpenses": 140000000,
        "sellingAndMarketingExpenses": 0,
        "sellingGeneralAndAdministrativeExpenses": 76000000,
        "otherExpenses": 10000000,
        "operatingExpenses": 86000000,
        "costAndExpenses": 593000000,
        "interestIncome": 21000000,
        "interestExpense": 1000000,
        "depreciationAndAmortization": 33000000,
        "ebitda": 120000000,
        "ebitdaratio": 0.1762114537,
        "operatingIncome": 75000000,
        "operatingIncomeRatio": 0.1101321586,
        "totalOtherIncomeExpensesNet": 10000000,
        "incomeBeforeTax": 85000000,
        "incomeBeforeTaxRatio": 0.1248164464,
        "incomeTaxExpense": 23000000,
        "netIncome": 63000000,
        "netIncomeRatio": 0.0925110132,
        "eps": 0.89,
        "epsdiluted": 0.89,
        "weightedAverageShsOut": 70000000,
        "weightedAverageShsOutDil": 70000000,
        "link": "https://www.sec.gov/Archives/edgar/data/60519/000006051925000005/0000060519-25-000005-index.htm",
        "finalLink": "https://www.sec.gov/Archives/edgar/data/60519/000006051925000005/lpx-20241231.htm"
    },
    {
        "date": "2024-09-30",
        "symbol": "LPX",
        "reportedCurrency": "USD",
        "cik": "0000060519",
        "fillingDate": "2024-11-05",
        "acceptedDate": "2024-11-05 15:03:42",
        "calendarYear": "2024",
        "period": "Q3",
        "revenue": 722000000,
        "costOfRevenue": 530000000,
        "grossProfit": 192000000,
        "grossProfitRatio": 0.2659279778,
        "researchAndDevelopmentExpenses": 0,
        "generalAndAdministrativeExpenses": 0,
        "sellingAndMarketingExpenses": 0,
        "sellingGeneralAndAdministrativeExpenses": 75000000,
        "otherExpenses": 0,
        "operatingExpenses": 75000000,
        "costAndExpenses": 606000000,
        "interestIncome": 0,
        "interestExpense": 4000000,
        "depreciationAndAmortization": 31000000,
        "ebitda": 149000000,
        "ebitdaratio": 0.2063711911,
        "operatingIncome": 116000000,
        "operatingIncomeRatio": 0.1606648199,
        "totalOtherIncomeExpensesNet": -3000000,
        "incomeBeforeTax": 113000000,
        "incomeBeforeTaxRatio": 0.1565096953,
        "incomeTaxExpense": 23000000,
        "netIncome": 90000000,
        "netIncomeRatio": 0.1246537396,
        "eps": 1.29,
        "epsdiluted": 1.27,
        "weightedAverageShsOut": 70000000,
        "weightedAverageShsOutDil": 71000000,
        "link": "https://www.sec.gov/Archives/edgar/data/60519/000162828024045224/0001628280-24-045224-index.htm",
        "finalLink": "https://www.sec.gov/Archives/edgar/data/60519/000162828024045224/lpx-20240930.htm"
    },
    {
        "date": "2024-06-30",
        "symbol": "LPX",
        "reportedCurrency": "USD",
        "cik": "0000060519",
        "fillingDate": "2024-08-07",
        "acceptedDate": "2024-08-07 14:39:21",
        "calendarYear": "2024",
        "period": "Q2",
        "revenue": 814000000,
        "costOfRevenue": 551000000,
        "grossProfit": 263000000,
        "grossProfitRatio": 0.3230958231,
        "researchAndDevelopmentExpenses": 0,
        "generalAndAdministrativeExpenses": 71000000,
        "sellingAndMarketingExpenses": 0,
        "sellingGeneralAndAdministrativeExpenses": 71000000,
        "otherExpenses": 0,
        "operatingExpenses": 71000000,
        "costAndExpenses": 622000000,
        "interestIncome": 0,
        "interestExpense": 4000000,
        "depreciationAndAmortization": 31000000,
        "ebitda": 223000000,
        "ebitdaratio": 0.273955774,
        "operatingIncome": 192000000,
        "operatingIncomeRatio": 0.2358722359,
        "totalOtherIncomeExpensesNet": 7000000,
        "incomeBeforeTax": 201000000,
        "incomeBeforeTaxRatio": 0.2469287469,
        "incomeTaxExpense": 53000000,
        "netIncome": 160000000,
        "netIncomeRatio": 0.1965601966,
        "eps": 2.22,
        "epsdiluted": 2.22,
        "weightedAverageShsOut": 72000000,
        "weightedAverageShsOutDil": 72000000,
        "link": "https://www.sec.gov/Archives/edgar/data/60519/000162828024035537/0001628280-24-035537-index.htm",
        "finalLink": "https://www.sec.gov/Archives/edgar/data/60519/000162828024035537/lpx-20240630.htm"
    },
    {
        "date": "2024-03-31",
        "symbol": "LPX",
        "reportedCurrency": "USD",
        "cik": "0000060519",
        "fillingDate": "2024-05-08",
        "acceptedDate": "2024-05-08 13:33:33",
        "calendarYear": "2024",
        "period": "Q1",
        "revenue": 724000000,
        "costOfRevenue": 511000000,
        "grossProfit": 213000000,
        "grossProfitRatio": 0.294198895,
        "researchAndDevelopmentExpenses": 0,
        "generalAndAdministrativeExpenses": 69000000,
        "sellingAndMarketingExpenses": 0,
        "sellingGeneralAndAdministrativeExpenses": 69000000,
        "otherExpenses": 0,
        "operatingExpenses": 69000000,
        "costAndExpenses": 580000000,
        "interestIncome": 0,
        "interestExpense": 4000000,
        "depreciationAndAmortization": 31000000,
        "ebitda": 178000000,
        "ebitdaratio": 0.2458563536,
        "operatingIncome": 144000000,
        "operatingIncomeRatio": 0.1988950276,
        "totalOtherIncomeExpensesNet": 4000000,
        "incomeBeforeTax": 148000000,
        "incomeBeforeTaxRatio": 0.2044198895,
        "incomeTaxExpense": 41000000,
        "netIncome": 108000000,
        "netIncomeRatio": 0.1491712707,
        "eps": 1.5,
        "epsdiluted": 1.48,
        "weightedAverageShsOut": 72000000,
        "weightedAverageShsOutDil": 72000000,
        "link": "https://www.sec.gov/Archives/edgar/data/60519/000162828024021527/0001628280-24-021527-index.htm",
        "finalLink": "https://www.sec.gov/Archives/edgar/data/60519/000162828024021527/lpx-20240331.htm"
    },
    {
        "date": "2023-12-31",
        "symbol": "LPX",
        "reportedCurrency": "USD",
        "cik": "0000060519",
        "fillingDate": "2024-02-14",
        "acceptedDate": "2024-02-14 12:57:17",
        "calendarYear": "2023",
        "period": "Q4",
        "revenue": 658000000,
        "costOfRevenue": 499000000,
        "grossProfit": 159000000,
        "grossProfitRatio": 0.2416413374,
        "researchAndDevelopmentExpenses": 0,
        "generalAndAdministrativeExpenses": 41000000,
        "sellingAndMarketingExpenses": 25000000,
        "sellingGeneralAndAdministrativeExpenses": 66000000,
        "otherExpenses": 0,
        "operatingExpenses": 66000000,
        "costAndExpenses": 565000000,
        "interestIncome": 8000000,
        "interestExpense": 5000000,
        "depreciationAndAmortization": 32000000,
        "ebitda": 127000000,
        "ebitdaratio": 0.1930091185,
        "operatingIncome": 89000000,
        "operatingIncomeRatio": 0.1352583587,
        "totalOtherIncomeExpensesNet": -24000000,
        "incomeBeforeTax": 65000000,
        "incomeBeforeTaxRatio": 0.0987841945,
        "incomeTaxExpense": 8000000,
        "netIncome": 59000000,
        "netIncomeRatio": 0.0896656535,
        "eps": 0.82,
        "epsdiluted": 0.82,
        "weightedAverageShsOut": 72000000,
        "weightedAverageShsOutDil": 72000000,
        "link": "https://www.sec.gov/Archives/edgar/data/60519/000162828024004714/0001628280-24-004714-index.htm",
        "finalLink": "https://www.sec.gov/Archives/edgar/data/60519/000162828024004714/lpx-20231231.htm"
    },
    {
        "date": "2023-09-30",
        "symbol": "LPX",
        "reportedCurrency": "USD",
        "cik": "0000060519",
        "fillingDate": "2023-11-01",
        "acceptedDate": "2023-11-01 15:00:03",
        "calendarYear": "2023",
        "period": "Q3",
        "revenue": 728000000,
        "costOfRevenue": 514000000,
        "grossProfit": 214000000,
        "grossProfitRatio": 0.293956044,
        "researchAndDevelopmentExpenses": 0,
        "generalAndAdministrativeExpenses": 58000000,
        "sellingAndMarketingExpenses": 0,
        "sellingGeneralAndAdministrativeExpenses": 58000000,
        "otherExpenses": 0,
        "operatingExpenses": 52000000,
        "costAndExpenses": 566000000,
        "interestIncome": 0,
        "interestExpense": 4000000,
        "depreciationAndAmortization": 30000000,
        "ebitda": 188000000,
        "ebitdaratio": 0.2582417582,
        "operatingIncome": 161000000,
        "operatingIncomeRatio": 0.2211538462,
        "totalOtherIncomeExpensesNet": -1000000,
        "incomeBeforeTax": 160000000,
        "incomeBeforeTaxRatio": 0.2197802198,
        "incomeTaxExpense": 44000000,
        "netIncome": 118000000,
        "netIncomeRatio": 0.1620879121,
        "eps": 1.64,
        "epsdiluted": 1.64,
        "weightedAverageShsOut": 72000000,
        "weightedAverageShsOutDil": 72000000,
        "link": "https://www.sec.gov/Archives/edgar/data/60519/000162828023035902/0001628280-23-035902-index.htm",
        "finalLink": "https://www.sec.gov/Archives/edgar/data/60519/000162828023035902/lpx-20230930.htm"
    },
    {
        "date": "2023-06-30",
        "symbol": "LPX",
        "reportedCurrency": "USD",
        "cik": "0000060519",
        "fillingDate": "2023-08-02",
        "acceptedDate": "2023-08-02 13:05:21",
        "calendarYear": "2023",
        "period": "Q2",
        "revenue": 611000000,
        "costOfRevenue": 492000000,
        "grossProfit": 119000000,
        "grossProfitRatio": 0.1947626841,
        "researchAndDevelopmentExpenses": 0,
        "generalAndAdministrativeExpenses": 66000000,
        "sellingAndMarketingExpenses": 0,
        "sellingGeneralAndAdministrativeExpenses": 66000000,
        "otherExpenses": -8000000,
        "operatingExpenses": 87000000,
        "costAndExpenses": 579000000,
        "interestIncome": 0,
        "interestExpense": 3000000,
        "depreciationAndAmortization": 29000000,
        "ebitda": 87000000,
        "ebitdaratio": 0.1423895254,
        "operatingIncome": 8000000,
        "operatingIncomeRatio": 0.0130932897,
        "totalOtherIncomeExpensesNet": -9000000,
        "incomeBeforeTax": -1000000,
        "incomeBeforeTaxRatio": -0.0016366612,
        "incomeTaxExpense": 21000000,
        "netIncome": -20000000,
        "netIncomeRatio": -0.0327332242,
        "eps": -0.28,
        "epsdiluted": -0.28,
        "weightedAverageShsOut": 72000000,
        "weightedAverageShsOutDil": 72000000,
        "link": "https://www.sec.gov/Archives/edgar/data/60519/000162828023026651/0001628280-23-026651-index.htm",
        "finalLink": "https://www.sec.gov/Archives/edgar/data/60519/000162828023026651/lpx-20230630.htm"
    },
    {
        "date": "2023-03-31",
        "symbol": "LPX",
        "reportedCurrency": "USD",
        "cik": "0000060519",
        "fillingDate": "2023-05-03",
        "acceptedDate": "2023-05-03 15:56:30",
        "calendarYear": "2023",
        "period": "Q1",
        "revenue": 584000000,
        "costOfRevenue": 483000000,
        "grossProfit": 101000000,
        "grossProfitRatio": 0.1729452055,
        "researchAndDevelopmentExpenses": 0,
        "generalAndAdministrativeExpenses": 66000000,
        "sellingAndMarketingExpenses": 0,
        "sellingGeneralAndAdministrativeExpenses": 66000000,
        "otherExpenses": 5000000,
        "operatingExpenses": 71000000,
        "costAndExpenses": 554000000,
        "interestIncome": 0,
        "interestExpense": 3000000,
        "depreciationAndAmortization": 28000000,
        "ebitda": 60000000,
        "ebitdaratio": 0.102739726,
        "operatingIncome": 21000000,
        "operatingIncomeRatio": 0.0359589041,
        "totalOtherIncomeExpensesNet": -7000000,
        "incomeBeforeTax": 23000000,
        "incomeBeforeTaxRatio": 0.0393835616,
        "incomeTaxExpense": 1000000,
        "netIncome": 21000000,
        "netIncomeRatio": 0.0359589041,
        "eps": 0.29,
        "epsdiluted": 0.29,
        "weightedAverageShsOut": 72000000,
        "weightedAverageShsOutDil": 72000000,
        "link": "https://www.sec.gov/Archives/edgar/data/60519/000162828023015193/0001628280-23-015193-index.htm",
        "finalLink": "https://www.sec.gov/Archives/edgar/data/60519/000162828023015193/lpx-20230331.htm"
    },
    {
        "date": "2022-12-31",
        "symbol": "LPX",
        "reportedCurrency": "USD",
        "cik": "0000060519",
        "fillingDate": "2023-02-21",
        "acceptedDate": "2023-02-21 14:39:02",
        "calendarYear": "2022",
        "period": "Q4",
        "revenue": 705000000,
        "costOfRevenue": 577000000,
        "grossProfit": 128000000,
        "grossProfitRatio": 0.1815602837,
        "researchAndDevelopmentExpenses": 1000000,
        "generalAndAdministrativeExpenses": 70000000,
        "sellingAndMarketingExpenses": -2000000,
        "sellingGeneralAndAdministrativeExpenses": 68000000,
        "otherExpenses": 0,
        "operatingExpenses": 69000000,
        "costAndExpenses": 646000000,
        "interestIncome": 6000000,
        "interestExpense": 2000000,
        "depreciationAndAmortization": 33000000,
        "ebitda": 12000000,
        "ebitdaratio": 0.0170212766,
        "operatingIncome": -27000000,
        "operatingIncomeRatio": -0.0382978723,
        "totalOtherIncomeExpensesNet": -82000000,
        "incomeBeforeTax": -23000000,
        "incomeBeforeTaxRatio": -0.0326241135,
        "incomeTaxExpense": -10000000,
        "netIncome": -13000000,
        "netIncomeRatio": -0.0184397163,
        "eps": -0.18,
        "epsdiluted": -0.18,
        "weightedAverageShsOut": 72000000,
        "weightedAverageShsOutDil": 72000000,
        "link": "https://www.sec.gov/Archives/edgar/data/60519/000162828023004259/0001628280-23-004259-index.htm",
        "finalLink": "https://www.sec.gov/Archives/edgar/data/60519/000162828023004259/lpx-20221231.htm"
    },
    {
        "date": "2022-09-30",
        "symbol": "LPX",
        "reportedCurrency": "USD",
        "cik": "0000060519",
        "fillingDate": "2022-11-03",
        "acceptedDate": "2022-11-03 13:48:13",
        "calendarYear": "2022",
        "period": "Q3",
        "revenue": 852000000,
        "costOfRevenue": 620000000,
        "grossProfit": 232000000,
        "grossProfitRatio": 0.2723004695,
        "researchAndDevelopmentExpenses": 0,
        "generalAndAdministrativeExpenses": 68000000,
        "sellingAndMarketingExpenses": -1000000,
        "sellingGeneralAndAdministrativeExpenses": 67000000,
        "otherExpenses": -7000000,
        "operatingExpenses": 60000000,
        "costAndExpenses": 680000000,
        "interestIncome": 0,
        "interestExpense": 3000000,
        "depreciationAndAmortization": 34000000,
        "ebitda": 207000000,
        "ebitdaratio": 0.2429577465,
        "operatingIncome": 172000000,
        "operatingIncomeRatio": 0.2018779343,
        "totalOtherIncomeExpensesNet": 0,
        "incomeBeforeTax": 172000000,
        "incomeBeforeTaxRatio": 0.2018779343,
        "incomeTaxExpense": 44000000,
        "netIncome": 128000000,
        "netIncomeRatio": 0.1502347418,
        "eps": 1.73,
        "epsdiluted": 1.73,
        "weightedAverageShsOut": 74000000,
        "weightedAverageShsOutDil": 74000000,
        "link": "https://www.sec.gov/Archives/edgar/data/60519/000162828022028086/0001628280-22-028086-index.htm",
        "finalLink": "https://www.sec.gov/Archives/edgar/data/60519/000162828022028086/lpx-20220930.htm"
    },
    {
        "date": "2022-06-30",
        "symbol": "LPX",
        "reportedCurrency": "USD",
        "cik": "0000060519",
        "fillingDate": "2022-08-09",
        "acceptedDate": "2022-08-09 12:46:33",
        "calendarYear": "2022",
        "period": "Q2",
        "revenue": 1130000000,
        "costOfRevenue": 611000000,
        "grossProfit": 519000000,
        "grossProfitRatio": 0.4592920354,
        "researchAndDevelopmentExpenses": 0,
        "generalAndAdministrativeExpenses": 68000000,
        "sellingAndMarketingExpenses": 0,
        "sellingGeneralAndAdministrativeExpenses": 68000000,
        "otherExpenses": -1000000,
        "operatingExpenses": 70000000,
        "costAndExpenses": 681000000,
        "interestIncome": 0,
        "interestExpense": 3000000,
        "depreciationAndAmortization": 33000000,
        "ebitda": 484000000,
        "ebitdaratio": 0.4283185841,
        "operatingIncome": 462000000,
        "operatingIncomeRatio": 0.4088495575,
        "totalOtherIncomeExpensesNet": 1000000,
        "incomeBeforeTax": 463000000,
        "incomeBeforeTaxRatio": 0.4097345133,
        "incomeTaxExpense": 116000000,
        "netIncome": 384000000,
        "netIncomeRatio": 0.3398230088,
        "eps": 4.76,
        "epsdiluted": 4.73,
        "weightedAverageShsOut": 81000000,
        "weightedAverageShsOutDil": 81000000,
        "link": "https://www.sec.gov/Archives/edgar/data/60519/000162828022021805/0001628280-22-021805-index.htm",
        "finalLink": "https://www.sec.gov/Archives/edgar/data/60519/000162828022021805/lpx-20220630.htm"
    },
    {
        "date": "2022-03-31",
        "symbol": "LPX",
        "reportedCurrency": "USD",
        "cik": "0000060519",
        "fillingDate": "2022-05-03",
        "acceptedDate": "2022-05-03 14:56:18",
        "calendarYear": "2022",
        "period": "Q1",
        "revenue": 1337000000,
        "costOfRevenue": 676000000,
        "grossProfit": 661000000,
        "grossProfitRatio": 0.4943904263,
        "researchAndDevelopmentExpenses": 0,
        "generalAndAdministrativeExpenses": 63000000,
        "sellingAndMarketingExpenses": 2000000,
        "sellingGeneralAndAdministrativeExpenses": 65000000,
        "otherExpenses": -38000000,
        "operatingExpenses": 27000000,
        "costAndExpenses": 703000000,
        "interestIncome": 0,
        "interestExpense": 3000000,
        "depreciationAndAmortization": 32000000,
        "ebitda": 589000000,
        "ebitdaratio": 0.4405385191,
        "operatingIncome": 633000000,
        "operatingIncomeRatio": 0.473448018,
        "totalOtherIncomeExpensesNet": 65000000,
        "incomeBeforeTax": 621000000,
        "incomeBeforeTaxRatio": 0.4644727001,
        "incomeTaxExpense": 139000000,
        "netIncome": 484000000,
        "netIncomeRatio": 0.3620044877,
        "eps": 5.63,
        "epsdiluted": 5.63,
        "weightedAverageShsOut": 86000000,
        "weightedAverageShsOutDil": 86000000,
        "link": "https://www.sec.gov/Archives/edgar/data/60519/000162828022011948/0001628280-22-011948-index.htm",
        "finalLink": "https://www.sec.gov/Archives/edgar/data/60519/000162828022011948/lpx-20220331.htm"
    },
    {
        "date": "2021-12-31",
        "symbol": "LPX",
        "reportedCurrency": "USD",
        "cik": "0000060519",
        "fillingDate": "2022-02-22",
        "acceptedDate": "2022-02-22 13:12:28",
        "calendarYear": "2021",
        "period": "Q4",
        "revenue": 992000000,
        "costOfRevenue": 655000000,
        "grossProfit": 337000000,
        "grossProfitRatio": 0.3397177419,
        "researchAndDevelopmentExpenses": 0,
        "generalAndAdministrativeExpenses": 0,
        "sellingAndMarketingExpenses": 0,
        "sellingGeneralAndAdministrativeExpenses": 73000000,
        "otherExpenses": -2000000,
        "operatingExpenses": 77000000,
        "costAndExpenses": 732000000,
        "interestIncome": 1000000,
        "interestExpense": 2000000,
        "depreciationAndAmortization": 31000000,
        "ebitda": 289000000,
        "ebitdaratio": 0.2913306452,
        "operatingIncome": 254000000,
        "operatingIncomeRatio": 0.2560483871,
        "totalOtherIncomeExpensesNet": -3000000,
        "incomeBeforeTax": 250000000,
        "incomeBeforeTaxRatio": 0.252016129,
        "incomeTaxExpense": 60000000,
        "netIncome": 194000000,
        "netIncomeRatio": 0.1955645161,
        "eps": 2.22,
        "epsdiluted": 2.2,
        "weightedAverageShsOut": 88000000,
        "weightedAverageShsOutDil": 88000000,
        "link": "https://www.sec.gov/Archives/edgar/data/60519/000162828022003299/0001628280-22-003299-index.htm",
        "finalLink": "https://www.sec.gov/Archives/edgar/data/60519/000162828022003299/lpx-20211231.htm"
    },
    {
        "date": "2021-09-30",
        "symbol": "LPX",
        "reportedCurrency": "USD",
        "cik": "0000060519",
        "fillingDate": "2021-11-03",
        "acceptedDate": "2021-11-03 15:50:13",
        "calendarYear": "2021",
        "period": "Q3",
        "revenue": 1219000000,
        "costOfRevenue": 670000000,
        "grossProfit": 549000000,
        "grossProfitRatio": 0.450369155,
        "researchAndDevelopmentExpenses": 0,
        "generalAndAdministrativeExpenses": 58000000,
        "sellingAndMarketingExpenses": 5000000,
        "sellingGeneralAndAdministrativeExpenses": 63000000,
        "otherExpenses": 2000000,
        "operatingExpenses": 61000000,
        "costAndExpenses": 731000000,
        "interestIncome": 0,
        "interestExpense": 4000000,
        "depreciationAndAmortization": 30000000,
        "ebitda": 520000000,
        "ebitdaratio": 0.4265791632,
        "operatingIncome": 488000000,
        "operatingIncomeRatio": 0.4003281378,
        "totalOtherIncomeExpensesNet": -2000000,
        "incomeBeforeTax": 486000000,
        "incomeBeforeTaxRatio": 0.3986874487,
        "incomeTaxExpense": -123000000,
        "netIncome": 365000000,
        "netIncomeRatio": 0.2994257588,
        "eps": 3.9,
        "epsdiluted": 3.87,
        "weightedAverageShsOut": 94000000,
        "weightedAverageShsOutDil": 94000000,
        "link": "https://www.sec.gov/Archives/edgar/data/60519/000162828021021441/0001628280-21-021441-index.htm",
        "finalLink": "https://www.sec.gov/Archives/edgar/data/60519/000162828021021441/lpx-20210930.htm"
    },
    {
        "date": "2021-06-30",
        "symbol": "LPX",
        "reportedCurrency": "USD",
        "cik": "0000060519",
        "fillingDate": "2021-08-04",
        "acceptedDate": "2021-08-04 15:52:24",
        "calendarYear": "2021",
        "period": "Q2",
        "revenue": 1325000000,
        "costOfRevenue": 619000000,
        "grossProfit": 706000000,
        "grossProfitRatio": 0.5328301887,
        "researchAndDevelopmentExpenses": 0,
        "generalAndAdministrativeExpenses": 53000000,
        "sellingAndMarketingExpenses": 4000000,
        "sellingGeneralAndAdministrativeExpenses": 57000000,
        "otherExpenses": -6000000,
        "operatingExpenses": 54000000,
        "costAndExpenses": 673000000,
        "interestIncome": 0,
        "interestExpense": 4000000,
        "depreciationAndAmortization": 29000000,
        "ebitda": 677000000,
        "ebitdaratio": 0.5109433962,
        "operatingIncome": 653000000,
        "operatingIncomeRatio": 0.4928301887,
        "totalOtherIncomeExpensesNet": -9000000,
        "incomeBeforeTax": 644000000,
        "incomeBeforeTaxRatio": 0.4860377358,
        "incomeTaxExpense": 147000000,
        "netIncome": 498000000,
        "netIncomeRatio": 0.3758490566,
        "eps": 4.93,
        "epsdiluted": 4.9,
        "weightedAverageShsOut": 101000000,
        "weightedAverageShsOutDil": 102000000,
        "link": "https://www.sec.gov/Archives/edgar/data/60519/000162828021015530/0001628280-21-015530-index.htm",
        "finalLink": "https://www.sec.gov/Archives/edgar/data/60519/000162828021015530/lpx-20210630.htm"
    },
    {
        "date": "2021-03-31",
        "symbol": "LPX",
        "reportedCurrency": "USD",
        "cik": "0000060519",
        "fillingDate": "2021-05-05",
        "acceptedDate": "2021-05-05 16:52:11",
        "calendarYear": "2021",
        "period": "Q1",
        "revenue": 1017000000,
        "costOfRevenue": 538000000,
        "grossProfit": 479000000,
        "grossProfitRatio": 0.470993117,
        "researchAndDevelopmentExpenses": 0,
        "generalAndAdministrativeExpenses": 0,
        "sellingAndMarketingExpenses": 0,
        "sellingGeneralAndAdministrativeExpenses": 48000000,
        "otherExpenses": 0,
        "operatingExpenses": 48000000,
        "costAndExpenses": 586000000,
        "interestIncome": 0,
        "interestExpense": 5000000,
        "depreciationAndAmortization": 29000000,
        "ebitda": 450000000,
        "ebitdaratio": 0.4424778761,
        "operatingIncome": 431000000,
        "operatingIncomeRatio": 0.4237954769,
        "totalOtherIncomeExpensesNet": -15000000,
        "incomeBeforeTax": 416000000,
        "incomeBeforeTaxRatio": 0.4090462144,
        "incomeTaxExpense": 96000000,
        "netIncome": 320000000,
        "netIncomeRatio": 0.3146509341,
        "eps": 3.02,
        "epsdiluted": 3,
        "weightedAverageShsOut": 106000000,
        "weightedAverageShsOutDil": 107000000,
        "link": "https://www.sec.gov/Archives/edgar/data/60519/000162828021009116/0001628280-21-009116-index.htm",
        "finalLink": "https://www.sec.gov/Archives/edgar/data/60519/000162828021009116/lpx-20210331.htm"
    },
    {
        "date": "2020-12-31",
        "symbol": "LPX",
        "reportedCurrency": "USD",
        "cik": "0000060519",
        "fillingDate": "2021-02-18",
        "acceptedDate": "2021-02-18 16:47:36",
        "calendarYear": "2020",
        "period": "Q4",
        "revenue": 860000000,
        "costOfRevenue": 509000000,
        "grossProfit": 351000000,
        "grossProfitRatio": 0.4081395349,
        "researchAndDevelopmentExpenses": 1000000,
        "generalAndAdministrativeExpenses": 55000000,
        "sellingAndMarketingExpenses": -1000000,
        "sellingGeneralAndAdministrativeExpenses": 54000000,
        "otherExpenses": -4000000,
        "operatingExpenses": 53000000,
        "costAndExpenses": 562000000,
        "interestIncome": 1000000,
        "interestExpense": 2000000,
        "depreciationAndAmortization": 27000000,
        "ebitda": 322000000,
        "ebitdaratio": 0.3744186047,
        "operatingIncome": 297000000,
        "operatingIncomeRatio": 0.3453488372,
        "totalOtherIncomeExpensesNet": -5000000,
        "incomeBeforeTax": 292000000,
        "incomeBeforeTaxRatio": 0.3395348837,
        "incomeTaxExpense": 37000000,
        "netIncome": 256000000,
        "netIncomeRatio": 0.2976744186,
        "eps": 2.36,
        "epsdiluted": 2.34,
        "weightedAverageShsOut": 109000000,
        "weightedAverageShsOutDil": 109000000,
        "link": "https://www.sec.gov/Archives/edgar/data/60519/000162828021002469/0001628280-21-002469-index.htm",
        "finalLink": "https://www.sec.gov/Archives/edgar/data/60519/000162828021002469/lpx-20201231.htm"
    },
    {
        "date": "2020-09-30",
        "symbol": "LPX",
        "reportedCurrency": "USD",
        "cik": "0000060519",
        "fillingDate": "2020-11-04",
        "acceptedDate": "2020-11-04 15:11:11",
        "calendarYear": "2020",
        "period": "Q3",
        "revenue": 795000000,
        "costOfRevenue": 503000000,
        "grossProfit": 292000000,
        "grossProfitRatio": 0.3672955975,
        "researchAndDevelopmentExpenses": 0,
        "generalAndAdministrativeExpenses": 52000000,
        "sellingAndMarketingExpenses": 0,
        "sellingGeneralAndAdministrativeExpenses": 52000000,
        "otherExpenses": -3000000,
        "operatingExpenses": 49000000,
        "costAndExpenses": 552000000,
        "interestIncome": 0,
        "interestExpense": 5000000,
        "depreciationAndAmortization": 28000000,
        "ebitda": 271000000,
        "ebitdaratio": 0.3408805031,
        "operatingIncome": 242000000,
        "operatingIncomeRatio": 0.3044025157,
        "totalOtherIncomeExpensesNet": -5000000,
        "incomeBeforeTax": 237000000,
        "incomeBeforeTaxRatio": 0.2981132075,
        "incomeTaxExpense": 60000000,
        "netIncome": 177000000,
        "netIncomeRatio": 0.2226415094,
        "eps": 1.58,
        "epsdiluted": 1.57,
        "weightedAverageShsOut": 112000000,
        "weightedAverageShsOutDil": 113000000,
        "link": "https://www.sec.gov/Archives/edgar/data/60519/000179349820000044/0001793498-20-000044-index.htm",
        "finalLink": "https://www.sec.gov/Archives/edgar/data/60519/000179349820000044/lpx09302020-10q.htm"
    },
    {
        "date": "2020-06-30",
        "symbol": "LPX",
        "reportedCurrency": "USD",
        "cik": "0000060519",
        "fillingDate": "2020-08-06",
        "acceptedDate": "2020-08-06 11:43:10",
        "calendarYear": "2020",
        "period": "Q2",
        "revenue": 548000000,
        "costOfRevenue": 431000000,
        "grossProfit": 117000000,
        "grossProfitRatio": 0.2135036496,
        "researchAndDevelopmentExpenses": 0,
        "generalAndAdministrativeExpenses": 50000000,
        "sellingAndMarketingExpenses": 0,
        "sellingGeneralAndAdministrativeExpenses": 50000000,
        "otherExpenses": -1000000,
        "operatingExpenses": 56000000,
        "costAndExpenses": 487000000,
        "interestIncome": 1000000,
        "interestExpense": 6000000,
        "depreciationAndAmortization": 28000000,
        "ebitda": 101000000,
        "ebitdaratio": 0.1843065693,
        "operatingIncome": 53000000,
        "operatingIncomeRatio": 0.0967153285,
        "totalOtherIncomeExpensesNet": -3000000,
        "incomeBeforeTax": 50000000,
        "incomeBeforeTaxRatio": 0.0912408759,
        "incomeTaxExpense": 19000000,
        "netIncome": 33000000,
        "netIncomeRatio": 0.0602189781,
        "eps": 0.29,
        "epsdiluted": 0.29,
        "weightedAverageShsOut": 112000000,
        "weightedAverageShsOutDil": 113000000,
        "link": "https://www.sec.gov/Archives/edgar/data/60519/000179349820000038/0001793498-20-000038-index.htm",
        "finalLink": "https://www.sec.gov/Archives/edgar/data/60519/000179349820000038/lpx06302020-10q.htm"
    },
    {
        "date": "2020-03-31",
        "symbol": "LPX",
        "reportedCurrency": "USD",
        "cik": "0000060519",
        "fillingDate": "2020-05-06",
        "acceptedDate": "2020-05-06 12:15:54",
        "calendarYear": "2020",
        "period": "Q1",
        "revenue": 585000000,
        "costOfRevenue": 477000000,
        "grossProfit": 108000000,
        "grossProfitRatio": 0.1846153846,
        "researchAndDevelopmentExpenses": 0,
        "generalAndAdministrativeExpenses": 55000000,
        "sellingAndMarketingExpenses": 0,
        "sellingGeneralAndAdministrativeExpenses": 55000000,
        "otherExpenses": 5000000,
        "operatingExpenses": 57000000,
        "costAndExpenses": 534000000,
        "interestIncome": 0,
        "interestExpense": 5000000,
        "depreciationAndAmortization": 28000000,
        "ebitda": 80000000,
        "ebitdaratio": 0.1367521368,
        "operatingIncome": 44000000,
        "operatingIncomeRatio": 0.0752136752,
        "totalOtherIncomeExpensesNet": -2000000,
        "incomeBeforeTax": 42000000,
        "incomeBeforeTaxRatio": 0.0717948718,
        "incomeTaxExpense": 9000000,
        "netIncome": 33000000,
        "netIncomeRatio": 0.0564102564,
        "eps": 0.29,
        "epsdiluted": 0.29,
        "weightedAverageShsOut": 112000000,
        "weightedAverageShsOutDil": 113000000,
        "link": "https://www.sec.gov/Archives/edgar/data/60519/000179349820000024/0001793498-20-000024-index.htm",
        "finalLink": "https://www.sec.gov/Archives/edgar/data/60519/000179349820000024/lpx03312020-10q.htm"
    },
    {
        "date": "2019-12-31",
        "symbol": "LPX",
        "reportedCurrency": "USD",
        "cik": "0000060519",
        "fillingDate": "2020-02-13",
        "acceptedDate": "2020-02-13 16:15:11",
        "calendarYear": "2019",
        "period": "Q4",
        "revenue": 537000000,
        "costOfRevenue": 467000000,
        "grossProfit": 70000000,
        "grossProfitRatio": 0.1303538175,
        "researchAndDevelopmentExpenses": 0,
        "generalAndAdministrativeExpenses": 58000000,
        "sellingAndMarketingExpenses": 0,
        "sellingGeneralAndAdministrativeExpenses": 58000000,
        "otherExpenses": -2000000,
        "operatingExpenses": 57000000,
        "costAndExpenses": 524000000,
        "interestIncome": 0,
        "interestExpense": 4000000,
        "depreciationAndAmortization": 33000000,
        "ebitda": -40000000,
        "ebitdaratio": -0.0744878957,
        "operatingIncome": -73000000,
        "operatingIncomeRatio": -0.1359404097,
        "totalOtherIncomeExpensesNet": -6000000,
        "incomeBeforeTax": -78000000,
        "incomeBeforeTaxRatio": -0.1452513966,
        "incomeTaxExpense": -26000000,
        "netIncome": -51000000,
        "netIncomeRatio": -0.094972067,
        "eps": -0.44,
        "epsdiluted": -0.44,
        "weightedAverageShsOut": 115000000,
        "weightedAverageShsOutDil": 115000000,
        "link": "https://www.sec.gov/Archives/edgar/data/60519/000179349820000014/0001793498-20-000014-index.htm",
        "finalLink": "https://www.sec.gov/Archives/edgar/data/60519/000179349820000014/lpx1231201910k.htm"
    },
    {
        "date": "2019-09-30",
        "symbol": "LPX",
        "reportedCurrency": "USD",
        "cik": "0000060519",
        "fillingDate": "2019-11-05",
        "acceptedDate": "2019-11-05 07:04:09",
        "calendarYear": "2019",
        "period": "Q3",
        "revenue": 603000000,
        "costOfRevenue": 529000000,
        "grossProfit": 74000000,
        "grossProfitRatio": 0.1227197347,
        "researchAndDevelopmentExpenses": 0,
        "generalAndAdministrativeExpenses": 58000000,
        "sellingAndMarketingExpenses": 0,
        "sellingGeneralAndAdministrativeExpenses": 58000000,
        "otherExpenses": -1000000,
        "operatingExpenses": 61000000,
        "costAndExpenses": 590000000,
        "interestIncome": 2000000,
        "interestExpense": 6000000,
        "depreciationAndAmortization": 30000000,
        "ebitda": 46000000,
        "ebitdaratio": 0.0762852405,
        "operatingIncome": 8000000,
        "operatingIncomeRatio": 0.0132669983,
        "totalOtherIncomeExpensesNet": -5000000,
        "incomeBeforeTax": 3000000,
        "incomeBeforeTaxRatio": 0.0049751244,
        "incomeTaxExpense": 3000000,
        "netIncome": 2000000,
        "netIncomeRatio": 0.0033167496,
        "eps": 0.02,
        "epsdiluted": 0.02,
        "weightedAverageShsOut": 121000000,
        "weightedAverageShsOutDil": 122000000,
        "link": "https://www.sec.gov/Archives/edgar/data/60519/000150433719000043/0001504337-19-000043-index.htm",
        "finalLink": "https://www.sec.gov/Archives/edgar/data/60519/000150433719000043/lpx09302019-10q.htm"
    },
    {
        "date": "2019-06-30",
        "symbol": "LPX",
        "reportedCurrency": "USD",
        "cik": "0000060519",
        "fillingDate": "2019-08-06",
        "acceptedDate": "2019-08-06 07:34:43",
        "calendarYear": "2019",
        "period": "Q2",
        "revenue": 588000000,
        "costOfRevenue": 510000000,
        "grossProfit": 78000000,
        "grossProfitRatio": 0.1326530612,
        "researchAndDevelopmentExpenses": 0,
        "generalAndAdministrativeExpenses": 58000000,
        "sellingAndMarketingExpenses": 0,
        "sellingGeneralAndAdministrativeExpenses": 58000000,
        "otherExpenses": -2000000,
        "operatingExpenses": 55000000,
        "costAndExpenses": 565000000,
        "interestIncome": 2000000,
        "interestExpense": 5000000,
        "depreciationAndAmortization": 29000000,
        "ebitda": 52000000,
        "ebitdaratio": 0.0884353741,
        "operatingIncome": 23000000,
        "operatingIncomeRatio": 0.0391156463,
        "totalOtherIncomeExpensesNet": -4000000,
        "incomeBeforeTax": 19000000,
        "incomeBeforeTaxRatio": 0.0323129252,
        "incomeTaxExpense": 3000000,
        "netIncome": 17000000,
        "netIncomeRatio": 0.0289115646,
        "eps": 0.14,
        "epsdiluted": 0.14,
        "weightedAverageShsOut": 123000000,
        "weightedAverageShsOutDil": 124000000,
        "link": "https://www.sec.gov/Archives/edgar/data/60519/000150433719000033/0001504337-19-000033-index.htm",
        "finalLink": "https://www.sec.gov/Archives/edgar/data/60519/000150433719000033/lpx06302019-10q.htm"
    },
    {
        "date": "2019-03-31",
        "symbol": "LPX",
        "reportedCurrency": "USD",
        "cik": "0000060519",
        "fillingDate": "2019-05-07",
        "acceptedDate": "2019-05-07 07:38:04",
        "calendarYear": "2019",
        "period": "Q1",
        "revenue": 582000000,
        "costOfRevenue": 501000000,
        "grossProfit": 81000000,
        "grossProfitRatio": 0.1391752577,
        "researchAndDevelopmentExpenses": 0,
        "generalAndAdministrativeExpenses": 57000000,
        "sellingAndMarketingExpenses": 0,
        "sellingGeneralAndAdministrativeExpenses": 57000000,
        "otherExpenses": 2000000,
        "operatingExpenses": 59000000,
        "costAndExpenses": 560000000,
        "interestIncome": 4700000,
        "interestExpense": 3800000,
        "depreciationAndAmortization": 31000000,
        "ebitda": 55000000,
        "ebitdaratio": 0.0945017182,
        "operatingIncome": 22000000,
        "operatingIncomeRatio": 0.0378006873,
        "totalOtherIncomeExpensesNet": 12000000,
        "incomeBeforeTax": 34000000,
        "incomeBeforeTaxRatio": 0.058419244,
        "incomeTaxExpense": 7000000,
        "netIncome": 27000000,
        "netIncomeRatio": 0.0463917526,
        "eps": 0.2,
        "epsdiluted": 0.2,
        "weightedAverageShsOut": 131000000,
        "weightedAverageShsOutDil": 132000000,
        "link": "https://www.sec.gov/Archives/edgar/data/60519/000150433719000016/0001504337-19-000016-index.htm",
        "finalLink": "https://www.sec.gov/Archives/edgar/data/60519/000150433719000016/lpx03312019-10q.htm"
    },
    {
        "date": "2018-12-31",
        "symbol": "LPX",
        "reportedCurrency": "USD",
        "cik": "0000060519",
        "fillingDate": "2019-02-14",
        "acceptedDate": "2019-02-14 16:00:59",
        "calendarYear": "2018",
        "period": "Q4",
        "revenue": 589100000,
        "costOfRevenue": 495300000,
        "grossProfit": 93800000,
        "grossProfitRatio": 0.1592259379,
        "researchAndDevelopmentExpenses": 0,
        "generalAndAdministrativeExpenses": 57400000,
        "sellingAndMarketingExpenses": 0,
        "sellingGeneralAndAdministrativeExpenses": 57400000,
        "otherExpenses": 400000,
        "operatingExpenses": 66400000,
        "costAndExpenses": 561700000,
        "interestIncome": 4800000,
        "interestExpense": 3100000,
        "depreciationAndAmortization": 28200000,
        "ebitda": 49000000,
        "ebitdaratio": 0.0831777287,
        "operatingIncome": 16300000,
        "operatingIncomeRatio": 0.0276693261,
        "totalOtherIncomeExpensesNet": 1400000,
        "incomeBeforeTax": 17700000,
        "incomeBeforeTaxRatio": 0.0300458326,
        "incomeTaxExpense": -400000,
        "netIncome": 17000000,
        "netIncomeRatio": 0.0288575794,
        "eps": 0.12,
        "epsdiluted": 0.12,
        "weightedAverageShsOut": 140000000,
        "weightedAverageShsOutDil": 141100000,
        "link": "https://www.sec.gov/Archives/edgar/data/60519/000150433719000008/0001504337-19-000008-index.htm",
        "finalLink": "https://www.sec.gov/Archives/edgar/data/60519/000150433719000008/lpx1231201810k.htm"
    },
    {
        "date": "2018-09-30",
        "symbol": "LPX",
        "reportedCurrency": "USD",
        "cik": "0000060519",
        "fillingDate": "2018-11-06",
        "acceptedDate": "2018-11-06 07:40:26",
        "calendarYear": "2018",
        "period": "Q3",
        "revenue": 736800000,
        "costOfRevenue": 524000000,
        "grossProfit": 212800000,
        "grossProfitRatio": 0.2888165038,
        "researchAndDevelopmentExpenses": 0,
        "generalAndAdministrativeExpenses": 51200000,
        "sellingAndMarketingExpenses": 0,
        "sellingGeneralAndAdministrativeExpenses": 51200000,
        "otherExpenses": -1100000,
        "operatingExpenses": 44900000,
        "costAndExpenses": 568900000,
        "interestIncome": 5000000,
        "interestExpense": 4000000,
        "depreciationAndAmortization": 30700000,
        "ebitda": 201600000,
        "ebitdaratio": 0.2736156352,
        "operatingIncome": 167600000,
        "operatingIncomeRatio": 0.2274701412,
        "totalOtherIncomeExpensesNet": -1000000,
        "incomeBeforeTax": 167000000,
        "incomeBeforeTaxRatio": 0.2266558089,
        "incomeTaxExpense": 41800000,
        "netIncome": 124000000,
        "netIncomeRatio": 0.1682953312,
        "eps": 0.87,
        "epsdiluted": 0.86,
        "weightedAverageShsOut": 142500000,
        "weightedAverageShsOutDil": 143900000,
        "link": "https://www.sec.gov/Archives/edgar/data/60519/000150433718000029/0001504337-18-000029-index.htm",
        "finalLink": "https://www.sec.gov/Archives/edgar/data/60519/000150433718000029/lpx09302018-10q.htm"
    },
    {
        "date": "2018-06-30",
        "symbol": "LPX",
        "reportedCurrency": "USD",
        "cik": "0000060519",
        "fillingDate": "2018-08-07",
        "acceptedDate": "2018-08-07 07:21:33",
        "calendarYear": "2018",
        "period": "Q2",
        "revenue": 810800000,
        "costOfRevenue": 550200000,
        "grossProfit": 260600000,
        "grossProfitRatio": 0.3214109521,
        "researchAndDevelopmentExpenses": 0,
        "generalAndAdministrativeExpenses": 50100000,
        "sellingAndMarketingExpenses": 0,
        "sellingGeneralAndAdministrativeExpenses": 50100000,
        "otherExpenses": -1100000,
        "operatingExpenses": 45600000,
        "costAndExpenses": 595800000,
        "interestIncome": 4700000,
        "interestExpense": 0,
        "depreciationAndAmortization": 30100000,
        "ebitda": 215000000,
        "ebitdaratio": 0.2651702023,
        "operatingIncome": 215000000,
        "operatingIncomeRatio": 0.2651702023,
        "totalOtherIncomeExpensesNet": -300000,
        "incomeBeforeTax": 214700000,
        "incomeBeforeTaxRatio": 0.2648001973,
        "incomeTaxExpense": 51200000,
        "netIncome": 163000000,
        "netIncomeRatio": 0.2010360138,
        "eps": 1.13,
        "epsdiluted": 1.11,
        "weightedAverageShsOut": 144600000,
        "weightedAverageShsOutDil": 146200000,
        "link": "https://www.sec.gov/Archives/edgar/data/60519/000150433718000024/0001504337-18-000024-index.htm",
        "finalLink": "https://www.sec.gov/Archives/edgar/data/60519/000150433718000024/lpx06302018-10q.htm"
    },
    {
        "date": "2018-03-31",
        "symbol": "LPX",
        "reportedCurrency": "USD",
        "cik": "0000060519",
        "fillingDate": "2018-05-07",
        "acceptedDate": "2018-05-07 07:28:23",
        "calendarYear": "2018",
        "period": "Q1",
        "revenue": 691300000,
        "costOfRevenue": 514500000,
        "grossProfit": 176800000,
        "grossProfitRatio": 0.2557500362,
        "researchAndDevelopmentExpenses": 0,
        "generalAndAdministrativeExpenses": 50600000,
        "sellingAndMarketingExpenses": 0,
        "sellingGeneralAndAdministrativeExpenses": 50600000,
        "otherExpenses": 0,
        "operatingExpenses": 50200000,
        "costAndExpenses": 564700000,
        "interestIncome": 3500000,
        "interestExpense": 4200000,
        "depreciationAndAmortization": 31000000,
        "ebitda": 154000000,
        "ebitdaratio": 0.2227686967,
        "operatingIncome": 127200000,
        "operatingIncomeRatio": 0.1840011572,
        "totalOtherIncomeExpensesNet": -2400000,
        "incomeBeforeTax": 124600000,
        "incomeBeforeTaxRatio": 0.1802401273,
        "incomeTaxExpense": 29700000,
        "netIncome": 91000000,
        "netIncomeRatio": 0.131636048,
        "eps": 0.63,
        "epsdiluted": 0.62,
        "weightedAverageShsOut": 145000000,
        "weightedAverageShsOutDil": 147000000,
        "link": "https://www.sec.gov/Archives/edgar/data/60519/000150433718000013/0001504337-18-000013-index.htm",
        "finalLink": "https://www.sec.gov/Archives/edgar/data/60519/000150433718000013/lpx03312018-10q.htm"
    },
    {
        "date": "2017-12-31",
        "symbol": "LPX",
        "reportedCurrency": "USD",
        "cik": "0000060519",
        "fillingDate": "2018-02-13",
        "acceptedDate": "2018-02-13 17:27:07",
        "calendarYear": "2017",
        "period": "Q4",
        "revenue": 710600000,
        "costOfRevenue": 461900000,
        "grossProfit": 248700000,
        "grossProfitRatio": 0.3499859274,
        "researchAndDevelopmentExpenses": 0,
        "generalAndAdministrativeExpenses": 45600000,
        "sellingAndMarketingExpenses": 0,
        "sellingGeneralAndAdministrativeExpenses": 45600000,
        "otherExpenses": 200000,
        "operatingExpenses": 81100000,
        "costAndExpenses": 543000000,
        "interestIncome": 0,
        "interestExpense": 1200000,
        "depreciationAndAmortization": 32000000,
        "ebitda": 195800000,
        "ebitdaratio": 0.2755417957,
        "operatingIncome": 159000000,
        "operatingIncomeRatio": 0.2237545736,
        "totalOtherIncomeExpensesNet": -3100000,
        "incomeBeforeTax": 155800000,
        "incomeBeforeTaxRatio": 0.2192513369,
        "incomeTaxExpense": 21200000,
        "netIncome": 130600000,
        "netIncomeRatio": 0.1837883479,
        "eps": 0.9,
        "epsdiluted": 0.9,
        "weightedAverageShsOut": 142800000,
        "weightedAverageShsOutDil": 144700000,
        "link": "https://www.sec.gov/Archives/edgar/data/60519/000150433718000006/0001504337-18-000006-index.htm",
        "finalLink": "https://www.sec.gov/Archives/edgar/data/60519/000150433718000006/lpx1231201710k.htm"
    },
    {
        "date": "2017-09-30",
        "symbol": "LPX",
        "reportedCurrency": "USD",
        "cik": "0000060519",
        "fillingDate": "2017-11-06",
        "acceptedDate": "2017-11-06 07:17:52",
        "calendarYear": "2017",
        "period": "Q3",
        "revenue": 718300000,
        "costOfRevenue": 479300000,
        "grossProfit": 239000000,
        "grossProfitRatio": 0.3327300571,
        "researchAndDevelopmentExpenses": 0,
        "generalAndAdministrativeExpenses": 49200000,
        "sellingAndMarketingExpenses": 0,
        "sellingGeneralAndAdministrativeExpenses": 49200000,
        "otherExpenses": 300000,
        "operatingExpenses": 79400000,
        "costAndExpenses": 558700000,
        "interestIncome": 2900000,
        "interestExpense": 4900000,
        "depreciationAndAmortization": 31100000,
        "ebitda": 191700000,
        "ebitdaratio": 0.2668801336,
        "operatingIncome": 158900000,
        "operatingIncomeRatio": 0.2212167618,
        "totalOtherIncomeExpensesNet": -5200000,
        "incomeBeforeTax": 156300000,
        "incomeBeforeTaxRatio": 0.2175971043,
        "incomeTaxExpense": 46400000,
        "netIncome": 109800000,
        "netIncomeRatio": 0.1528609216,
        "eps": 0.76,
        "epsdiluted": 0.75,
        "weightedAverageShsOut": 144500000,
        "weightedAverageShsOutDil": 146500000,
        "link": "https://www.sec.gov/Archives/edgar/data/60519/000150433717000032/0001504337-17-000032-index.htm",
        "finalLink": "https://www.sec.gov/Archives/edgar/data/60519/000150433717000032/lpx9302017-10q.htm"
    },
    {
        "date": "2017-06-30",
        "symbol": "LPX",
        "reportedCurrency": "USD",
        "cik": "0000060519",
        "fillingDate": "2017-08-01",
        "acceptedDate": "2017-08-01 07:45:13",
        "calendarYear": "2017",
        "period": "Q2",
        "revenue": 694100000,
        "costOfRevenue": 485700000,
        "grossProfit": 208400000,
        "grossProfitRatio": 0.3002449215,
        "researchAndDevelopmentExpenses": 0,
        "generalAndAdministrativeExpenses": 47000000,
        "sellingAndMarketingExpenses": 0,
        "sellingGeneralAndAdministrativeExpenses": 47000000,
        "otherExpenses": 200000,
        "operatingExpenses": 78600000,
        "costAndExpenses": 564300000,
        "interestIncome": 2300000,
        "interestExpense": 4900000,
        "depreciationAndAmortization": 29600000,
        "ebitda": 162700000,
        "ebitdaratio": 0.2344042645,
        "operatingIncome": 132900000,
        "operatingIncomeRatio": 0.1914709696,
        "totalOtherIncomeExpensesNet": -2400000,
        "incomeBeforeTax": 128800000,
        "incomeBeforeTaxRatio": 0.1855640398,
        "incomeTaxExpense": 36000000,
        "netIncome": 94500000,
        "netIncomeRatio": 0.1361475292,
        "eps": 0.65,
        "epsdiluted": 0.65,
        "weightedAverageShsOut": 144500000,
        "weightedAverageShsOutDil": 146200000,
        "link": "https://www.sec.gov/Archives/edgar/data/60519/000150433717000027/0001504337-17-000027-index.htm",
        "finalLink": "https://www.sec.gov/Archives/edgar/data/60519/000150433717000027/lpx6302017-10q.htm"
    },
    {
        "date": "2017-03-31",
        "symbol": "LPX",
        "reportedCurrency": "USD",
        "cik": "0000060519",
        "fillingDate": "2017-05-05",
        "acceptedDate": "2017-05-05 07:22:16",
        "calendarYear": "2017",
        "period": "Q1",
        "revenue": 610900000,
        "costOfRevenue": 455000000,
        "grossProfit": 155900000,
        "grossProfitRatio": 0.25519725,
        "researchAndDevelopmentExpenses": 0,
        "generalAndAdministrativeExpenses": 48600000,
        "sellingAndMarketingExpenses": 0,
        "sellingGeneralAndAdministrativeExpenses": 48600000,
        "otherExpenses": 300000,
        "operatingExpenses": 82600000,
        "costAndExpenses": 537600000,
        "interestIncome": 2000000,
        "interestExpense": 5000000,
        "depreciationAndAmortization": 30600000,
        "ebitda": 106600000,
        "ebitdaratio": 0.1744966443,
        "operatingIncome": 72700000,
        "operatingIncomeRatio": 0.1190047471,
        "totalOtherIncomeExpensesNet": -3300000,
        "incomeBeforeTax": 69400000,
        "incomeBeforeTaxRatio": 0.113602881,
        "incomeTaxExpense": 15500000,
        "netIncome": 55000000,
        "netIncomeRatio": 0.0900311017,
        "eps": 0.38,
        "epsdiluted": 0.38,
        "weightedAverageShsOut": 144200000,
        "weightedAverageShsOutDil": 145900000,
        "link": "https://www.sec.gov/Archives/edgar/data/60519/000150433717000012/0001504337-17-000012-index.htm",
        "finalLink": "https://www.sec.gov/Archives/edgar/data/60519/000150433717000012/lpx3312017-10q.htm"
    },
    {
        "date": "2016-12-31",
        "symbol": "LPX",
        "reportedCurrency": "USD",
        "cik": "0000060519",
        "fillingDate": "2017-02-15",
        "acceptedDate": "2017-02-14 18:10:56",
        "calendarYear": "2016",
        "period": "Q4",
        "revenue": 550000000,
        "costOfRevenue": 422800000,
        "grossProfit": 127200000,
        "grossProfitRatio": 0.2312727273,
        "researchAndDevelopmentExpenses": 0,
        "generalAndAdministrativeExpenses": 47800000,
        "sellingAndMarketingExpenses": 0,
        "sellingGeneralAndAdministrativeExpenses": 47800000,
        "otherExpenses": -3400000,
        "operatingExpenses": 80600000,
        "costAndExpenses": 503400000,
        "interestIncome": 0,
        "interestExpense": 5800000,
        "depreciationAndAmortization": 26800000,
        "ebitda": 73400000,
        "ebitdaratio": 0.1334545455,
        "operatingIncome": 56000000,
        "operatingIncomeRatio": 0.1018181818,
        "totalOtherIncomeExpensesNet": -7400000,
        "incomeBeforeTax": 48600000,
        "incomeBeforeTaxRatio": 0.0883636364,
        "incomeTaxExpense": 6700000,
        "netIncome": 42200000,
        "netIncomeRatio": 0.0767272727,
        "eps": 0.29,
        "epsdiluted": 0.29,
        "weightedAverageShsOut": 143700000,
        "weightedAverageShsOutDil": 145500000,
        "link": "https://www.sec.gov/Archives/edgar/data/60519/000150433717000007/0001504337-17-000007-index.htm",
        "finalLink": "https://www.sec.gov/Archives/edgar/data/60519/000150433717000007/lpx1231201610k.htm"
    },
    {
        "date": "2016-09-30",
        "symbol": "LPX",
        "reportedCurrency": "USD",
        "cik": "0000060519",
        "fillingDate": "2016-10-31",
        "acceptedDate": "2016-10-31 07:15:37",
        "calendarYear": "2016",
        "period": "Q3",
        "revenue": 596400000,
        "costOfRevenue": 442600000,
        "grossProfit": 153800000,
        "grossProfitRatio": 0.257880617,
        "researchAndDevelopmentExpenses": 0,
        "generalAndAdministrativeExpenses": 47000000,
        "sellingAndMarketingExpenses": 0,
        "sellingGeneralAndAdministrativeExpenses": 47000000,
        "otherExpenses": 300000,
        "operatingExpenses": 76600000,
        "costAndExpenses": 519200000,
        "interestIncome": 2500000,
        "interestExpense": 9000000,
        "depreciationAndAmortization": 29600000,
        "ebitda": 106800000,
        "ebitdaratio": 0.1790744467,
        "operatingIncome": 76900000,
        "operatingIncomeRatio": 0.1289403085,
        "totalOtherIncomeExpensesNet": -20200000,
        "incomeBeforeTax": 56700000,
        "incomeBeforeTaxRatio": 0.0950704225,
        "incomeTaxExpense": -7500000,
        "netIncome": 65600000,
        "netIncomeRatio": 0.1099932931,
        "eps": 0.46,
        "epsdiluted": 0.45,
        "weightedAverageShsOut": 143700000,
        "weightedAverageShsOutDil": 145400000,
        "link": "https://www.sec.gov/Archives/edgar/data/60519/000150433716000079/0001504337-16-000079-index.htm",
        "finalLink": "https://www.sec.gov/Archives/edgar/data/60519/000150433716000079/lpx9302016-10q.htm"
    },
    {
        "date": "2016-06-30",
        "symbol": "LPX",
        "reportedCurrency": "USD",
        "cik": "0000060519",
        "fillingDate": "2016-08-04",
        "acceptedDate": "2016-08-04 08:46:51",
        "calendarYear": "2016",
        "period": "Q2",
        "revenue": 582400000,
        "costOfRevenue": 443100000,
        "grossProfit": 139300000,
        "grossProfitRatio": 0.2391826923,
        "researchAndDevelopmentExpenses": 0,
        "generalAndAdministrativeExpenses": 46500000,
        "sellingAndMarketingExpenses": 0,
        "sellingGeneralAndAdministrativeExpenses": 46500000,
        "otherExpenses": 100000,
        "operatingExpenses": 86400000,
        "costAndExpenses": 529500000,
        "interestIncome": 2000000,
        "interestExpense": 9000000,
        "depreciationAndAmortization": 28500000,
        "ebitda": 81400000,
        "ebitdaratio": 0.1397664835,
        "operatingIncome": 52200000,
        "operatingIncomeRatio": 0.0896291209,
        "totalOtherIncomeExpensesNet": -5800000,
        "incomeBeforeTax": 46400000,
        "incomeBeforeTaxRatio": 0.0796703297,
        "incomeTaxExpense": 16200000,
        "netIncome": 31700000,
        "netIncomeRatio": 0.0544299451,
        "eps": 0.22,
        "epsdiluted": 0.22,
        "weightedAverageShsOut": 143400000,
        "weightedAverageShsOutDil": 145200000,
        "link": "https://www.sec.gov/Archives/edgar/data/60519/000150433716000064/0001504337-16-000064-index.htm",
        "finalLink": "https://www.sec.gov/Archives/edgar/data/60519/000150433716000064/lpx6302016-10q.htm"
    },
    {
        "date": "2016-03-31",
        "symbol": "LPX",
        "reportedCurrency": "USD",
        "cik": "0000060519",
        "fillingDate": "2016-05-09",
        "acceptedDate": "2016-05-09 07:07:59",
        "calendarYear": "2016",
        "period": "Q1",
        "revenue": 504600000,
        "costOfRevenue": 415500000,
        "grossProfit": 89100000,
        "grossProfitRatio": 0.1765755054,
        "researchAndDevelopmentExpenses": 0,
        "generalAndAdministrativeExpenses": 42300000,
        "sellingAndMarketingExpenses": 0,
        "sellingGeneralAndAdministrativeExpenses": 42300000,
        "otherExpenses": 27900000,
        "operatingExpenses": 70200000,
        "costAndExpenses": 485700000,
        "interestIncome": 1800000,
        "interestExpense": 7700000,
        "depreciationAndAmortization": 27900000,
        "ebitda": 46800000,
        "ebitdaratio": 0.0927467301,
        "operatingIncome": 18900000,
        "operatingIncomeRatio": 0.0374554102,
        "totalOtherIncomeExpensesNet": -5700000,
        "incomeBeforeTax": 13200000,
        "incomeBeforeTaxRatio": 0.0261593341,
        "incomeTaxExpense": 4400000,
        "netIncome": 10300000,
        "netIncomeRatio": 0.0204122077,
        "eps": 0.07,
        "epsdiluted": 0.07,
        "weightedAverageShsOut": 142900000,
        "weightedAverageShsOutDil": 145200000,
        "link": "https://www.sec.gov/Archives/edgar/data/60519/000150433716000054/0001504337-16-000054-index.htm",
        "finalLink": "https://www.sec.gov/Archives/edgar/data/60519/000150433716000054/lpx3312016-10q.htm"
    },
    {
        "date": "2015-12-31",
        "symbol": "LPX",
        "reportedCurrency": "USD",
        "cik": "0000060519",
        "fillingDate": "2016-02-24",
        "acceptedDate": "2016-02-24 11:29:54",
        "calendarYear": "2015",
        "period": "Q4",
        "revenue": 462900000,
        "costOfRevenue": 395300000,
        "grossProfit": 67600000,
        "grossProfitRatio": 0.1460358609,
        "researchAndDevelopmentExpenses": 0,
        "generalAndAdministrativeExpenses": 37900000,
        "sellingAndMarketingExpenses": 0,
        "sellingGeneralAndAdministrativeExpenses": 37900000,
        "otherExpenses": 200000,
        "operatingExpenses": 65600000,
        "costAndExpenses": 460900000,
        "interestIncome": 0,
        "interestExpense": 8100000,
        "depreciationAndAmortization": 24000000,
        "ebitda": 26600000,
        "ebitdaratio": 0.0574638151,
        "operatingIncome": 1400000,
        "operatingIncomeRatio": 0.0030244113,
        "totalOtherIncomeExpensesNet": -6400000,
        "incomeBeforeTax": -5000000,
        "incomeBeforeTaxRatio": -0.010801469,
        "incomeTaxExpense": 5000000,
        "netIncome": -7600000,
        "netIncomeRatio": -0.0164182329,
        "eps": -0.0533,
        "epsdiluted": -0.0533,
        "weightedAverageShsOut": 142700000,
        "weightedAverageShsOutDil": 142700000,
        "link": "https://www.sec.gov/Archives/edgar/data/60519/000150433716000048/0001504337-16-000048-index.htm",
        "finalLink": "https://www.sec.gov/Archives/edgar/data/60519/000150433716000048/lpx1231201510k.htm"
    },
    {
        "date": "2015-09-30",
        "symbol": "LPX",
        "reportedCurrency": "USD",
        "cik": "0000060519",
        "fillingDate": "2015-11-03",
        "acceptedDate": "2015-11-03 07:10:05",
        "calendarYear": "2015",
        "period": "Q3",
        "revenue": 464900000,
        "costOfRevenue": 416200000,
        "grossProfit": 48700000,
        "grossProfitRatio": 0.1047537105,
        "researchAndDevelopmentExpenses": 0,
        "generalAndAdministrativeExpenses": 38300000,
        "sellingAndMarketingExpenses": 0,
        "sellingGeneralAndAdministrativeExpenses": 38300000,
        "otherExpenses": -600000,
        "operatingExpenses": 65200000,
        "costAndExpenses": 481400000,
        "interestIncome": 500000,
        "interestExpense": 8100000,
        "depreciationAndAmortization": 25900000,
        "ebitda": 9400000,
        "ebitdaratio": 0.020219402,
        "operatingIncome": -17400000,
        "operatingIncomeRatio": -0.0374274037,
        "totalOtherIncomeExpensesNet": -11600000,
        "incomeBeforeTax": -29000000,
        "incomeBeforeTaxRatio": -0.0623790062,
        "incomeTaxExpense": -2400000,
        "netIncome": -26500000,
        "netIncomeRatio": -0.0570015057,
        "eps": -0.19,
        "epsdiluted": -0.19,
        "weightedAverageShsOut": 142600000,
        "weightedAverageShsOutDil": 142600000,
        "link": "https://www.sec.gov/Archives/edgar/data/60519/000150433715000038/0001504337-15-000038-index.htm",
        "finalLink": "https://www.sec.gov/Archives/edgar/data/60519/000150433715000038/lpx2015930-10q.htm"
    },
    {
        "date": "2015-06-30",
        "symbol": "LPX",
        "reportedCurrency": "USD",
        "cik": "0000060519",
        "fillingDate": "2015-08-04",
        "acceptedDate": "2015-08-04 08:57:01",
        "calendarYear": "2015",
        "period": "Q2",
        "revenue": 493000000,
        "costOfRevenue": 443400000,
        "grossProfit": 49600000,
        "grossProfitRatio": 0.1006085193,
        "researchAndDevelopmentExpenses": 0,
        "generalAndAdministrativeExpenses": 37900000,
        "sellingAndMarketingExpenses": 0,
        "sellingGeneralAndAdministrativeExpenses": 37900000,
        "otherExpenses": -100000,
        "operatingExpenses": 63200000,
        "costAndExpenses": 506600000,
        "interestIncome": 1000000,
        "interestExpense": 7000000,
        "depreciationAndAmortization": 25300000,
        "ebitda": 11700000,
        "ebitdaratio": 0.0237322515,
        "operatingIncome": -14100000,
        "operatingIncomeRatio": -0.0286004057,
        "totalOtherIncomeExpensesNet": -5800000,
        "incomeBeforeTax": -19900000,
        "incomeBeforeTaxRatio": -0.0403651116,
        "incomeTaxExpense": 1000000,
        "netIncome": -19500000,
        "netIncomeRatio": -0.0395537525,
        "eps": -0.14,
        "epsdiluted": -0.14,
        "weightedAverageShsOut": 139285714,
        "weightedAverageShsOutDil": 142300000,
        "link": "https://www.sec.gov/Archives/edgar/data/60519/000150433715000030/0001504337-15-000030-index.htm",
        "finalLink": "https://www.sec.gov/Archives/edgar/data/60519/000150433715000030/lpx2015630-10q.htm"
    },
    {
        "date": "2015-03-31",
        "symbol": "LPX",
        "reportedCurrency": "USD",
        "cik": "0000060519",
        "fillingDate": "2015-05-05",
        "acceptedDate": "2015-05-05 09:32:07",
        "calendarYear": "2015",
        "period": "Q1",
        "revenue": 471700000,
        "costOfRevenue": 427800000,
        "grossProfit": 43900000,
        "grossProfitRatio": 0.0930676277,
        "researchAndDevelopmentExpenses": 0,
        "generalAndAdministrativeExpenses": 38700000,
        "sellingAndMarketingExpenses": 0,
        "sellingGeneralAndAdministrativeExpenses": 38700000,
        "otherExpenses": -2200000,
        "operatingExpenses": 77000000,
        "costAndExpenses": 504800000,
        "interestIncome": 1400000,
        "interestExpense": 7500000,
        "depreciationAndAmortization": 26700000,
        "ebitda": -7600000,
        "ebitdaratio": -0.0161119356,
        "operatingIncome": -33200000,
        "operatingIncomeRatio": -0.0703837185,
        "totalOtherIncomeExpensesNet": -8300000,
        "incomeBeforeTax": -41500000,
        "incomeBeforeTaxRatio": -0.0879796481,
        "incomeTaxExpense": -6300000,
        "netIncome": -34500000,
        "netIncomeRatio": -0.0731397074,
        "eps": -0.24,
        "epsdiluted": -0.24,
        "weightedAverageShsOut": 142000000,
        "weightedAverageShsOutDil": 142000000,
        "link": "https://www.sec.gov/Archives/edgar/data/60519/000150433715000017/0001504337-15-000017-index.htm",
        "finalLink": "https://www.sec.gov/Archives/edgar/data/60519/000150433715000017/lpx2015331-10q.htm"
    },
    {
        "date": "2014-12-31",
        "symbol": "LPX",
        "reportedCurrency": "USD",
        "cik": "0000060519",
        "fillingDate": "2015-03-02",
        "acceptedDate": "2015-03-02 15:28:05",
        "calendarYear": "2014",
        "period": "Q4",
        "revenue": 453500000,
        "costOfRevenue": 430900000,
        "grossProfit": 22600000,
        "grossProfitRatio": 0.0498346196,
        "researchAndDevelopmentExpenses": 0,
        "generalAndAdministrativeExpenses": 40800000,
        "sellingAndMarketingExpenses": 0,
        "sellingGeneralAndAdministrativeExpenses": 40800000,
        "otherExpenses": -1300000,
        "operatingExpenses": 70500000,
        "costAndExpenses": 501400000,
        "interestIncome": 0,
        "interestExpense": 6400000,
        "depreciationAndAmortization": 23300000,
        "ebitda": -29300000,
        "ebitdaratio": -0.0646085998,
        "operatingIncome": -48900000,
        "operatingIncomeRatio": -0.1078280044,
        "totalOtherIncomeExpensesNet": -6600000,
        "incomeBeforeTax": -55500000,
        "incomeBeforeTaxRatio": -0.1223814774,
        "incomeTaxExpense": -11300000,
        "netIncome": -42900000,
        "netIncomeRatio": -0.0945975744,
        "eps": -0.3,
        "epsdiluted": -0.3,
        "weightedAverageShsOut": 141700000,
        "weightedAverageShsOutDil": 141700000,
        "link": "https://www.sec.gov/Archives/edgar/data/60519/000150433715000010/0001504337-15-000010-index.htm",
        "finalLink": "https://www.sec.gov/Archives/edgar/data/60519/000150433715000010/lpx1231201410k.htm"
    },
    {
        "date": "2014-09-30",
        "symbol": "LPX",
        "reportedCurrency": "USD",
        "cik": "0000060519",
        "fillingDate": "2014-11-05",
        "acceptedDate": "2014-11-05 09:45:51",
        "calendarYear": "2014",
        "period": "Q3",
        "revenue": 518100000,
        "costOfRevenue": 477000000,
        "grossProfit": 41100000,
        "grossProfitRatio": 0.079328315,
        "researchAndDevelopmentExpenses": 0,
        "generalAndAdministrativeExpenses": 31900000,
        "sellingAndMarketingExpenses": 0,
        "sellingGeneralAndAdministrativeExpenses": 31900000,
        "otherExpenses": -200000,
        "operatingExpenses": 59300000,
        "costAndExpenses": 536300000,
        "interestIncome": 0,
        "interestExpense": 7400000,
        "depreciationAndAmortization": 26900000,
        "ebitda": 11600000,
        "ebitdaratio": 0.0223895001,
        "operatingIncome": -14600000,
        "operatingIncomeRatio": -0.0281798881,
        "totalOtherIncomeExpensesNet": -8700000,
        "incomeBeforeTax": -23300000,
        "incomeBeforeTaxRatio": -0.0449720131,
        "incomeTaxExpense": -3600000,
        "netIncome": -20400000,
        "netIncomeRatio": -0.0393746381,
        "eps": -0.14,
        "epsdiluted": -0.14,
        "weightedAverageShsOut": 140769230,
        "weightedAverageShsOutDil": 140800000,
        "link": "https://www.sec.gov/Archives/edgar/data/60519/000150433714000036/0001504337-14-000036-index.htm",
        "finalLink": "https://www.sec.gov/Archives/edgar/data/60519/000150433714000036/lpx2014930-10q.htm"
    },
    {
        "date": "2014-06-30",
        "symbol": "LPX",
        "reportedCurrency": "USD",
        "cik": "0000060519",
        "fillingDate": "2014-08-05",
        "acceptedDate": "2014-08-05 08:21:40",
        "calendarYear": "2014",
        "period": "Q2",
        "revenue": 518500000,
        "costOfRevenue": 461500000,
        "grossProfit": 57000000,
        "grossProfitRatio": 0.1099324976,
        "researchAndDevelopmentExpenses": 0,
        "generalAndAdministrativeExpenses": 35900000,
        "sellingAndMarketingExpenses": 0,
        "sellingGeneralAndAdministrativeExpenses": 35900000,
        "otherExpenses": 200000,
        "operatingExpenses": 61400000,
        "costAndExpenses": 522900000,
        "interestIncome": 0,
        "interestExpense": 5700000,
        "depreciationAndAmortization": 24900000,
        "ebitda": 20600000,
        "ebitdaratio": 0.0397299904,
        "operatingIncome": -3900000,
        "operatingIncomeRatio": -0.0075216972,
        "totalOtherIncomeExpensesNet": -1900000,
        "incomeBeforeTax": -5800000,
        "incomeBeforeTaxRatio": -0.0111861138,
        "incomeTaxExpense": -6700000,
        "netIncome": 2100000,
        "netIncomeRatio": 0.0040501446,
        "eps": 0.01,
        "epsdiluted": 0.01,
        "weightedAverageShsOut": 140800000,
        "weightedAverageShsOutDil": 144000000,
        "link": "https://www.sec.gov/Archives/edgar/data/60519/000150433714000030/0001504337-14-000030-index.htm",
        "finalLink": "https://www.sec.gov/Archives/edgar/data/60519/000150433714000030/lpx2014630-10q.htm"
    },
    {
        "date": "2014-03-31",
        "symbol": "LPX",
        "reportedCurrency": "USD",
        "cik": "0000060519",
        "fillingDate": "2014-05-08",
        "acceptedDate": "2014-05-08 12:12:58",
        "calendarYear": "2014",
        "period": "Q1",
        "revenue": 444700000,
        "costOfRevenue": 388400000,
        "grossProfit": 56300000,
        "grossProfitRatio": 0.1266022037,
        "researchAndDevelopmentExpenses": 0,
        "generalAndAdministrativeExpenses": 40900000,
        "sellingAndMarketingExpenses": 0,
        "sellingGeneralAndAdministrativeExpenses": 40900000,
        "otherExpenses": 100000,
        "operatingExpenses": 66500000,
        "costAndExpenses": 454900000,
        "interestIncome": 1800000,
        "interestExpense": 7400000,
        "depreciationAndAmortization": 25600000,
        "ebitda": 15400000,
        "ebitdaratio": 0.0346300877,
        "operatingIncome": -10200000,
        "operatingIncomeRatio": -0.0229368113,
        "totalOtherIncomeExpensesNet": -10200000,
        "incomeBeforeTax": -20400000,
        "incomeBeforeTaxRatio": -0.0458736227,
        "incomeTaxExpense": -5600000,
        "netIncome": -14200000,
        "netIncomeRatio": -0.0319316393,
        "eps": -0.1,
        "epsdiluted": -0.1,
        "weightedAverageShsOut": 140800000,
        "weightedAverageShsOutDil": 140800000,
        "link": "https://www.sec.gov/Archives/edgar/data/60519/000150433714000018/0001504337-14-000018-index.htm",
        "finalLink": "https://www.sec.gov/Archives/edgar/data/60519/000150433714000018/lpx2014331-10q.htm"
    },
    {
        "date": "2013-12-31",
        "symbol": "LPX",
        "reportedCurrency": "USD",
        "cik": "0000060519",
        "fillingDate": "2014-02-27",
        "acceptedDate": "2014-02-27 11:37:19",
        "calendarYear": "2013",
        "period": "Q4",
        "revenue": 479700000,
        "costOfRevenue": 415300000,
        "grossProfit": 64400000,
        "grossProfitRatio": 0.1342505733,
        "researchAndDevelopmentExpenses": 0,
        "generalAndAdministrativeExpenses": 46600000,
        "sellingAndMarketingExpenses": 0,
        "sellingGeneralAndAdministrativeExpenses": 46600000,
        "otherExpenses": -2300000,
        "operatingExpenses": 85800000,
        "costAndExpenses": 501100000,
        "interestIncome": 0,
        "interestExpense": 8000000,
        "depreciationAndAmortization": 26300000,
        "ebitda": 700000,
        "ebitdaratio": 0.0014592454,
        "operatingIncome": -22000000,
        "operatingIncomeRatio": -0.0458619971,
        "totalOtherIncomeExpensesNet": -8400000,
        "incomeBeforeTax": -30300000,
        "incomeBeforeTaxRatio": -0.0631644778,
        "incomeTaxExpense": -10500000,
        "netIncome": -20400000,
        "netIncomeRatio": -0.0425265791,
        "eps": -0.15,
        "epsdiluted": -0.15,
        "weightedAverageShsOut": 140600000,
        "weightedAverageShsOutDil": 140600000,
        "link": "https://www.sec.gov/Archives/edgar/data/60519/000150433714000012/0001504337-14-000012-index.htm",
        "finalLink": "https://www.sec.gov/Archives/edgar/data/60519/000150433714000012/lpx1231201310k.htm"
    },
    {
        "date": "2013-09-30",
        "symbol": "LPX",
        "reportedCurrency": "USD",
        "cik": "0000060519",
        "fillingDate": "2013-11-05",
        "acceptedDate": "2013-11-05 09:27:44",
        "calendarYear": "2013",
        "period": "Q3",
        "revenue": 507400000,
        "costOfRevenue": 416300000,
        "grossProfit": 91100000,
        "grossProfitRatio": 0.179542767,
        "researchAndDevelopmentExpenses": 0,
        "generalAndAdministrativeExpenses": 33500000,
        "sellingAndMarketingExpenses": 0,
        "sellingGeneralAndAdministrativeExpenses": 33500000,
        "otherExpenses": 200000,
        "operatingExpenses": 43200000,
        "costAndExpenses": 459500000,
        "interestIncome": 0,
        "interestExpense": 5900000,
        "depreciationAndAmortization": 25800000,
        "ebitda": 56400000,
        "ebitdaratio": 0.1111549074,
        "operatingIncome": 47600000,
        "operatingIncomeRatio": 0.0938115885,
        "totalOtherIncomeExpensesNet": -5700000,
        "incomeBeforeTax": 41900000,
        "incomeBeforeTaxRatio": 0.0825778479,
        "incomeTaxExpense": 4400000,
        "netIncome": 38100000,
        "netIncomeRatio": 0.0750886874,
        "eps": 0.27,
        "epsdiluted": 0.26,
        "weightedAverageShsOut": 140000000,
        "weightedAverageShsOutDil": 144000000,
        "link": "https://www.sec.gov/Archives/edgar/data/60519/000150433713000049/0001504337-13-000049-index.htm",
        "finalLink": "https://www.sec.gov/Archives/edgar/data/60519/000150433713000049/lpx-2013930x10q.htm"
    },
    {
        "date": "2013-06-30",
        "symbol": "LPX",
        "reportedCurrency": "USD",
        "cik": "0000060519",
        "fillingDate": "2013-08-06",
        "acceptedDate": "2013-08-06 10:29:23",
        "calendarYear": "2013",
        "period": "Q2",
        "revenue": 572600000,
        "costOfRevenue": 422700000,
        "grossProfit": 149900000,
        "grossProfitRatio": 0.2617883339,
        "researchAndDevelopmentExpenses": 0,
        "generalAndAdministrativeExpenses": 35500000,
        "sellingAndMarketingExpenses": 0,
        "sellingGeneralAndAdministrativeExpenses": 35500000,
        "otherExpenses": 26200000,
        "operatingExpenses": 61700000,
        "costAndExpenses": 484400000,
        "interestIncome": 6700000,
        "interestExpense": 0,
        "depreciationAndAmortization": 20800000,
        "ebitda": 108600000,
        "ebitdaratio": 0.1896611946,
        "operatingIncome": 88900000,
        "operatingIncomeRatio": 0.1552567237,
        "totalOtherIncomeExpensesNet": 29500000,
        "incomeBeforeTax": 114500000,
        "incomeBeforeTaxRatio": 0.1999650716,
        "incomeTaxExpense": 24400000,
        "netIncome": 94300000,
        "netIncomeRatio": 0.1646873908,
        "eps": 0.68,
        "epsdiluted": 0.65,
        "weightedAverageShsOut": 139100000,
        "weightedAverageShsOutDil": 144100000,
        "link": "https://www.sec.gov/Archives/edgar/data/60519/000150433713000030/0001504337-13-000030-index.htm",
        "finalLink": "https://www.sec.gov/Archives/edgar/data/60519/000150433713000030/lpx-2013630x10q.htm"
    },
    {
        "date": "2013-03-30",
        "symbol": "LPX",
        "reportedCurrency": "USD",
        "cik": "0000060519",
        "fillingDate": "2013-05-07",
        "acceptedDate": "2013-05-07 10:00:34",
        "calendarYear": "2013",
        "period": "Q1",
        "revenue": 537500000,
        "costOfRevenue": 392600000,
        "grossProfit": 144900000,
        "grossProfitRatio": 0.2695813953,
        "researchAndDevelopmentExpenses": 0,
        "generalAndAdministrativeExpenses": 35400000,
        "sellingAndMarketingExpenses": 0,
        "sellingGeneralAndAdministrativeExpenses": 35400000,
        "otherExpenses": -700000,
        "operatingExpenses": 55700000,
        "costAndExpenses": 448300000,
        "interestIncome": 0,
        "interestExpense": 10600000,
        "depreciationAndAmortization": 18700000,
        "ebitda": 107200000,
        "ebitdaratio": 0.1994418605,
        "operatingIncome": 89200000,
        "operatingIncomeRatio": 0.1659534884,
        "totalOtherIncomeExpensesNet": -600000,
        "incomeBeforeTax": 81400000,
        "incomeBeforeTaxRatio": 0.1514418605,
        "incomeTaxExpense": 23200000,
        "netIncome": 65100000,
        "netIncomeRatio": 0.1211162791,
        "eps": 0.47,
        "epsdiluted": 0.45,
        "weightedAverageShsOut": 138400000,
        "weightedAverageShsOutDil": 144400000,
        "link": "https://www.sec.gov/Archives/edgar/data/60519/000150433713000019/0001504337-13-000019-index.htm",
        "finalLink": "https://www.sec.gov/Archives/edgar/data/60519/000150433713000019/lpx-2013330x10q.htm"
    },
    {
        "date": "2012-12-31",
        "symbol": "LPX",
        "reportedCurrency": "USD",
        "cik": "0000060519",
        "fillingDate": "2013-02-28",
        "acceptedDate": "2013-02-28 15:51:10",
        "calendarYear": "2012",
        "period": "Q4",
        "revenue": 458700000,
        "costOfRevenue": 360600000,
        "grossProfit": 98100000,
        "grossProfitRatio": 0.2138652714,
        "researchAndDevelopmentExpenses": 0,
        "generalAndAdministrativeExpenses": 36800000,
        "sellingAndMarketingExpenses": 0,
        "sellingGeneralAndAdministrativeExpenses": 36800000,
        "otherExpenses": 19600000,
        "operatingExpenses": 50700000,
        "costAndExpenses": 411300000,
        "interestIncome": 0,
        "interestExpense": 12900000,
        "depreciationAndAmortization": 18000000,
        "ebitda": 87400000,
        "ebitdaratio": 0.1905384783,
        "operatingIncome": 47000000,
        "operatingIncomeRatio": 0.1024634838,
        "totalOtherIncomeExpensesNet": 9800000,
        "incomeBeforeTax": 56800000,
        "incomeBeforeTaxRatio": 0.1238282102,
        "incomeTaxExpense": 12000000,
        "netIncome": 46100000,
        "netIncomeRatio": 0.100501417,
        "eps": 0.33,
        "epsdiluted": 0.32,
        "weightedAverageShsOut": 138600000,
        "weightedAverageShsOutDil": 143300000,
        "link": "https://www.sec.gov/Archives/edgar/data/60519/000150433713000009/0001504337-13-000009-index.htm",
        "finalLink": "https://www.sec.gov/Archives/edgar/data/60519/000150433713000009/lpx1231201210k.htm"
    },
    {
        "date": "2012-09-30",
        "symbol": "LPX",
        "reportedCurrency": "USD",
        "cik": "0000060519",
        "fillingDate": "2012-11-06",
        "acceptedDate": "2012-11-06 08:46:07",
        "calendarYear": "2012",
        "period": "Q3",
        "revenue": 467800000,
        "costOfRevenue": 369300000,
        "grossProfit": 98500000,
        "grossProfitRatio": 0.2105600684,
        "researchAndDevelopmentExpenses": 0,
        "generalAndAdministrativeExpenses": 30600000,
        "sellingAndMarketingExpenses": 0,
        "sellingGeneralAndAdministrativeExpenses": 30600000,
        "otherExpenses": 800000,
        "operatingExpenses": 50700000,
        "costAndExpenses": 420000000,
        "interestIncome": -300000,
        "interestExpense": 10400000,
        "depreciationAndAmortization": 18800000,
        "ebitda": 65900000,
        "ebitdaratio": 0.1408721676,
        "operatingIncome": 43500000,
        "operatingIncomeRatio": 0.0929884566,
        "totalOtherIncomeExpensesNet": -6200000,
        "incomeBeforeTax": 37300000,
        "incomeBeforeTaxRatio": 0.0797349295,
        "incomeTaxExpense": 7900000,
        "netIncome": 31300000,
        "netIncomeRatio": 0.0669089354,
        "eps": 0.23,
        "epsdiluted": 0.22,
        "weightedAverageShsOut": 137100000,
        "weightedAverageShsOutDil": 142600000,
        "link": "https://www.sec.gov/Archives/edgar/data/60519/000150433712000039/0001504337-12-000039-index.htm",
        "finalLink": "https://www.sec.gov/Archives/edgar/data/60519/000150433712000039/lpx-2012930x10q.htm"
    },
    {
        "date": "2012-06-30",
        "symbol": "LPX",
        "reportedCurrency": "USD",
        "cik": "0000060519",
        "fillingDate": "2012-07-31",
        "acceptedDate": "2012-07-31 10:02:39",
        "calendarYear": "2012",
        "period": "Q2",
        "revenue": 427800000,
        "costOfRevenue": 359900000,
        "grossProfit": 67900000,
        "grossProfitRatio": 0.1587190276,
        "researchAndDevelopmentExpenses": 0,
        "generalAndAdministrativeExpenses": 30700000,
        "sellingAndMarketingExpenses": 0,
        "sellingGeneralAndAdministrativeExpenses": 30700000,
        "otherExpenses": 17900000,
        "operatingExpenses": 48600000,
        "costAndExpenses": 408500000,
        "interestIncome": 3400000,
        "interestExpense": 13100000,
        "depreciationAndAmortization": 17900000,
        "ebitda": -15200000,
        "ebitdaratio": -0.0355306218,
        "operatingIncome": 19000000,
        "operatingIncomeRatio": 0.0444132772,
        "totalOtherIncomeExpensesNet": -64500000,
        "incomeBeforeTax": -45500000,
        "incomeBeforeTaxRatio": -0.1063581113,
        "incomeTaxExpense": -11100000,
        "netIncome": -37300000,
        "netIncomeRatio": -0.0871902758,
        "eps": -0.27,
        "epsdiluted": -0.27,
        "weightedAverageShsOut": 137000000,
        "weightedAverageShsOutDil": 137000000,
        "link": "https://www.sec.gov/Archives/edgar/data/60519/000150433712000030/0001504337-12-000030-index.htm",
        "finalLink": "https://www.sec.gov/Archives/edgar/data/60519/000150433712000030/lpx-2012630x10q.htm"
    },
    {
        "date": "2012-03-31",
        "symbol": "LPX",
        "reportedCurrency": "USD",
        "cik": "0000060519",
        "fillingDate": "2012-05-07",
        "acceptedDate": "2012-05-07 10:33:01",
        "calendarYear": "2012",
        "period": "Q1",
        "revenue": 361500000,
        "costOfRevenue": 313300000,
        "grossProfit": 48200000,
        "grossProfitRatio": 0.1333333333,
        "researchAndDevelopmentExpenses": 0,
        "generalAndAdministrativeExpenses": 31300000,
        "sellingAndMarketingExpenses": 0,
        "sellingGeneralAndAdministrativeExpenses": 31300000,
        "otherExpenses": 19100000,
        "operatingExpenses": 50400000,
        "costAndExpenses": 363700000,
        "interestIncome": 3200000,
        "interestExpense": 12000000,
        "depreciationAndAmortization": 19100000,
        "ebitda": 21100000,
        "ebitdaratio": 0.0583679115,
        "operatingIncome": -2100000,
        "operatingIncomeRatio": -0.0058091286,
        "totalOtherIncomeExpensesNet": -9200000,
        "incomeBeforeTax": -10600000,
        "incomeBeforeTaxRatio": -0.0293222683,
        "incomeTaxExpense": -1200000,
        "netIncome": -11300000,
        "netIncomeRatio": -0.0312586445,
        "eps": -0.0827,
        "epsdiluted": -0.0827,
        "weightedAverageShsOut": 136600000,
        "weightedAverageShsOutDil": 136600000,
        "link": "https://www.sec.gov/Archives/edgar/data/60519/000150433712000018/0001504337-12-000018-index.htm",
        "finalLink": "https://www.sec.gov/Archives/edgar/data/60519/000150433712000018/lpx-2012331.htm"
    },
    {
        "date": "2011-12-31",
        "symbol": "LPX",
        "reportedCurrency": "USD",
        "cik": "0000060519",
        "fillingDate": "2012-02-29",
        "acceptedDate": "2012-02-29 13:15:41",
        "calendarYear": "2011",
        "period": "Q4",
        "revenue": 312200000,
        "costOfRevenue": 290900000,
        "grossProfit": 21300000,
        "grossProfitRatio": 0.0682254965,
        "researchAndDevelopmentExpenses": 0,
        "generalAndAdministrativeExpenses": 28300000,
        "sellingAndMarketingExpenses": 0,
        "sellingGeneralAndAdministrativeExpenses": 28300000,
        "otherExpenses": 17700000,
        "operatingExpenses": 46000000,
        "costAndExpenses": 336900000,
        "interestIncome": 0,
        "interestExpense": 0,
        "depreciationAndAmortization": 17700000,
        "ebitda": -91500000,
        "ebitdaratio": -0.2930813581,
        "operatingIncome": -25600000,
        "operatingIncomeRatio": -0.0819987188,
        "totalOtherIncomeExpensesNet": -24000000,
        "incomeBeforeTax": -49600000,
        "incomeBeforeTaxRatio": -0.1588725176,
        "incomeTaxExpense": -3000000,
        "netIncome": -57200000,
        "netIncomeRatio": -0.1832158873,
        "eps": -0.42,
        "epsdiluted": -0.42,
        "weightedAverageShsOut": 135600000,
        "weightedAverageShsOutDil": 136600000,
        "link": "https://www.sec.gov/Archives/edgar/data/60519/000150433712000010/0001504337-12-000010-index.htm",
        "finalLink": "https://www.sec.gov/Archives/edgar/data/60519/000150433712000010/lpx1231201110k.htm"
    },
    {
        "date": "2011-09-30",
        "symbol": "LPX",
        "reportedCurrency": "USD",
        "cik": "0000060519",
        "fillingDate": "2011-11-07",
        "acceptedDate": "2011-11-07 12:05:00",
        "calendarYear": "2011",
        "period": "Q3",
        "revenue": 350600000,
        "costOfRevenue": 322000000,
        "grossProfit": 28600000,
        "grossProfitRatio": 0.0815744438,
        "researchAndDevelopmentExpenses": 0,
        "generalAndAdministrativeExpenses": 26500000,
        "sellingAndMarketingExpenses": 0,
        "sellingGeneralAndAdministrativeExpenses": 26500000,
        "otherExpenses": 19600000,
        "operatingExpenses": 46100000,
        "costAndExpenses": 368100000,
        "interestIncome": -700000,
        "interestExpense": 13500000,
        "depreciationAndAmortization": 19600000,
        "ebitda": -41100000,
        "ebitdaratio": -0.1172276098,
        "operatingIncome": -72700000,
        "operatingIncomeRatio": -0.2073588135,
        "totalOtherIncomeExpensesNet": -1500000,
        "incomeBeforeTax": -74200000,
        "incomeBeforeTaxRatio": -0.2116371934,
        "incomeTaxExpense": -20900000,
        "netIncome": -65600000,
        "netIncomeRatio": -0.1871078152,
        "eps": -0.49,
        "epsdiluted": -0.49,
        "weightedAverageShsOut": 134500000,
        "weightedAverageShsOutDil": 134500000,
        "link": "https://www.sec.gov/Archives/edgar/data/60519/000150433711000007/0001504337-11-000007-index.htm",
        "finalLink": "https://www.sec.gov/Archives/edgar/data/60519/000150433711000007/lpx-201193010q.htm"
    },
    {
        "date": "2011-06-30",
        "symbol": "LPX",
        "reportedCurrency": "USD",
        "cik": "0000060519",
        "fillingDate": "2011-07-29",
        "acceptedDate": "2011-07-29 16:33:32",
        "calendarYear": "2011",
        "period": "Q2",
        "revenue": 362400000,
        "costOfRevenue": 336300000,
        "grossProfit": 26100000,
        "grossProfitRatio": 0.0720198675,
        "researchAndDevelopmentExpenses": 0,
        "generalAndAdministrativeExpenses": 27600000,
        "sellingAndMarketingExpenses": 0,
        "sellingGeneralAndAdministrativeExpenses": 27600000,
        "otherExpenses": 22700000,
        "operatingExpenses": 50300000,
        "costAndExpenses": 386600000,
        "interestIncome": 3500000,
        "interestExpense": 14400000,
        "depreciationAndAmortization": 20200000,
        "ebitda": -4000000,
        "ebitdaratio": -0.0110375276,
        "operatingIncome": -23600000,
        "operatingIncomeRatio": -0.0651214128,
        "totalOtherIncomeExpensesNet": -10300000,
        "incomeBeforeTax": -33900000,
        "incomeBeforeTaxRatio": -0.0935430464,
        "incomeTaxExpense": -8400000,
        "netIncome": -35500000,
        "netIncomeRatio": -0.0979580574,
        "eps": -0.27,
        "epsdiluted": -0.27,
        "weightedAverageShsOut": 131400000,
        "weightedAverageShsOutDil": 131400000,
        "link": "https://www.sec.gov/Archives/edgar/data/60519/000144530511002238/0001445305-11-002238-index.htm",
        "finalLink": "https://www.sec.gov/Archives/edgar/data/60519/000144530511002238/lpx-2011630x10q.htm"
    },
    {
        "date": "2011-03-31",
        "symbol": "LPX",
        "reportedCurrency": "USD",
        "cik": "0000060519",
        "fillingDate": "2011-05-09",
        "acceptedDate": "2011-05-09 16:00:08",
        "calendarYear": "2011",
        "period": "Q1",
        "revenue": 331700000,
        "costOfRevenue": 295000000,
        "grossProfit": 36700000,
        "grossProfitRatio": 0.1106421465,
        "researchAndDevelopmentExpenses": 0,
        "generalAndAdministrativeExpenses": 28800000,
        "sellingAndMarketingExpenses": 0,
        "sellingGeneralAndAdministrativeExpenses": 28800000,
        "otherExpenses": 26900000,
        "operatingExpenses": 55700000,
        "costAndExpenses": 350700000,
        "interestIncome": 3500000,
        "interestExpense": 14000000,
        "depreciationAndAmortization": 21400000,
        "ebitda": 8300000,
        "ebitdaratio": 0.0250226108,
        "operatingIncome": -18200000,
        "operatingIncomeRatio": -0.0548688574,
        "totalOtherIncomeExpensesNet": -8200000,
        "incomeBeforeTax": -26400000,
        "incomeBeforeTaxRatio": -0.079589991,
        "incomeTaxExpense": -6800000,
        "netIncome": -23000000,
        "netIncomeRatio": -0.0693397648,
        "eps": -0.18,
        "epsdiluted": -0.18,
        "weightedAverageShsOut": 131300000,
        "weightedAverageShsOutDil": 131300000,
        "link": "https://www.sec.gov/Archives/edgar/data/60519/000119312511132303/0001193125-11-132303-index.htm",
        "finalLink": "https://www.sec.gov/Archives/edgar/data/60519/000119312511132303/d10q.htm"
    },
    {
        "date": "2010-12-31",
        "symbol": "LPX",
        "reportedCurrency": "USD",
        "cik": "0000060519",
        "fillingDate": "2011-02-28",
        "acceptedDate": "2011-02-28 14:18:02",
        "calendarYear": "2010",
        "period": "Q4",
        "revenue": 317400000,
        "costOfRevenue": 282500000,
        "grossProfit": 34900000,
        "grossProfitRatio": 0.1099558916,
        "researchAndDevelopmentExpenses": 0,
        "generalAndAdministrativeExpenses": 34700000,
        "sellingAndMarketingExpenses": 0,
        "sellingGeneralAndAdministrativeExpenses": 34700000,
        "otherExpenses": 20500000,
        "operatingExpenses": 55200000,
        "costAndExpenses": 337700000,
        "interestIncome": -3100000,
        "interestExpense": 11000000,
        "depreciationAndAmortization": 20500000,
        "ebitda": -2900000,
        "ebitdaratio": -0.009136736,
        "operatingIncome": -17900000,
        "operatingIncomeRatio": -0.0563957152,
        "totalOtherIncomeExpensesNet": 10300000,
        "incomeBeforeTax": -7600000,
        "incomeBeforeTaxRatio": -0.0239445495,
        "incomeTaxExpense": -8100000,
        "netIncome": -6800000,
        "netIncomeRatio": -0.0214240706,
        "eps": -0.0519,
        "epsdiluted": -0.0518,
        "weightedAverageShsOut": 130900000,
        "weightedAverageShsOutDil": 131300000,
        "link": "https://www.sec.gov/Archives/edgar/data/60519/000119312511049415/0001193125-11-049415-index.htm",
        "finalLink": "https://www.sec.gov/Archives/edgar/data/60519/000119312511049415/d10k.htm"
    },
    {
        "date": "2010-09-30",
        "symbol": "LPX",
        "reportedCurrency": "USD",
        "cik": "0000060519",
        "fillingDate": "2010-11-08",
        "acceptedDate": "2010-11-08 13:53:06",
        "calendarYear": "2010",
        "period": "Q3",
        "revenue": 322500000,
        "costOfRevenue": 291100000,
        "grossProfit": 31400000,
        "grossProfitRatio": 0.0973643411,
        "researchAndDevelopmentExpenses": 0,
        "generalAndAdministrativeExpenses": 25400000,
        "sellingAndMarketingExpenses": 0,
        "sellingGeneralAndAdministrativeExpenses": 25400000,
        "otherExpenses": 18700000,
        "operatingExpenses": 44100000,
        "costAndExpenses": 335200000,
        "interestIncome": 0,
        "interestExpense": 15300000,
        "depreciationAndAmortization": 18700000,
        "ebitda": 6000000,
        "ebitdaratio": 0.0186046512,
        "operatingIncome": -15900000,
        "operatingIncomeRatio": -0.0493023256,
        "totalOtherIncomeExpensesNet": -27700000,
        "incomeBeforeTax": -43600000,
        "incomeBeforeTaxRatio": -0.1351937984,
        "incomeTaxExpense": -16400000,
        "netIncome": -32000000,
        "netIncomeRatio": -0.0992248062,
        "eps": -0.24,
        "epsdiluted": -0.24,
        "weightedAverageShsOut": 131100000,
        "weightedAverageShsOutDil": 131100000,
        "link": "https://www.sec.gov/Archives/edgar/data/60519/000119312510251760/0001193125-10-251760-index.htm",
        "finalLink": "https://www.sec.gov/Archives/edgar/data/60519/000119312510251760/d10q.htm"
    },
    {
        "date": "2010-06-30",
        "symbol": "LPX",
        "reportedCurrency": "USD",
        "cik": "0000060519",
        "fillingDate": "2010-07-30",
        "acceptedDate": "2010-07-30 15:12:51",
        "calendarYear": "2010",
        "period": "Q2",
        "revenue": 447100000,
        "costOfRevenue": 346300000,
        "grossProfit": 100800000,
        "grossProfitRatio": 0.2254529188,
        "researchAndDevelopmentExpenses": 0,
        "generalAndAdministrativeExpenses": 29000000,
        "sellingAndMarketingExpenses": 0,
        "sellingGeneralAndAdministrativeExpenses": 29000000,
        "otherExpenses": 22400000,
        "operatingExpenses": 51400000,
        "costAndExpenses": 397700000,
        "interestIncome": 0,
        "interestExpense": 17700000,
        "depreciationAndAmortization": 22400000,
        "ebitda": 75500000,
        "ebitdaratio": 0.1688660255,
        "operatingIncome": 48900000,
        "operatingIncomeRatio": 0.1093715053,
        "totalOtherIncomeExpensesNet": -13500000,
        "incomeBeforeTax": 35400000,
        "incomeBeforeTaxRatio": 0.0791769179,
        "incomeTaxExpense": 12700000,
        "netIncome": 22300000,
        "netIncomeRatio": 0.049876985,
        "eps": 0.17,
        "epsdiluted": 0.16,
        "weightedAverageShsOut": 128500000,
        "weightedAverageShsOutDil": 139800000,
        "link": "https://www.sec.gov/Archives/edgar/data/60519/000119312510172134/0001193125-10-172134-index.htm",
        "finalLink": "https://www.sec.gov/Archives/edgar/data/60519/000119312510172134/d10q.htm"
    },
    {
        "date": "2010-03-31",
        "symbol": "LPX",
        "reportedCurrency": "USD",
        "cik": "0000060519",
        "fillingDate": "2010-05-10",
        "acceptedDate": "2010-05-10 11:09:57",
        "calendarYear": "2010",
        "period": "Q1",
        "revenue": 296600000,
        "costOfRevenue": 268000000,
        "grossProfit": 28600000,
        "grossProfitRatio": 0.0964261632,
        "researchAndDevelopmentExpenses": 0,
        "generalAndAdministrativeExpenses": 29700000,
        "sellingAndMarketingExpenses": 0,
        "sellingGeneralAndAdministrativeExpenses": 29700000,
        "otherExpenses": 20400000,
        "operatingExpenses": 50100000,
        "costAndExpenses": 318100000,
        "interestIncome": 0,
        "interestExpense": 16800000,
        "depreciationAndAmortization": 20400000,
        "ebitda": 5100000,
        "ebitdaratio": 0.0171948753,
        "operatingIncome": -22700000,
        "operatingIncomeRatio": -0.0765340526,
        "totalOtherIncomeExpensesNet": -9400000,
        "incomeBeforeTax": -32100000,
        "incomeBeforeTaxRatio": -0.1082265678,
        "incomeTaxExpense": -10300000,
        "netIncome": -22500000,
        "netIncomeRatio": -0.0758597438,
        "eps": -0.18,
        "epsdiluted": -0.18,
        "weightedAverageShsOut": 125900000,
        "weightedAverageShsOutDil": 125900000,
        "link": "https://www.sec.gov/Archives/edgar/data/60519/000119312510114055/0001193125-10-114055-index.htm",
        "finalLink": "https://www.sec.gov/Archives/edgar/data/60519/000119312510114055/d10q.htm"
    },
    {
        "date": "2009-12-31",
        "symbol": "LPX",
        "reportedCurrency": "USD",
        "cik": "0000060519",
        "fillingDate": "2010-03-01",
        "acceptedDate": "2010-03-01 15:19:14",
        "calendarYear": "2009",
        "period": "Q4",
        "revenue": 275100000,
        "costOfRevenue": 265400000,
        "grossProfit": 9700000,
        "grossProfitRatio": 0.0352599055,
        "researchAndDevelopmentExpenses": 0,
        "generalAndAdministrativeExpenses": 31900000,
        "sellingAndMarketingExpenses": 0,
        "sellingGeneralAndAdministrativeExpenses": 31900000,
        "otherExpenses": 27100000,
        "operatingExpenses": 59000000,
        "costAndExpenses": 324400000,
        "interestIncome": -20100000,
        "interestExpense": 18300000,
        "depreciationAndAmortization": 19800000,
        "ebitda": -109200000,
        "ebitdaratio": -0.3969465649,
        "operatingIncome": -50500000,
        "operatingIncomeRatio": -0.1835696111,
        "totalOtherIncomeExpensesNet": -11800000,
        "incomeBeforeTax": -62300000,
        "incomeBeforeTaxRatio": -0.2264631043,
        "incomeTaxExpense": -17700000,
        "netIncome": -49100000,
        "netIncomeRatio": -0.1784805525,
        "eps": -0.39,
        "epsdiluted": -0.39,
        "weightedAverageShsOut": 124400000,
        "weightedAverageShsOutDil": 125900000,
        "link": "https://www.sec.gov/Archives/edgar/data/60519/000119312510044563/0001193125-10-044563-index.htm",
        "finalLink": "https://www.sec.gov/Archives/edgar/data/60519/000119312510044563/d10k.htm"
    },
    {
        "date": "2009-09-30",
        "symbol": "LPX",
        "reportedCurrency": "USD",
        "cik": "0000060519",
        "fillingDate": "2009-11-04",
        "acceptedDate": "2009-11-03 20:16:01",
        "calendarYear": "2009",
        "period": "Q3",
        "revenue": 308800000,
        "costOfRevenue": 271400000,
        "grossProfit": 37400000,
        "grossProfitRatio": 0.1211139896,
        "researchAndDevelopmentExpenses": 0,
        "generalAndAdministrativeExpenses": 26100000,
        "sellingAndMarketingExpenses": 0,
        "sellingGeneralAndAdministrativeExpenses": 26100000,
        "otherExpenses": 20600000,
        "operatingExpenses": 46700000,
        "costAndExpenses": 318100000,
        "interestIncome": 7400000,
        "interestExpense": 20400000,
        "depreciationAndAmortization": 22200000,
        "ebitda": 22800000,
        "ebitdaratio": 0.0738341969,
        "operatingIncome": -8100000,
        "operatingIncomeRatio": -0.0262305699,
        "totalOtherIncomeExpensesNet": -12300000,
        "incomeBeforeTax": -20400000,
        "incomeBeforeTaxRatio": -0.0660621762,
        "incomeTaxExpense": -10500000,
        "netIncome": -12500000,
        "netIncomeRatio": -0.0404792746,
        "eps": -0.12,
        "epsdiluted": -0.12,
        "weightedAverageShsOut": 103400000,
        "weightedAverageShsOutDil": 103400000,
        "link": "https://www.sec.gov/Archives/edgar/data/60519/000119312509222493/0001193125-09-222493-index.htm",
        "finalLink": "https://www.sec.gov/Archives/edgar/data/60519/000119312509222493/d10q.htm"
    },
    {
        "date": "2009-06-30",
        "symbol": "LPX",
        "reportedCurrency": "USD",
        "cik": "0000060519",
        "fillingDate": "2009-08-05",
        "acceptedDate": "2009-08-05 11:07:55",
        "calendarYear": "2009",
        "period": "Q2",
        "revenue": 266200000,
        "costOfRevenue": 253300000,
        "grossProfit": 12900000,
        "grossProfitRatio": 0.0484598047,
        "researchAndDevelopmentExpenses": 0,
        "generalAndAdministrativeExpenses": 29100000,
        "sellingAndMarketingExpenses": 0,
        "sellingGeneralAndAdministrativeExpenses": 29100000,
        "otherExpenses": 17000000,
        "operatingExpenses": 46100000,
        "costAndExpenses": 299400000,
        "interestIncome": 7500000,
        "interestExpense": 21100000,
        "depreciationAndAmortization": 18900000,
        "ebitda": -5900000,
        "ebitdaratio": -0.0221637866,
        "operatingIncome": -32200000,
        "operatingIncomeRatio": -0.1209616829,
        "totalOtherIncomeExpensesNet": -7700000,
        "incomeBeforeTax": -39900000,
        "incomeBeforeTaxRatio": -0.1498873028,
        "incomeTaxExpense": -16000000,
        "netIncome": -29600000,
        "netIncomeRatio": -0.1111945905,
        "eps": -0.29,
        "epsdiluted": -0.29,
        "weightedAverageShsOut": 103000000,
        "weightedAverageShsOutDil": 103000000,
        "link": "https://www.sec.gov/Archives/edgar/data/60519/000119312509164894/0001193125-09-164894-index.htm",
        "finalLink": "https://www.sec.gov/Archives/edgar/data/60519/000119312509164894/d10q.htm"
    },
    {
        "date": "2009-03-31",
        "symbol": "LPX",
        "reportedCurrency": "USD",
        "cik": "0000060519",
        "fillingDate": "2009-05-06",
        "acceptedDate": "2009-05-06 15:51:29",
        "calendarYear": "2009",
        "period": "Q1",
        "revenue": 204600000,
        "costOfRevenue": 204400000,
        "grossProfit": 200000,
        "grossProfitRatio": 0.0009775171,
        "researchAndDevelopmentExpenses": 0,
        "generalAndAdministrativeExpenses": 27300000,
        "sellingAndMarketingExpenses": 0,
        "sellingGeneralAndAdministrativeExpenses": 27300000,
        "otherExpenses": 15300000,
        "operatingExpenses": 42600000,
        "costAndExpenses": 247000000,
        "interestIncome": 5200000,
        "interestExpense": 11800000,
        "depreciationAndAmortization": 19100000,
        "ebitda": -15000000,
        "ebitdaratio": -0.073313783,
        "operatingIncome": -42500000,
        "operatingIncomeRatio": -0.2077223851,
        "totalOtherIncomeExpensesNet": -4300000,
        "incomeBeforeTax": -46800000,
        "incomeBeforeTaxRatio": -0.2287390029,
        "incomeTaxExpense": -19200000,
        "netIncome": -30400000,
        "netIncomeRatio": -0.1485826002,
        "eps": -0.3,
        "epsdiluted": -0.3,
        "weightedAverageShsOut": 102800000,
        "weightedAverageShsOutDil": 102800000,
        "link": "https://www.sec.gov/Archives/edgar/data/60519/000119312509101493/0001193125-09-101493-index.htm",
        "finalLink": "https://www.sec.gov/Archives/edgar/data/60519/000119312509101493/d10q.htm"
    },
    {
        "date": "2008-12-31",
        "symbol": "LPX",
        "reportedCurrency": "USD",
        "cik": "0000060519",
        "fillingDate": "2008-12-31",
        "acceptedDate": "2008-12-30 19:00:00",
        "calendarYear": "2008",
        "period": "Q4",
        "revenue": 250200000,
        "costOfRevenue": 274800000,
        "grossProfit": -24600000,
        "grossProfitRatio": -0.0983213429,
        "researchAndDevelopmentExpenses": 0,
        "generalAndAdministrativeExpenses": 0,
        "sellingAndMarketingExpenses": 0,
        "sellingGeneralAndAdministrativeExpenses": 48600000,
        "otherExpenses": 293000000,
        "operatingExpenses": 341600000,
        "costAndExpenses": 616400000,
        "interestIncome": 0,
        "interestExpense": 0,
        "depreciationAndAmortization": 20000000,
        "ebitda": -346200000,
        "ebitdaratio": -1.3836930456,
        "operatingIncome": -366200000,
        "operatingIncomeRatio": -1.4636290967,
        "totalOtherIncomeExpensesNet": -20300000,
        "incomeBeforeTax": -386500000,
        "incomeBeforeTaxRatio": -1.5447641886,
        "incomeTaxExpense": -48300000,
        "netIncome": -340500000,
        "netIncomeRatio": -1.360911271,
        "eps": -3.31,
        "epsdiluted": -3.31,
        "weightedAverageShsOut": 102900000,
        "weightedAverageShsOutDil": 102900000,
        "link": "",
        "finalLink": ""
    },
    {
        "date": "2008-09-30",
        "symbol": "LPX",
        "reportedCurrency": "USD",
        "cik": "0000060519",
        "fillingDate": "2008-11-07",
        "acceptedDate": "2008-11-06 19:52:23",
        "calendarYear": "2008",
        "period": "Q3",
        "revenue": 389600000,
        "costOfRevenue": 382200000,
        "grossProfit": 7400000,
        "grossProfitRatio": 0.0189938398,
        "researchAndDevelopmentExpenses": 0,
        "generalAndAdministrativeExpenses": 0,
        "sellingAndMarketingExpenses": 0,
        "sellingGeneralAndAdministrativeExpenses": 38200000,
        "otherExpenses": 36800000,
        "operatingExpenses": 75000000,
        "costAndExpenses": 457200000,
        "interestIncome": 0,
        "interestExpense": 0,
        "depreciationAndAmortization": 27000000,
        "ebitda": -40600000,
        "ebitdaratio": -0.1042094456,
        "operatingIncome": -67600000,
        "operatingIncomeRatio": -0.1735112936,
        "totalOtherIncomeExpensesNet": -90700000,
        "incomeBeforeTax": -158300000,
        "incomeBeforeTaxRatio": -0.4063141684,
        "incomeTaxExpense": -61000000,
        "netIncome": -111100000,
        "netIncomeRatio": -0.285164271,
        "eps": -1.08,
        "epsdiluted": -1.08,
        "weightedAverageShsOut": 102900000,
        "weightedAverageShsOutDil": 102900000,
        "link": "https://www.sec.gov/Archives/edgar/data/60519/000119312508228309/0001193125-08-228309-index.htm",
        "finalLink": "https://www.sec.gov/Archives/edgar/data/60519/000119312508228309/d10q.htm"
    },
    {
        "date": "2008-06-30",
        "symbol": "LPX",
        "reportedCurrency": "USD",
        "cik": "0000060519",
        "fillingDate": "2008-08-04",
        "acceptedDate": "2008-08-04 10:07:21",
        "calendarYear": "2008",
        "period": "Q2",
        "revenue": 387000000,
        "costOfRevenue": 375000000,
        "grossProfit": 12000000,
        "grossProfitRatio": 0.0310077519,
        "researchAndDevelopmentExpenses": 0,
        "generalAndAdministrativeExpenses": 0,
        "sellingAndMarketingExpenses": 0,
        "sellingGeneralAndAdministrativeExpenses": 39100000,
        "otherExpenses": 97000000,
        "operatingExpenses": 136100000,
        "costAndExpenses": 511100000,
        "interestIncome": 0,
        "interestExpense": 0,
        "depreciationAndAmortization": 26800000,
        "ebitda": -97300000,
        "ebitdaratio": -0.2514211886,
        "operatingIncome": -124100000,
        "operatingIncomeRatio": -0.3206718346,
        "totalOtherIncomeExpensesNet": -8900000,
        "incomeBeforeTax": -133000000,
        "incomeBeforeTaxRatio": -0.3436692506,
        "incomeTaxExpense": -56800000,
        "netIncome": -80800000,
        "netIncomeRatio": -0.2087855297,
        "eps": -0.79,
        "epsdiluted": -0.79,
        "weightedAverageShsOut": 102900000,
        "weightedAverageShsOutDil": 102900000,
        "link": "https://www.sec.gov/Archives/edgar/data/60519/000110465908049481/0001104659-08-049481-index.htm",
        "finalLink": "https://www.sec.gov/Archives/edgar/data/60519/000110465908049481/a08-18689_110q.htm"
    },
    {
        "date": "2008-03-31",
        "symbol": "LPX",
        "reportedCurrency": "USD",
        "cik": "0000060519",
        "fillingDate": "2008-05-06",
        "acceptedDate": "2008-05-06 17:04:27",
        "calendarYear": "2008",
        "period": "Q1",
        "revenue": 349400000,
        "costOfRevenue": 372800000,
        "grossProfit": -23400000,
        "grossProfitRatio": -0.0669719519,
        "researchAndDevelopmentExpenses": 0,
        "generalAndAdministrativeExpenses": 0,
        "sellingAndMarketingExpenses": 0,
        "sellingGeneralAndAdministrativeExpenses": 40100000,
        "otherExpenses": 22200000,
        "operatingExpenses": 62300000,
        "costAndExpenses": 435100000,
        "interestIncome": 0,
        "interestExpense": 0,
        "depreciationAndAmortization": 26600000,
        "ebitda": -59100000,
        "ebitdaratio": -0.1691471093,
        "operatingIncome": -85700000,
        "operatingIncomeRatio": -0.2452776188,
        "totalOtherIncomeExpensesNet": 10200000,
        "incomeBeforeTax": -75500000,
        "incomeBeforeTaxRatio": -0.2160847167,
        "incomeTaxExpense": -35900000,
        "netIncome": -46400000,
        "netIncomeRatio": -0.1327990841,
        "eps": -0.45,
        "epsdiluted": -0.45,
        "weightedAverageShsOut": 102900000,
        "weightedAverageShsOutDil": 102900000,
        "link": "https://www.sec.gov/Archives/edgar/data/60519/000110465908030343/0001104659-08-030343-index.htm",
        "finalLink": "https://www.sec.gov/Archives/edgar/data/60519/000110465908030343/a08-11298_110q.htm"
    },
    {
        "date": "2008-01-31",
        "symbol": "LPX",
        "reportedCurrency": "USD",
        "cik": "0000060519",
        "fillingDate": "2009-02-27",
        "acceptedDate": "2009-02-27 17:28:41",
        "calendarYear": "2007",
        "period": "Q4",
        "revenue": 376600000,
        "costOfRevenue": 391700000,
        "grossProfit": -15100000,
        "grossProfitRatio": -0.0400955921,
        "researchAndDevelopmentExpenses": 0,
        "generalAndAdministrativeExpenses": 23800000,
        "sellingAndMarketingExpenses": 0,
        "sellingGeneralAndAdministrativeExpenses": 23800000,
        "otherExpenses": 47900000,
        "operatingExpenses": 71700000,
        "costAndExpenses": 463400000,
        "interestIncome": 0,
        "interestExpense": 0,
        "depreciationAndAmortization": 24900000,
        "ebitda": -61900000,
        "ebitdaratio": -0.1643653744,
        "operatingIncome": -86800000,
        "operatingIncomeRatio": -0.2304832714,
        "totalOtherIncomeExpensesNet": -10200000,
        "incomeBeforeTax": -97000000,
        "incomeBeforeTaxRatio": -0.2575677111,
        "incomeTaxExpense": -53700000,
        "netIncome": -51500000,
        "netIncomeRatio": -0.1367498672,
        "eps": -0.5,
        "epsdiluted": -0.5,
        "weightedAverageShsOut": 102000000,
        "weightedAverageShsOutDil": 102000000,
        "link": "https://www.sec.gov/Archives/edgar/data/60519/000119312509041236/0001193125-09-041236-index.htm",
        "finalLink": "https://www.sec.gov/Archives/edgar/data/60519/000119312509041236/d10k.htm"
    },
    {
        "date": "2007-09-30",
        "symbol": "LPX",
        "reportedCurrency": "USD",
        "cik": "0000060519",
        "fillingDate": "2007-11-02",
        "acceptedDate": "2007-11-02 13:11:51",
        "calendarYear": "2007",
        "period": "Q3",
        "revenue": 472500000,
        "costOfRevenue": 446600000,
        "grossProfit": 25900000,
        "grossProfitRatio": 0.0548148148,
        "researchAndDevelopmentExpenses": 0,
        "generalAndAdministrativeExpenses": 36700000,
        "sellingAndMarketingExpenses": 0,
        "sellingGeneralAndAdministrativeExpenses": 36700000,
        "otherExpenses": 74900000,
        "operatingExpenses": 111600000,
        "costAndExpenses": 558200000,
        "interestIncome": 0,
        "interestExpense": 0,
        "depreciationAndAmortization": 27200000,
        "ebitda": -58500000,
        "ebitdaratio": -0.1238095238,
        "operatingIncome": -85700000,
        "operatingIncomeRatio": -0.1813756614,
        "totalOtherIncomeExpensesNet": -2300000,
        "incomeBeforeTax": -88000000,
        "incomeBeforeTaxRatio": -0.1862433862,
        "incomeTaxExpense": -37500000,
        "netIncome": -67800000,
        "netIncomeRatio": -0.1434920635,
        "eps": -0.65,
        "epsdiluted": -0.65,
        "weightedAverageShsOut": 103600000,
        "weightedAverageShsOutDil": 103600000,
        "link": "https://www.sec.gov/Archives/edgar/data/60519/000110465907079196/0001104659-07-079196-index.htm",
        "finalLink": "https://www.sec.gov/Archives/edgar/data/60519/000110465907079196/a07-25540_110q.htm"
    },
    {
        "date": "2007-06-30",
        "symbol": "LPX",
        "reportedCurrency": "USD",
        "cik": "0000060519",
        "fillingDate": "2007-07-27",
        "acceptedDate": "2007-07-27 11:16:02",
        "calendarYear": "2007",
        "period": "Q2",
        "revenue": 461200000,
        "costOfRevenue": 437600000,
        "grossProfit": 23600000,
        "grossProfitRatio": 0.0511708586,
        "researchAndDevelopmentExpenses": 0,
        "generalAndAdministrativeExpenses": 38300000,
        "sellingAndMarketingExpenses": 0,
        "sellingGeneralAndAdministrativeExpenses": 38300000,
        "otherExpenses": 7900000,
        "operatingExpenses": 46200000,
        "costAndExpenses": 483800000,
        "interestIncome": 0,
        "interestExpense": 0,
        "depreciationAndAmortization": 28400000,
        "ebitda": 5800000,
        "ebitdaratio": 0.012575889,
        "operatingIncome": -22600000,
        "operatingIncomeRatio": -0.0490026019,
        "totalOtherIncomeExpensesNet": 1000000,
        "incomeBeforeTax": -21600000,
        "incomeBeforeTaxRatio": -0.0468343452,
        "incomeTaxExpense": -10900000,
        "netIncome": -23300000,
        "netIncomeRatio": -0.0505203816,
        "eps": -0.22,
        "epsdiluted": -0.22,
        "weightedAverageShsOut": 104200000,
        "weightedAverageShsOutDil": 104200000,
        "link": "https://www.sec.gov/Archives/edgar/data/60519/000110465907056739/0001104659-07-056739-index.htm",
        "finalLink": "https://www.sec.gov/Archives/edgar/data/60519/000110465907056739/a07-18846_110q.htm"
    },
    {
        "date": "2007-03-31",
        "symbol": "LPX",
        "reportedCurrency": "USD",
        "cik": "0000060519",
        "fillingDate": "2007-05-09",
        "acceptedDate": "2007-05-09 16:45:48",
        "calendarYear": "2007",
        "period": "Q1",
        "revenue": 406000000,
        "costOfRevenue": 403700000,
        "grossProfit": 2300000,
        "grossProfitRatio": 0.0056650246,
        "researchAndDevelopmentExpenses": 0,
        "generalAndAdministrativeExpenses": 41100000,
        "sellingAndMarketingExpenses": 0,
        "sellingGeneralAndAdministrativeExpenses": 41100000,
        "otherExpenses": 34800000,
        "operatingExpenses": 75900000,
        "costAndExpenses": 479600000,
        "interestIncome": 0,
        "interestExpense": 0,
        "depreciationAndAmortization": 29300000,
        "ebitda": -42100000,
        "ebitdaratio": -0.1036945813,
        "operatingIncome": -73600000,
        "operatingIncomeRatio": -0.1812807882,
        "totalOtherIncomeExpensesNet": 7300000,
        "incomeBeforeTax": -66300000,
        "incomeBeforeTaxRatio": -0.1633004926,
        "incomeTaxExpense": -32200000,
        "netIncome": -37300000,
        "netIncomeRatio": -0.0918719212,
        "eps": -0.36,
        "epsdiluted": -0.36,
        "weightedAverageShsOut": 104100000,
        "weightedAverageShsOutDil": 104100000,
        "link": "https://www.sec.gov/Archives/edgar/data/60519/000110465907037598/0001104659-07-037598-index.htm",
        "finalLink": "https://www.sec.gov/Archives/edgar/data/60519/000110465907037598/a07-10804_110q.htm"
    },
    {
        "date": "2006-12-31",
        "symbol": "LPX",
        "reportedCurrency": "USD",
        "cik": "0000060519",
        "fillingDate": "2007-03-01",
        "acceptedDate": "2007-02-28 20:36:38",
        "calendarYear": "2006",
        "period": "Q4",
        "revenue": 369600000,
        "costOfRevenue": 366700000,
        "grossProfit": 2900000,
        "grossProfitRatio": 0.0078463203,
        "researchAndDevelopmentExpenses": 0,
        "generalAndAdministrativeExpenses": 47200000,
        "sellingAndMarketingExpenses": 0,
        "sellingGeneralAndAdministrativeExpenses": 47200000,
        "otherExpenses": 30700000,
        "operatingExpenses": 77900000,
        "costAndExpenses": 444600000,
        "interestIncome": 0,
        "interestExpense": 0,
        "depreciationAndAmortization": 28300000,
        "ebitda": -46700000,
        "ebitdaratio": -0.1263528139,
        "operatingIncome": -75000000,
        "operatingIncomeRatio": -0.2029220779,
        "totalOtherIncomeExpensesNet": 19200000,
        "incomeBeforeTax": -55800000,
        "incomeBeforeTaxRatio": -0.150974026,
        "incomeTaxExpense": -33300000,
        "netIncome": -24600000,
        "netIncomeRatio": -0.0665584416,
        "eps": -0.24,
        "epsdiluted": -0.24,
        "weightedAverageShsOut": 103900000,
        "weightedAverageShsOutDil": 104100000,
        "link": "https://www.sec.gov/Archives/edgar/data/60519/000110465907015101/0001104659-07-015101-index.htm",
        "finalLink": "https://www.sec.gov/Archives/edgar/data/60519/000110465907015101/a07-5334_110k.htm"
    },
    {
        "date": "2006-09-30",
        "symbol": "LPX",
        "reportedCurrency": "USD",
        "cik": "0000060519",
        "fillingDate": "2006-11-07",
        "acceptedDate": "2006-11-07 11:54:24",
        "calendarYear": "2006",
        "period": "Q3",
        "revenue": 534500000,
        "costOfRevenue": 468900000,
        "grossProfit": 65600000,
        "grossProfitRatio": 0.1227315248,
        "researchAndDevelopmentExpenses": 0,
        "generalAndAdministrativeExpenses": 36700000,
        "sellingAndMarketingExpenses": 0,
        "sellingGeneralAndAdministrativeExpenses": 36700000,
        "otherExpenses": 33700000,
        "operatingExpenses": 70400000,
        "costAndExpenses": 539300000,
        "interestIncome": 0,
        "interestExpense": 0,
        "depreciationAndAmortization": 32800000,
        "ebitda": 31900000,
        "ebitdaratio": 0.0596819457,
        "operatingIncome": -4800000,
        "operatingIncomeRatio": -0.0089803555,
        "totalOtherIncomeExpensesNet": 13500000,
        "incomeBeforeTax": 8700000,
        "incomeBeforeTaxRatio": 0.0162768943,
        "incomeTaxExpense": -5100000,
        "netIncome": 9500000,
        "netIncomeRatio": 0.0177736202,
        "eps": 0.09,
        "epsdiluted": 0.09,
        "weightedAverageShsOut": 104900000,
        "weightedAverageShsOutDil": 105200000,
        "link": "https://www.sec.gov/Archives/edgar/data/60519/000110465906072043/0001104659-06-072043-index.htm",
        "finalLink": "https://www.sec.gov/Archives/edgar/data/60519/000110465906072043/a06-21661_110q.htm"
    },
    {
        "date": "2006-06-30",
        "symbol": "LPX",
        "reportedCurrency": "USD",
        "cik": "0000060519",
        "fillingDate": "2006-08-04",
        "acceptedDate": "2006-08-04 13:21:23",
        "calendarYear": "2006",
        "period": "Q2",
        "revenue": 652700000,
        "costOfRevenue": 505700000,
        "grossProfit": 147000000,
        "grossProfitRatio": 0.2252183239,
        "researchAndDevelopmentExpenses": 0,
        "generalAndAdministrativeExpenses": 40800000,
        "sellingAndMarketingExpenses": 0,
        "sellingGeneralAndAdministrativeExpenses": 40800000,
        "otherExpenses": 32500000,
        "operatingExpenses": 73300000,
        "costAndExpenses": 579000000,
        "interestIncome": 0,
        "interestExpense": 0,
        "depreciationAndAmortization": 32400000,
        "ebitda": 107800000,
        "ebitdaratio": 0.1651601042,
        "operatingIncome": 73700000,
        "operatingIncomeRatio": 0.1129155814,
        "totalOtherIncomeExpensesNet": -600000,
        "incomeBeforeTax": 73100000,
        "incomeBeforeTaxRatio": 0.111996323,
        "incomeTaxExpense": 18300000,
        "netIncome": 55100000,
        "netIncomeRatio": 0.084418569,
        "eps": 0.52,
        "epsdiluted": 0.52,
        "weightedAverageShsOut": 105300000,
        "weightedAverageShsOutDil": 105800000,
        "link": "https://www.sec.gov/Archives/edgar/data/60519/000110465906051485/0001104659-06-051485-index.htm",
        "finalLink": "https://www.sec.gov/Archives/edgar/data/60519/000110465906051485/a06-15318_110q.htm"
    },
    {
        "date": "2006-03-31",
        "symbol": "LPX",
        "reportedCurrency": "USD",
        "cik": "0000060519",
        "fillingDate": "2006-05-08",
        "acceptedDate": "2006-05-08 12:55:57",
        "calendarYear": "2006",
        "period": "Q1",
        "revenue": 678300000,
        "costOfRevenue": 485500000,
        "grossProfit": 192800000,
        "grossProfitRatio": 0.2842400118,
        "researchAndDevelopmentExpenses": 0,
        "generalAndAdministrativeExpenses": 42000000,
        "sellingAndMarketingExpenses": 0,
        "sellingGeneralAndAdministrativeExpenses": 42000000,
        "otherExpenses": 34500000,
        "operatingExpenses": 76500000,
        "costAndExpenses": 562000000,
        "interestIncome": 0,
        "interestExpense": 0,
        "depreciationAndAmortization": 34500000,
        "ebitda": 150800000,
        "ebitdaratio": 0.2223205072,
        "operatingIncome": 116300000,
        "operatingIncomeRatio": 0.1714580569,
        "totalOtherIncomeExpensesNet": 11700000,
        "incomeBeforeTax": 128000000,
        "incomeBeforeTaxRatio": 0.1887070618,
        "incomeTaxExpense": 44300000,
        "netIncome": 83700000,
        "netIncomeRatio": 0.1233967271,
        "eps": 0.79,
        "epsdiluted": 0.79,
        "weightedAverageShsOut": 105800000,
        "weightedAverageShsOutDil": 106400000,
        "link": "https://www.sec.gov/Archives/edgar/data/60519/000110465906031904/0001104659-06-031904-index.htm",
        "finalLink": "https://www.sec.gov/Archives/edgar/data/60519/000110465906031904/a06-9403_110q.htm"
    },
    {
        "date": "2005-12-31",
        "symbol": "LPX",
        "reportedCurrency": "USD",
        "cik": "0000060519",
        "fillingDate": "2006-03-08",
        "acceptedDate": "2006-03-08 11:28:00",
        "calendarYear": "2005",
        "period": "Q4",
        "revenue": 624200000,
        "costOfRevenue": 448700000,
        "grossProfit": 175500000,
        "grossProfitRatio": 0.2811598847,
        "researchAndDevelopmentExpenses": 0,
        "generalAndAdministrativeExpenses": 40800000,
        "sellingAndMarketingExpenses": 0,
        "sellingGeneralAndAdministrativeExpenses": 40800000,
        "otherExpenses": 42500000,
        "operatingExpenses": 83300000,
        "costAndExpenses": 532000000,
        "interestIncome": 0,
        "interestExpense": 0,
        "depreciationAndAmortization": 34300000,
        "ebitda": 126500000,
        "ebitdaratio": 0.202659404,
        "operatingIncome": 92200000,
        "operatingIncomeRatio": 0.1477090676,
        "totalOtherIncomeExpensesNet": 9300000,
        "incomeBeforeTax": 101500000,
        "incomeBeforeTaxRatio": 0.1626081384,
        "incomeTaxExpense": 12300000,
        "netIncome": 85200000,
        "netIncomeRatio": 0.1364947132,
        "eps": 0.81,
        "epsdiluted": 0.81,
        "weightedAverageShsOut": 105700000,
        "weightedAverageShsOutDil": 105800000,
        "link": "https://www.sec.gov/Archives/edgar/data/60519/000110465906014863/0001104659-06-014863-index.htm",
        "finalLink": "https://www.sec.gov/Archives/edgar/data/60519/000110465906014863/a06-2371_110k.htm"
    },
    {
        "date": "2005-09-30",
        "symbol": "LPX",
        "reportedCurrency": "USD",
        "cik": "0000060519",
        "fillingDate": "2005-11-07",
        "acceptedDate": "2005-11-07 15:34:12",
        "calendarYear": "2005",
        "period": "Q3",
        "revenue": 621300000,
        "costOfRevenue": 445600000,
        "grossProfit": 175700000,
        "grossProfitRatio": 0.2827941413,
        "researchAndDevelopmentExpenses": 0,
        "generalAndAdministrativeExpenses": 36800000,
        "sellingAndMarketingExpenses": 0,
        "sellingGeneralAndAdministrativeExpenses": 36800000,
        "otherExpenses": 34700000,
        "operatingExpenses": 71500000,
        "costAndExpenses": 517100000,
        "interestIncome": 0,
        "interestExpense": 0,
        "depreciationAndAmortization": 34400000,
        "ebitda": 138600000,
        "ebitdaratio": 0.2230806374,
        "operatingIncome": 104200000,
        "operatingIncomeRatio": 0.1677128601,
        "totalOtherIncomeExpensesNet": 6100000,
        "incomeBeforeTax": 110300000,
        "incomeBeforeTaxRatio": 0.1775309834,
        "incomeTaxExpense": -66500000,
        "netIncome": 168200000,
        "netIncomeRatio": 0.2707226783,
        "eps": 1.54,
        "epsdiluted": 1.53,
        "weightedAverageShsOut": 109000000,
        "weightedAverageShsOutDil": 109600000,
        "link": "https://www.sec.gov/Archives/edgar/data/60519/000110465905053053/0001104659-05-053053-index.htm",
        "finalLink": "https://www.sec.gov/Archives/edgar/data/60519/000110465905053053/a05-18109_110q.htm"
    },
    {
        "date": "2005-06-30",
        "symbol": "LPX",
        "reportedCurrency": "USD",
        "cik": "0000060519",
        "fillingDate": "2005-08-08",
        "acceptedDate": "2005-08-08 16:35:59",
        "calendarYear": "2005",
        "period": "Q2",
        "revenue": 692000000,
        "costOfRevenue": 463500000,
        "grossProfit": 228500000,
        "grossProfitRatio": 0.3302023121,
        "researchAndDevelopmentExpenses": 0,
        "generalAndAdministrativeExpenses": 37500000,
        "sellingAndMarketingExpenses": 0,
        "sellingGeneralAndAdministrativeExpenses": 37500000,
        "otherExpenses": 31700000,
        "operatingExpenses": 69200000,
        "costAndExpenses": 532700000,
        "interestIncome": 0,
        "interestExpense": 0,
        "depreciationAndAmortization": 33100000,
        "ebitda": 192400000,
        "ebitdaratio": 0.2780346821,
        "operatingIncome": 159300000,
        "operatingIncomeRatio": 0.2302023121,
        "totalOtherIncomeExpensesNet": 200000,
        "incomeBeforeTax": 159500000,
        "incomeBeforeTaxRatio": 0.2304913295,
        "incomeTaxExpense": 55200000,
        "netIncome": 100300000,
        "netIncomeRatio": 0.1449421965,
        "eps": 0.9,
        "epsdiluted": 0.9,
        "weightedAverageShsOut": 110900000,
        "weightedAverageShsOutDil": 111500000,
        "link": "https://www.sec.gov/Archives/edgar/data/60519/000110465905037276/0001104659-05-037276-index.htm",
        "finalLink": "https://www.sec.gov/Archives/edgar/data/60519/000110465905037276/a05-12754_110q.htm"
    },
    {
        "date": "2005-03-31",
        "symbol": "LPX",
        "reportedCurrency": "USD",
        "cik": "0000060519",
        "fillingDate": "2005-05-10",
        "acceptedDate": "2005-05-10 10:01:08",
        "calendarYear": "2005",
        "period": "Q1",
        "revenue": 680000000,
        "costOfRevenue": 444800000,
        "grossProfit": 235200000,
        "grossProfitRatio": 0.3458823529,
        "researchAndDevelopmentExpenses": 0,
        "generalAndAdministrativeExpenses": 39300000,
        "sellingAndMarketingExpenses": 0,
        "sellingGeneralAndAdministrativeExpenses": 39300000,
        "otherExpenses": 33000000,
        "operatingExpenses": 72300000,
        "costAndExpenses": 517100000,
        "interestIncome": 0,
        "interestExpense": 0,
        "depreciationAndAmortization": 33300000,
        "ebitda": 199100000,
        "ebitdaratio": 0.2927941176,
        "operatingIncome": 162900000,
        "operatingIncomeRatio": 0.2395588235,
        "totalOtherIncomeExpensesNet": -800000,
        "incomeBeforeTax": 162100000,
        "incomeBeforeTaxRatio": 0.2383823529,
        "incomeTaxExpense": 59200000,
        "netIncome": 101700000,
        "netIncomeRatio": 0.1495588235,
        "eps": 0.92,
        "epsdiluted": 0.91,
        "weightedAverageShsOut": 110500000,
        "weightedAverageShsOutDil": 111300000,
        "link": "https://www.sec.gov/Archives/edgar/data/60519/000110465905021892/0001104659-05-021892-index.htm",
        "finalLink": "https://www.sec.gov/Archives/edgar/data/60519/000110465905021892/a05-8115_110q.htm"
    },
    {
        "date": "2004-12-31",
        "symbol": "LPX",
        "reportedCurrency": "USD",
        "cik": "0000060519",
        "fillingDate": "2005-03-11",
        "acceptedDate": "2005-03-10 17:58:54",
        "calendarYear": "2004",
        "period": "Q4",
        "revenue": 588300000,
        "costOfRevenue": 455600000,
        "grossProfit": 132700000,
        "grossProfitRatio": 0.2255651878,
        "researchAndDevelopmentExpenses": 0,
        "generalAndAdministrativeExpenses": 16800000,
        "sellingAndMarketingExpenses": 0,
        "sellingGeneralAndAdministrativeExpenses": 16800000,
        "otherExpenses": 72700000,
        "operatingExpenses": 89500000,
        "costAndExpenses": 545100000,
        "interestIncome": 0,
        "interestExpense": 0,
        "depreciationAndAmortization": 38100000,
        "ebitda": 81400000,
        "ebitdaratio": 0.1383647799,
        "operatingIncome": 43200000,
        "operatingIncomeRatio": 0.0734319225,
        "totalOtherIncomeExpensesNet": 7300000,
        "incomeBeforeTax": 53300000,
        "incomeBeforeTaxRatio": 0.090600034,
        "incomeTaxExpense": 35900000,
        "netIncome": 13700000,
        "netIncomeRatio": 0.0232874384,
        "eps": 0.12,
        "epsdiluted": 0.12,
        "weightedAverageShsOut": 108600000,
        "weightedAverageShsOutDil": 110500000,
        "link": "https://www.sec.gov/Archives/edgar/data/60519/000110465905010457/0001104659-05-010457-index.htm",
        "finalLink": "https://www.sec.gov/Archives/edgar/data/60519/000110465905010457/a05-4546_310k.htm"
    },
    {
        "date": "2004-09-30",
        "symbol": "LPX",
        "reportedCurrency": "USD",
        "cik": "0000060519",
        "fillingDate": "2004-11-09",
        "acceptedDate": "2004-11-09 10:28:08",
        "calendarYear": "2004",
        "period": "Q3",
        "revenue": 740500000,
        "costOfRevenue": 462300000,
        "grossProfit": 278200000,
        "grossProfitRatio": 0.3756920999,
        "researchAndDevelopmentExpenses": 0,
        "generalAndAdministrativeExpenses": 55100000,
        "sellingAndMarketingExpenses": 0,
        "sellingGeneralAndAdministrativeExpenses": 55100000,
        "otherExpenses": 42600000,
        "operatingExpenses": 97700000,
        "costAndExpenses": 560000000,
        "interestIncome": 0,
        "interestExpense": 0,
        "depreciationAndAmortization": 40000000,
        "ebitda": 219400000,
        "ebitdaratio": 0.296286293,
        "operatingIncome": 180500000,
        "operatingIncomeRatio": 0.2437542201,
        "totalOtherIncomeExpensesNet": -400000,
        "incomeBeforeTax": 179000000,
        "incomeBeforeTaxRatio": 0.2417285618,
        "incomeTaxExpense": 73200000,
        "netIncome": 108100000,
        "netIncomeRatio": 0.1459824443,
        "eps": 0.99,
        "epsdiluted": 0.98,
        "weightedAverageShsOut": 109600000,
        "weightedAverageShsOutDil": 110700000,
        "link": "https://www.sec.gov/Archives/edgar/data/60519/000110465904034511/0001104659-04-034511-index.htm",
        "finalLink": "https://www.sec.gov/Archives/edgar/data/60519/000110465904034511/a04-12951_110q.htm"
    },
    {
        "date": "2004-06-30",
        "symbol": "LPX",
        "reportedCurrency": "USD",
        "cik": "0000060519",
        "fillingDate": "2004-08-06",
        "acceptedDate": "2004-08-06 13:25:19",
        "calendarYear": "2004",
        "period": "Q2",
        "revenue": 825300000,
        "costOfRevenue": 447200000,
        "grossProfit": 378100000,
        "grossProfitRatio": 0.4581364352,
        "researchAndDevelopmentExpenses": 0,
        "generalAndAdministrativeExpenses": 42300000,
        "sellingAndMarketingExpenses": 0,
        "sellingGeneralAndAdministrativeExpenses": 42300000,
        "otherExpenses": 34800000,
        "operatingExpenses": 77100000,
        "costAndExpenses": 524300000,
        "interestIncome": 0,
        "interestExpense": 0,
        "depreciationAndAmortization": 32700000,
        "ebitda": 431700000,
        "ebitdaratio": 0.5230825154,
        "operatingIncome": 301000000,
        "operatingIncomeRatio": 0.3647158609,
        "totalOtherIncomeExpensesNet": -6300000,
        "incomeBeforeTax": 294700000,
        "incomeBeforeTaxRatio": 0.3570822731,
        "incomeTaxExpense": 106200000,
        "netIncome": 192400000,
        "netIncomeRatio": 0.2331273476,
        "eps": 1.77,
        "epsdiluted": 1.75,
        "weightedAverageShsOut": 109000000,
        "weightedAverageShsOutDil": 110200000,
        "link": "https://www.sec.gov/Archives/edgar/data/60519/000110465904022931/0001104659-04-022931-index.htm",
        "finalLink": "https://www.sec.gov/Archives/edgar/data/60519/000110465904022931/a04-8942_110q.htm"
    },
    {
        "date": "2004-03-31",
        "symbol": "LPX",
        "reportedCurrency": "USD",
        "cik": "0000060519",
        "fillingDate": "2004-05-07",
        "acceptedDate": "2004-05-07 16:21:06",
        "calendarYear": "2004",
        "period": "Q1",
        "revenue": 695300000,
        "costOfRevenue": 383300000,
        "grossProfit": 312000000,
        "grossProfitRatio": 0.4487271681,
        "researchAndDevelopmentExpenses": 0,
        "generalAndAdministrativeExpenses": 42900000,
        "sellingAndMarketingExpenses": 0,
        "sellingGeneralAndAdministrativeExpenses": 42900000,
        "otherExpenses": 42900000,
        "operatingExpenses": 85800000,
        "costAndExpenses": 469100000,
        "interestIncome": 0,
        "interestExpense": 0,
        "depreciationAndAmortization": 34300000,
        "ebitda": 260500000,
        "ebitdaratio": 0.3746584208,
        "operatingIncome": 226200000,
        "operatingIncomeRatio": 0.3253271969,
        "totalOtherIncomeExpensesNet": -50000000,
        "incomeBeforeTax": 176200000,
        "incomeBeforeTaxRatio": 0.2534157917,
        "incomeTaxExpense": 64400000,
        "netIncome": 106500000,
        "netIncomeRatio": 0.153171293,
        "eps": 0.99,
        "epsdiluted": 0.98,
        "weightedAverageShsOut": 107600000,
        "weightedAverageShsOutDil": 109200000,
        "link": "https://www.sec.gov/Archives/edgar/data/60519/000110465904013239/0001104659-04-013239-index.htm",
        "finalLink": "https://www.sec.gov/Archives/edgar/data/60519/000110465904013239/a04-5516_110q.htm"
    },
    {
        "date": "2003-12-31",
        "symbol": "LPX",
        "reportedCurrency": "USD",
        "cik": "0000060519",
        "fillingDate": "2004-03-11",
        "acceptedDate": "2004-03-11 16:43:14",
        "calendarYear": "2003",
        "period": "Q4",
        "revenue": 733800000,
        "costOfRevenue": 414000000,
        "grossProfit": 319800000,
        "grossProfitRatio": 0.4358135732,
        "researchAndDevelopmentExpenses": 0,
        "generalAndAdministrativeExpenses": 63400000,
        "sellingAndMarketingExpenses": 0,
        "sellingGeneralAndAdministrativeExpenses": 63400000,
        "otherExpenses": -48900000,
        "operatingExpenses": 14500000,
        "costAndExpenses": 428500000,
        "interestIncome": 0,
        "interestExpense": 0,
        "depreciationAndAmortization": 36800000,
        "ebitda": 342100000,
        "ebitdaratio": 0.4662033252,
        "operatingIncome": 305300000,
        "operatingIncomeRatio": 0.4160534206,
        "totalOtherIncomeExpensesNet": -7600000,
        "incomeBeforeTax": 297700000,
        "incomeBeforeTaxRatio": 0.405696375,
        "incomeTaxExpense": 134200000,
        "netIncome": 163700000,
        "netIncomeRatio": 0.2230853093,
        "eps": 1.52,
        "epsdiluted": 1.52,
        "weightedAverageShsOut": 106700000,
        "weightedAverageShsOutDil": 107600000,
        "link": "https://www.sec.gov/Archives/edgar/data/60519/000104746904007508/0001047469-04-007508-index.htm",
        "finalLink": "https://www.sec.gov/Archives/edgar/data/60519/000104746904007508/a2130437z10-k.htm"
    },
    {
        "date": "2003-09-30",
        "symbol": "LPX",
        "reportedCurrency": "USD",
        "cik": "0000060519",
        "fillingDate": "2003-11-07",
        "acceptedDate": "2003-11-07 16:36:11",
        "calendarYear": "2003",
        "period": "Q3",
        "revenue": 674800000,
        "costOfRevenue": 403800000,
        "grossProfit": 271000000,
        "grossProfitRatio": 0.4016004742,
        "researchAndDevelopmentExpenses": 0,
        "generalAndAdministrativeExpenses": 42500000,
        "sellingAndMarketingExpenses": 0,
        "sellingGeneralAndAdministrativeExpenses": 42500000,
        "otherExpenses": 17000000,
        "operatingExpenses": 59500000,
        "costAndExpenses": 463300000,
        "interestIncome": 0,
        "interestExpense": 0,
        "depreciationAndAmortization": 34600000,
        "ebitda": 246900000,
        "ebitdaratio": 0.3658861885,
        "operatingIncome": 211500000,
        "operatingIncomeRatio": 0.3134262004,
        "totalOtherIncomeExpensesNet": -13700000,
        "incomeBeforeTax": 197000000,
        "incomeBeforeTaxRatio": 0.2919383521,
        "incomeTaxExpense": 87800000,
        "netIncome": 124500000,
        "netIncomeRatio": 0.1844991108,
        "eps": 1.18,
        "epsdiluted": 1.17,
        "weightedAverageShsOut": 105100000,
        "weightedAverageShsOutDil": 106300000,
        "link": "https://www.sec.gov/Archives/edgar/data/60519/000110465903025144/0001104659-03-025144-index.htm",
        "finalLink": "https://www.sec.gov/Archives/edgar/data/60519/000110465903025144/a03-4947_110q.htm"
    },
    {
        "date": "2003-06-30",
        "symbol": "LPX",
        "reportedCurrency": "USD",
        "cik": "0000060519",
        "fillingDate": "2003-08-13",
        "acceptedDate": "2003-08-13 12:29:58",
        "calendarYear": "2003",
        "period": "Q2",
        "revenue": 478500000,
        "costOfRevenue": 376900000,
        "grossProfit": 101600000,
        "grossProfitRatio": 0.2123301985,
        "researchAndDevelopmentExpenses": 0,
        "generalAndAdministrativeExpenses": 39900000,
        "sellingAndMarketingExpenses": 0,
        "sellingGeneralAndAdministrativeExpenses": 39900000,
        "otherExpenses": 28300000,
        "operatingExpenses": 68200000,
        "costAndExpenses": 445100000,
        "interestIncome": 0,
        "interestExpense": 0,
        "depreciationAndAmortization": 34300000,
        "ebitda": 67700000,
        "ebitdaratio": 0.1414838036,
        "operatingIncome": 33400000,
        "operatingIncomeRatio": 0.0698014629,
        "totalOtherIncomeExpensesNet": -14100000,
        "incomeBeforeTax": 19300000,
        "incomeBeforeTaxRatio": 0.0403343783,
        "incomeTaxExpense": 10000000,
        "netIncome": -17200000,
        "netIncomeRatio": -0.0359456635,
        "eps": -0.16,
        "epsdiluted": -0.16,
        "weightedAverageShsOut": 104600000,
        "weightedAverageShsOutDil": 105100000,
        "link": "https://www.sec.gov/Archives/edgar/data/60519/000110465903018016/0001104659-03-018016-index.htm",
        "finalLink": "https://www.sec.gov/Archives/edgar/data/60519/000110465903018016/a03-2457_110q.htm"
    },
    {
        "date": "2003-03-31",
        "symbol": "LPX",
        "reportedCurrency": "USD",
        "cik": "0000060519",
        "fillingDate": "2003-05-02",
        "acceptedDate": "2003-05-02 13:43:43",
        "calendarYear": "2003",
        "period": "Q1",
        "revenue": 498500000,
        "costOfRevenue": 424800000,
        "grossProfit": 73700000,
        "grossProfitRatio": 0.1478435306,
        "researchAndDevelopmentExpenses": 0,
        "generalAndAdministrativeExpenses": 37600000,
        "sellingAndMarketingExpenses": 0,
        "sellingGeneralAndAdministrativeExpenses": 37600000,
        "otherExpenses": 20000000,
        "operatingExpenses": 57600000,
        "costAndExpenses": 482400000,
        "interestIncome": 0,
        "interestExpense": 0,
        "depreciationAndAmortization": 35600000,
        "ebitda": 55700000,
        "ebitdaratio": 0.1117352056,
        "operatingIncome": 16100000,
        "operatingIncomeRatio": 0.0322968907,
        "totalOtherIncomeExpensesNet": -13000000,
        "incomeBeforeTax": -900000,
        "incomeBeforeTaxRatio": -0.0018054162,
        "incomeTaxExpense": -400000,
        "netIncome": 1500000,
        "netIncomeRatio": 0.0030090271,
        "eps": 0.01,
        "epsdiluted": 0.01,
        "weightedAverageShsOut": 104600000,
        "weightedAverageShsOutDil": 104600000,
        "link": "https://www.sec.gov/Archives/edgar/data/60519/000110465903007964/0001104659-03-007964-index.htm",
        "finalLink": "https://www.sec.gov/Archives/edgar/data/60519/000110465903007964/j0153_10q.htm"
    },
    {
        "date": "2002-12-31",
        "symbol": "LPX",
        "reportedCurrency": "USD",
        "cik": "0000060519",
        "fillingDate": "2003-03-17",
        "acceptedDate": "2003-03-17 15:17:51",
        "calendarYear": "2002",
        "period": "Q4",
        "revenue": 440600000,
        "costOfRevenue": 380100000,
        "grossProfit": 60500000,
        "grossProfitRatio": 0.1373127553,
        "researchAndDevelopmentExpenses": 0,
        "generalAndAdministrativeExpenses": 69800000,
        "sellingAndMarketingExpenses": 0,
        "sellingGeneralAndAdministrativeExpenses": 69800000,
        "otherExpenses": 34000000,
        "operatingExpenses": 103800000,
        "costAndExpenses": 483900000,
        "interestIncome": 0,
        "interestExpense": 0,
        "depreciationAndAmortization": 36600000,
        "ebitda": -6700000,
        "ebitdaratio": -0.0152065365,
        "operatingIncome": -43300000,
        "operatingIncomeRatio": -0.0982750794,
        "totalOtherIncomeExpensesNet": -26100000,
        "incomeBeforeTax": -63000000,
        "incomeBeforeTaxRatio": -0.1429868361,
        "incomeTaxExpense": -10900000,
        "netIncome": -42600000,
        "netIncomeRatio": -0.0966863368,
        "eps": -0.41,
        "epsdiluted": -0.41,
        "weightedAverageShsOut": 104600000,
        "weightedAverageShsOutDil": 104600000,
        "link": "https://www.sec.gov/Archives/edgar/data/60519/000104746903008920/0001047469-03-008920-index.htm",
        "finalLink": "https://www.sec.gov/Archives/edgar/data/60519/000104746903008920/a2105258z10-k.htm"
    },
    {
        "date": "2002-09-30",
        "symbol": "LPX",
        "reportedCurrency": "USD",
        "cik": "0000060519",
        "fillingDate": "2002-11-06",
        "acceptedDate": "2002-11-06 15:33:31",
        "calendarYear": "2002",
        "period": "Q3",
        "revenue": 501800000,
        "costOfRevenue": 429500000,
        "grossProfit": 72300000,
        "grossProfitRatio": 0.1440813073,
        "researchAndDevelopmentExpenses": 0,
        "generalAndAdministrativeExpenses": 35600000,
        "sellingAndMarketingExpenses": 0,
        "sellingGeneralAndAdministrativeExpenses": 35600000,
        "otherExpenses": -7100000,
        "operatingExpenses": 28500000,
        "costAndExpenses": 458000000,
        "interestIncome": 0,
        "interestExpense": 0,
        "depreciationAndAmortization": 37100000,
        "ebitda": 80900000,
        "ebitdaratio": 0.1612196094,
        "operatingIncome": 43800000,
        "operatingIncomeRatio": 0.0872857712,
        "totalOtherIncomeExpensesNet": -15000000,
        "incomeBeforeTax": 28800000,
        "incomeBeforeTaxRatio": 0.0573933838,
        "incomeTaxExpense": 10400000,
        "netIncome": 3300000,
        "netIncomeRatio": 0.0065763252,
        "eps": 0.03,
        "epsdiluted": 0.03,
        "weightedAverageShsOut": 104600000,
        "weightedAverageShsOutDil": 104600000,
        "link": "https://www.sec.gov/Archives/edgar/data/60519/000091205702041148/0000912057-02-041148-index.htm",
        "finalLink": "https://www.sec.gov/Archives/edgar/data/60519/000091205702041148/a2092674z10-q.htm"
    },
    {
        "date": "2002-06-30",
        "symbol": "LPX",
        "reportedCurrency": "USD",
        "cik": "0000060519",
        "fillingDate": "2002-08-14",
        "acceptedDate": "2002-08-13 18:23:35",
        "calendarYear": "2002",
        "period": "Q2",
        "revenue": 448900000,
        "costOfRevenue": 354300000,
        "grossProfit": 94600000,
        "grossProfitRatio": 0.210737358,
        "researchAndDevelopmentExpenses": 0,
        "generalAndAdministrativeExpenses": 38400000,
        "sellingAndMarketingExpenses": 0,
        "sellingGeneralAndAdministrativeExpenses": 38400000,
        "otherExpenses": 27400000,
        "operatingExpenses": 65800000,
        "costAndExpenses": 420100000,
        "interestIncome": 0,
        "interestExpense": 0,
        "depreciationAndAmortization": 40500000,
        "ebitda": 69300000,
        "ebitdaratio": 0.1543773669,
        "operatingIncome": 28800000,
        "operatingIncomeRatio": 0.0641568278,
        "totalOtherIncomeExpensesNet": -16700000,
        "incomeBeforeTax": 12100000,
        "incomeBeforeTaxRatio": 0.0269547783,
        "incomeTaxExpense": 4400000,
        "netIncome": -13200000,
        "netIncomeRatio": -0.0294052127,
        "eps": -0.13,
        "epsdiluted": -0.13,
        "weightedAverageShsOut": 104600000,
        "weightedAverageShsOutDil": 104600000,
        "link": "https://www.sec.gov/Archives/edgar/data/60519/000091205702031659/0000912057-02-031659-index.htm",
        "finalLink": "https://www.sec.gov/Archives/edgar/data/60519/000091205702031659/a2086691z10-q.htm"
    },
    {
        "date": "2002-03-31",
        "symbol": "LPX",
        "reportedCurrency": "USD",
        "cik": "0000060519",
        "fillingDate": "2002-04-26",
        "acceptedDate": "2002-04-26 00:00:00",
        "calendarYear": "2002",
        "period": "Q1",
        "revenue": 596700000,
        "costOfRevenue": 505600000,
        "grossProfit": 91100000,
        "grossProfitRatio": 0.152673035,
        "researchAndDevelopmentExpenses": 0,
        "generalAndAdministrativeExpenses": 37300000,
        "sellingAndMarketingExpenses": 0,
        "sellingGeneralAndAdministrativeExpenses": 37300000,
        "otherExpenses": 44200000,
        "operatingExpenses": 81500000,
        "costAndExpenses": 587100000,
        "interestIncome": 0,
        "interestExpense": 0,
        "depreciationAndAmortization": 43400000,
        "ebitda": 59600000,
        "ebitdaratio": 0.0998826881,
        "operatingIncome": 9600000,
        "operatingIncomeRatio": 0.0160884867,
        "totalOtherIncomeExpensesNet": -8200000,
        "incomeBeforeTax": -5200000,
        "incomeBeforeTaxRatio": -0.0087145969,
        "incomeTaxExpense": -2000000,
        "netIncome": -3200000,
        "netIncomeRatio": -0.0053628289,
        "eps": -0.0306,
        "epsdiluted": -0.0306,
        "weightedAverageShsOut": 104600000,
        "weightedAverageShsOutDil": 104600000,
        "link": "https://www.sec.gov/Archives/edgar/data/60519/000091205702016709/0000912057-02-016709-index.htm",
        "finalLink": "https://www.sec.gov/Archives/edgar/data/60519/000091205702016709/a2077885z10-q.htm"
    },
    {
        "date": "2001-12-31",
        "symbol": "LPX",
        "reportedCurrency": "USD",
        "cik": "0000060519",
        "fillingDate": "2002-03-15",
        "acceptedDate": "2002-03-15 00:00:00",
        "calendarYear": "2001",
        "period": "Q4",
        "revenue": 515900000,
        "costOfRevenue": 491100000,
        "grossProfit": 24800000,
        "grossProfitRatio": 0.0480713317,
        "researchAndDevelopmentExpenses": 0,
        "generalAndAdministrativeExpenses": 34500000,
        "sellingAndMarketingExpenses": 0,
        "sellingGeneralAndAdministrativeExpenses": 34500000,
        "otherExpenses": 118100000,
        "operatingExpenses": 152600000,
        "costAndExpenses": 643700000,
        "interestIncome": 0,
        "interestExpense": 0,
        "depreciationAndAmortization": 43400000,
        "ebitda": -84400000,
        "ebitdaratio": -0.1635975964,
        "operatingIncome": -127800000,
        "operatingIncomeRatio": -0.2477224268,
        "totalOtherIncomeExpensesNet": -11000000,
        "incomeBeforeTax": -143900000,
        "incomeBeforeTaxRatio": -0.2789300252,
        "incomeTaxExpense": -67900000,
        "netIncome": -70900000,
        "netIncomeRatio": -0.1374297344,
        "eps": -0.68,
        "epsdiluted": -0.68,
        "weightedAverageShsOut": 104400000,
        "weightedAverageShsOutDil": 104600000,
        "link": "https://www.sec.gov/Archives/edgar/data/60519/000091205702010142/0000912057-02-010142-index.htm",
        "finalLink": "https://www.sec.gov/Archives/edgar/data/60519/000091205702010142/a2073052z10-k.htm"
    },
    {
        "date": "2001-09-30",
        "symbol": "LPX",
        "reportedCurrency": "USD",
        "cik": "0000060519",
        "fillingDate": "2001-11-14",
        "acceptedDate": "2001-11-14 00:00:00",
        "calendarYear": "2001",
        "period": "Q3",
        "revenue": 635500000,
        "costOfRevenue": 541100000,
        "grossProfit": 94400000,
        "grossProfitRatio": 0.1485444532,
        "researchAndDevelopmentExpenses": 0,
        "generalAndAdministrativeExpenses": 37600000,
        "sellingAndMarketingExpenses": 0,
        "sellingGeneralAndAdministrativeExpenses": 37600000,
        "otherExpenses": 64400000,
        "operatingExpenses": 102000000,
        "costAndExpenses": 643100000,
        "interestIncome": 0,
        "interestExpense": 0,
        "depreciationAndAmortization": 56000000,
        "ebitda": 58000000,
        "ebitdaratio": 0.0912667191,
        "operatingIncome": -7600000,
        "operatingIncomeRatio": -0.0119590873,
        "totalOtherIncomeExpensesNet": -3500000,
        "incomeBeforeTax": -20700000,
        "incomeBeforeTaxRatio": -0.0325727773,
        "incomeTaxExpense": -19100000,
        "netIncome": -1600000,
        "netIncomeRatio": -0.0025177026,
        "eps": -0.0153,
        "epsdiluted": -0.0153,
        "weightedAverageShsOut": 104400000,
        "weightedAverageShsOutDil": 104400000,
        "link": "https://www.sec.gov/Archives/edgar/data/60519/000091205701539291/0000912057-01-539291-index.htm",
        "finalLink": "https://www.sec.gov/Archives/edgar/data/60519/000091205701539291/a2062088z10-q.htm"
    },
    {
        "date": "2001-06-30",
        "symbol": "LPX",
        "reportedCurrency": "USD",
        "cik": "0000060519",
        "fillingDate": "2001-08-14",
        "acceptedDate": "2001-08-14 00:00:00",
        "calendarYear": "2001",
        "period": "Q2",
        "revenue": 649800000,
        "costOfRevenue": 540700000,
        "grossProfit": 109100000,
        "grossProfitRatio": 0.1678978147,
        "researchAndDevelopmentExpenses": 0,
        "generalAndAdministrativeExpenses": 48700000,
        "sellingAndMarketingExpenses": 0,
        "sellingGeneralAndAdministrativeExpenses": 48700000,
        "otherExpenses": 56600000,
        "operatingExpenses": 105300000,
        "costAndExpenses": 646000000,
        "interestIncome": 0,
        "interestExpense": 0,
        "depreciationAndAmortization": 46700000,
        "ebitda": 50500000,
        "ebitdaratio": 0.0777162204,
        "operatingIncome": 3800000,
        "operatingIncomeRatio": 0.0058479532,
        "totalOtherIncomeExpensesNet": -16500000,
        "incomeBeforeTax": -12700000,
        "incomeBeforeTaxRatio": -0.0195444752,
        "incomeTaxExpense": -3000000,
        "netIncome": -9700000,
        "netIncomeRatio": -0.0149276701,
        "eps": -0.0929,
        "epsdiluted": -0.0929,
        "weightedAverageShsOut": 104400000,
        "weightedAverageShsOutDil": 104400000,
        "link": "https://www.sec.gov/Archives/edgar/data/60519/000091205701528219/0000912057-01-528219-index.htm",
        "finalLink": "https://www.sec.gov/Archives/edgar/data/60519/000091205701528219/a2056119z10-q.htm"
    },
    {
        "date": "2001-03-31",
        "symbol": "LPX",
        "reportedCurrency": "USD",
        "cik": "0000060519",
        "fillingDate": "2001-05-10",
        "acceptedDate": "2001-05-10 00:00:00",
        "calendarYear": "2001",
        "period": "Q1",
        "revenue": 558500000,
        "costOfRevenue": 549200000,
        "grossProfit": 9300000,
        "grossProfitRatio": 0.0166517457,
        "researchAndDevelopmentExpenses": 0,
        "generalAndAdministrativeExpenses": 43600000,
        "sellingAndMarketingExpenses": 0,
        "sellingGeneralAndAdministrativeExpenses": 43600000,
        "otherExpenses": 65800000,
        "operatingExpenses": 109400000,
        "costAndExpenses": 658600000,
        "interestIncome": 0,
        "interestExpense": 0,
        "depreciationAndAmortization": 49100000,
        "ebitda": -51000000,
        "ebitdaratio": -0.0913160251,
        "operatingIncome": -100100000,
        "operatingIncomeRatio": -0.1792300806,
        "totalOtherIncomeExpensesNet": -11700000,
        "incomeBeforeTax": -111800000,
        "incomeBeforeTaxRatio": -0.200179051,
        "incomeTaxExpense": -22400000,
        "netIncome": -89400000,
        "netIncomeRatio": -0.1600716204,
        "eps": -0.86,
        "epsdiluted": -0.86,
        "weightedAverageShsOut": 104400000,
        "weightedAverageShsOutDil": 104400000,
        "link": "https://www.sec.gov/Archives/edgar/data/60519/000110465901500417/0001104659-01-500417-index.htm",
        "finalLink": "https://www.sec.gov/Archives/edgar/data/60519/000110465901500417/j0387_10q.htm"
    },
    {
        "date": "2000-12-31",
        "symbol": "LPX",
        "reportedCurrency": "USD",
        "cik": "0000060519",
        "fillingDate": "2001-03-16",
        "acceptedDate": "2001-03-16 00:00:00",
        "calendarYear": "2000",
        "period": "Q4",
        "revenue": 725400000,
        "costOfRevenue": 694000000,
        "grossProfit": 31400000,
        "grossProfitRatio": 0.0432864626,
        "researchAndDevelopmentExpenses": 0,
        "generalAndAdministrativeExpenses": 57500000,
        "sellingAndMarketingExpenses": 0,
        "sellingGeneralAndAdministrativeExpenses": 57500000,
        "otherExpenses": 51400000,
        "operatingExpenses": 108900000,
        "costAndExpenses": 802900000,
        "interestIncome": 0,
        "interestExpense": 0,
        "depreciationAndAmortization": 51400000,
        "ebitda": -26100000,
        "ebitdaratio": -0.0359801489,
        "operatingIncome": -77500000,
        "operatingIncomeRatio": -0.1068376068,
        "totalOtherIncomeExpensesNet": -50000000,
        "incomeBeforeTax": -127500000,
        "incomeBeforeTaxRatio": -0.1757650951,
        "incomeTaxExpense": -75900000,
        "netIncome": -51600000,
        "netIncomeRatio": -0.0711331679,
        "eps": -0.5,
        "epsdiluted": -0.49,
        "weightedAverageShsOut": 104100000,
        "weightedAverageShsOutDil": 104400000,
        "link": "https://www.sec.gov/Archives/edgar/data/60519/000091205701007679/0000912057-01-007679-index.htm",
        "finalLink": "https://www.sec.gov/Archives/edgar/data/60519/000091205701007679/a2041518z10-k405.htm"
    },
    {
        "date": "2000-09-30",
        "symbol": "LPX",
        "reportedCurrency": "USD",
        "cik": "0000060519",
        "fillingDate": "2000-11-07",
        "acceptedDate": "2000-11-07 00:00:00",
        "calendarYear": "2000",
        "period": "Q3",
        "revenue": 652400000,
        "costOfRevenue": 544500000,
        "grossProfit": 107900000,
        "grossProfitRatio": 0.1653893317,
        "researchAndDevelopmentExpenses": 0,
        "generalAndAdministrativeExpenses": 57100000,
        "sellingAndMarketingExpenses": 0,
        "sellingGeneralAndAdministrativeExpenses": 57100000,
        "otherExpenses": 63500000,
        "operatingExpenses": 120600000,
        "costAndExpenses": 665100000,
        "interestIncome": 0,
        "interestExpense": 0,
        "depreciationAndAmortization": 63500000,
        "ebitda": 50800000,
        "ebitdaratio": 0.0778663397,
        "operatingIncome": -12700000,
        "operatingIncomeRatio": -0.0194665849,
        "totalOtherIncomeExpensesNet": -18500000,
        "incomeBeforeTax": -31200000,
        "incomeBeforeTaxRatio": -0.0478234212,
        "incomeTaxExpense": 9700000,
        "netIncome": -40900000,
        "netIncomeRatio": -0.0626916002,
        "eps": -0.39,
        "epsdiluted": -0.39,
        "weightedAverageShsOut": 104100000,
        "weightedAverageShsOutDil": 104100000,
        "link": "https://www.sec.gov/Archives/edgar/data/60519/000091205700047664/0000912057-00-047664-index.htm",
        "finalLink": "https://www.sec.gov/Archives/edgar/data/60519/000091205700047664/a2029458z10-q.txt"
    },
    {
        "date": "2000-06-30",
        "symbol": "LPX",
        "reportedCurrency": "USD",
        "cik": "0000060519",
        "fillingDate": "2000-08-02",
        "acceptedDate": "2000-08-02 00:00:00",
        "calendarYear": "2000",
        "period": "Q2",
        "revenue": 778100000,
        "costOfRevenue": 566700000,
        "grossProfit": 211400000,
        "grossProfitRatio": 0.2716874438,
        "researchAndDevelopmentExpenses": 0,
        "generalAndAdministrativeExpenses": 67600000,
        "sellingAndMarketingExpenses": 0,
        "sellingGeneralAndAdministrativeExpenses": 67600000,
        "otherExpenses": 59300000,
        "operatingExpenses": 126900000,
        "costAndExpenses": 693600000,
        "interestIncome": 0,
        "interestExpense": 0,
        "depreciationAndAmortization": 59300000,
        "ebitda": 106600000,
        "ebitdaratio": 0.1370003856,
        "operatingIncome": 84500000,
        "operatingIncomeRatio": 0.1085978666,
        "totalOtherIncomeExpensesNet": -10100000,
        "incomeBeforeTax": 37200000,
        "incomeBeforeTaxRatio": 0.0478087649,
        "incomeTaxExpense": 16200000,
        "netIncome": 21000000,
        "netIncomeRatio": 0.0269888189,
        "eps": 0.2,
        "epsdiluted": 0.2,
        "weightedAverageShsOut": 104000000,
        "weightedAverageShsOutDil": 104200000,
        "link": "https://www.sec.gov/Archives/edgar/data/60519/000091205700034332/0000912057-00-034332-index.htm",
        "finalLink": "https://www.sec.gov/Archives/edgar/data/60519/000091205700034332/a10-q.txt"
    },
    {
        "date": "2000-03-31",
        "symbol": "LPX",
        "reportedCurrency": "USD",
        "cik": "0000060519",
        "fillingDate": "2000-05-10",
        "acceptedDate": "2000-05-10 00:00:00",
        "calendarYear": "2000",
        "period": "Q1",
        "revenue": 776900000,
        "costOfRevenue": 547700000,
        "grossProfit": 229200000,
        "grossProfitRatio": 0.2950186639,
        "researchAndDevelopmentExpenses": 0,
        "generalAndAdministrativeExpenses": 64400000,
        "sellingAndMarketingExpenses": 0,
        "sellingGeneralAndAdministrativeExpenses": 64400000,
        "otherExpenses": 61300000,
        "operatingExpenses": 125700000,
        "costAndExpenses": 673400000,
        "interestIncome": 0,
        "interestExpense": 0,
        "depreciationAndAmortization": 61300000,
        "ebitda": 167800000,
        "ebitdaratio": 0.2159866135,
        "operatingIncome": 103500000,
        "operatingIncomeRatio": 0.1332217789,
        "totalOtherIncomeExpensesNet": -10300000,
        "incomeBeforeTax": 96200000,
        "incomeBeforeTaxRatio": 0.1238254602,
        "incomeTaxExpense": 38500000,
        "netIncome": 57700000,
        "netIncomeRatio": 0.0742695328,
        "eps": 0.55,
        "epsdiluted": 0.55,
        "weightedAverageShsOut": 104100000,
        "weightedAverageShsOutDil": 104100000,
        "link": "https://www.sec.gov/Archives/edgar/data/60519/000091205700022710/0000912057-00-022710-index.html",
        "finalLink": "https://www.sec.gov/Archives/edgar/data/60519/000091205700022710/"
    },
    {
        "date": "1999-12-31",
        "symbol": "LPX",
        "reportedCurrency": "USD",
        "cik": "0000060519",
        "fillingDate": "2000-03-15",
        "acceptedDate": "2000-03-15 00:00:00",
        "calendarYear": "1999",
        "period": "Q4",
        "revenue": 712600000,
        "costOfRevenue": 529600000,
        "grossProfit": 183000000,
        "grossProfitRatio": 0.2568060623,
        "researchAndDevelopmentExpenses": 0,
        "generalAndAdministrativeExpenses": 62200000,
        "sellingAndMarketingExpenses": 0,
        "sellingGeneralAndAdministrativeExpenses": 62200000,
        "otherExpenses": 61100000,
        "operatingExpenses": 123300000,
        "costAndExpenses": 652900000,
        "interestIncome": 0,
        "interestExpense": 0,
        "depreciationAndAmortization": 61100000,
        "ebitda": 120800000,
        "ebitdaratio": 0.1695200674,
        "operatingIncome": 59700000,
        "operatingIncomeRatio": 0.0837777154,
        "totalOtherIncomeExpensesNet": -3800000,
        "incomeBeforeTax": 55900000,
        "incomeBeforeTaxRatio": 0.0784451305,
        "incomeTaxExpense": 20500000,
        "netIncome": 35400000,
        "netIncomeRatio": 0.0496772383,
        "eps": 0.34,
        "epsdiluted": 0.34,
        "weightedAverageShsOut": 104100000,
        "weightedAverageShsOutDil": 104100000,
        "link": "https://www.sec.gov/Archives/edgar/data/60519/000091205700011733/0000912057-00-011733-index.html",
        "finalLink": "https://www.sec.gov/Archives/edgar/data/60519/000091205700011733/"
    },
    {
        "date": "1999-09-30",
        "symbol": "LPX",
        "reportedCurrency": "USD",
        "cik": "0000060519",
        "fillingDate": "1999-11-15",
        "acceptedDate": "1999-11-15 00:00:00",
        "calendarYear": "1999",
        "period": "Q3",
        "revenue": 797400000,
        "costOfRevenue": 551500000,
        "grossProfit": 245900000,
        "grossProfitRatio": 0.308377226,
        "researchAndDevelopmentExpenses": 0,
        "generalAndAdministrativeExpenses": 56600000,
        "sellingAndMarketingExpenses": 0,
        "sellingGeneralAndAdministrativeExpenses": 56600000,
        "otherExpenses": 52400000,
        "operatingExpenses": 109000000,
        "costAndExpenses": 660500000,
        "interestIncome": 0,
        "interestExpense": 0,
        "depreciationAndAmortization": 52400000,
        "ebitda": 189300000,
        "ebitdaratio": 0.2373965388,
        "operatingIncome": 136900000,
        "operatingIncomeRatio": 0.1716829697,
        "totalOtherIncomeExpensesNet": -21800000,
        "incomeBeforeTax": 115100000,
        "incomeBeforeTaxRatio": 0.1443441184,
        "incomeTaxExpense": 45800000,
        "netIncome": 69300000,
        "netIncomeRatio": 0.0869074492,
        "eps": 0.65,
        "epsdiluted": 0.65,
        "weightedAverageShsOut": 106615385,
        "weightedAverageShsOutDil": 106615385,
        "link": "https://www.sec.gov/Archives/edgar/data/60519/000091205799006041/0000912057-99-006041-index.html",
        "finalLink": "https://www.sec.gov/Archives/edgar/data/60519/000091205799006041/"
    },
    {
        "date": "1999-06-30",
        "symbol": "LPX",
        "reportedCurrency": "USD",
        "cik": "0000060519",
        "fillingDate": "1999-08-04",
        "acceptedDate": "1999-08-04 00:00:00",
        "calendarYear": "1999",
        "period": "Q2",
        "revenue": 768500000,
        "costOfRevenue": 530900000,
        "grossProfit": 237600000,
        "grossProfitRatio": 0.309173715,
        "researchAndDevelopmentExpenses": 0,
        "generalAndAdministrativeExpenses": 54700000,
        "sellingAndMarketingExpenses": 0,
        "sellingGeneralAndAdministrativeExpenses": 54700000,
        "otherExpenses": 45700000,
        "operatingExpenses": 100400000,
        "costAndExpenses": 631300000,
        "interestIncome": 0,
        "interestExpense": 0,
        "depreciationAndAmortization": 45700000,
        "ebitda": 182900000,
        "ebitdaratio": 0.2379960963,
        "operatingIncome": 137200000,
        "operatingIncomeRatio": 0.1785296031,
        "totalOtherIncomeExpensesNet": 3500000,
        "incomeBeforeTax": 140700000,
        "incomeBeforeTaxRatio": 0.1830839297,
        "incomeTaxExpense": 55800000,
        "netIncome": 84900000,
        "netIncomeRatio": 0.1104749512,
        "eps": 0.79,
        "epsdiluted": 0.79,
        "weightedAverageShsOut": 106600000,
        "weightedAverageShsOutDil": 106800000,
        "link": "https://www.sec.gov/Archives/edgar/data/60519/000104746999029761/0001047469-99-029761-index.html",
        "finalLink": "https://www.sec.gov/Archives/edgar/data/60519/000104746999029761/"
    },
    {
        "date": "1999-03-31",
        "symbol": "LPX",
        "reportedCurrency": "USD",
        "cik": "0000060519",
        "fillingDate": "1999-05-17",
        "acceptedDate": "1999-05-17 00:00:00",
        "calendarYear": "1999",
        "period": "Q1",
        "revenue": 603100000,
        "costOfRevenue": 471100000,
        "grossProfit": 132000000,
        "grossProfitRatio": 0.2188691759,
        "researchAndDevelopmentExpenses": 0,
        "generalAndAdministrativeExpenses": 45900000,
        "sellingAndMarketingExpenses": 0,
        "sellingGeneralAndAdministrativeExpenses": 45900000,
        "otherExpenses": 42800000,
        "operatingExpenses": 88700000,
        "costAndExpenses": 559800000,
        "interestIncome": 0,
        "interestExpense": 0,
        "depreciationAndAmortization": 42800000,
        "ebitda": 86100000,
        "ebitdaratio": 0.1427623943,
        "operatingIncome": 43300000,
        "operatingIncomeRatio": 0.0717957221,
        "totalOtherIncomeExpensesNet": 1300000,
        "incomeBeforeTax": 44600000,
        "incomeBeforeTaxRatio": 0.0739512519,
        "incomeTaxExpense": 17400000,
        "netIncome": 27200000,
        "netIncomeRatio": 0.045100315,
        "eps": 0.26,
        "epsdiluted": 0.26,
        "weightedAverageShsOut": 106200000,
        "weightedAverageShsOutDil": 106300000,
        "link": "https://www.sec.gov/Archives/edgar/data/60519/000100547799002474/0001005477-99-002474-index.html",
        "finalLink": "https://www.sec.gov/Archives/edgar/data/60519/"
    },
    {
        "date": "1998-12-31",
        "symbol": "LPX",
        "reportedCurrency": "USD",
        "cik": "0000060519",
        "fillingDate": "1999-03-18",
        "acceptedDate": "1999-03-18 00:00:00",
        "calendarYear": "1998",
        "period": "Q4",
        "revenue": 519300000,
        "costOfRevenue": 423200000,
        "grossProfit": 96100000,
        "grossProfitRatio": 0.1850568072,
        "researchAndDevelopmentExpenses": 0,
        "generalAndAdministrativeExpenses": 46500000,
        "sellingAndMarketingExpenses": 0,
        "sellingGeneralAndAdministrativeExpenses": 46500000,
        "otherExpenses": 46400000,
        "operatingExpenses": 92900000,
        "costAndExpenses": 516100000,
        "interestIncome": 0,
        "interestExpense": 0,
        "depreciationAndAmortization": 46400000,
        "ebitda": 49600000,
        "ebitdaratio": 0.0955131908,
        "operatingIncome": 3200000,
        "operatingIncomeRatio": 0.0061621413,
        "totalOtherIncomeExpensesNet": 19200000,
        "incomeBeforeTax": 22400000,
        "incomeBeforeTaxRatio": 0.0431349894,
        "incomeTaxExpense": 6500000,
        "netIncome": 15900000,
        "netIncomeRatio": 0.0306181398,
        "eps": 0.15,
        "epsdiluted": 0.15,
        "weightedAverageShsOut": 104615385,
        "weightedAverageShsOutDil": 104615385,
        "link": "https://www.sec.gov/Archives/edgar/data/60519/000089291799000031/0000892917-99-000031-index.html",
        "finalLink": "https://www.sec.gov/Archives/edgar/data/60519/"
    },
    {
        "date": "1998-09-30",
        "symbol": "LPX",
        "reportedCurrency": "USD",
        "cik": "0000060519",
        "fillingDate": "1998-11-16",
        "acceptedDate": "1998-11-16 00:00:00",
        "calendarYear": "1998",
        "period": "Q3",
        "revenue": 606300000,
        "costOfRevenue": 428400000,
        "grossProfit": 177900000,
        "grossProfitRatio": 0.2934190995,
        "researchAndDevelopmentExpenses": 0,
        "generalAndAdministrativeExpenses": 47300000,
        "sellingAndMarketingExpenses": 0,
        "sellingGeneralAndAdministrativeExpenses": 47300000,
        "otherExpenses": 50000000,
        "operatingExpenses": 97300000,
        "costAndExpenses": 525700000,
        "interestIncome": 0,
        "interestExpense": 0,
        "depreciationAndAmortization": 50000000,
        "ebitda": 130600000,
        "ebitdaratio": 0.2154049151,
        "operatingIncome": 80600000,
        "operatingIncomeRatio": 0.1329374897,
        "totalOtherIncomeExpensesNet": -390300000,
        "incomeBeforeTax": -309700000,
        "incomeBeforeTaxRatio": -0.5108032327,
        "incomeTaxExpense": -117000000,
        "netIncome": -192700000,
        "netIncomeRatio": -0.3178294574,
        "eps": -1.77,
        "epsdiluted": -1.77,
        "weightedAverageShsOut": 108870056,
        "weightedAverageShsOutDil": 108870056,
        "link": "https://www.sec.gov/Archives/edgar/data/60519/000089291798000097/0000892917-98-000097-index.html",
        "finalLink": "https://www.sec.gov/Archives/edgar/data/60519/"
    },
    {
        "date": "1998-06-30",
        "symbol": "LPX",
        "reportedCurrency": "USD",
        "cik": "0000060519",
        "fillingDate": "1998-08-14",
        "acceptedDate": "1998-08-14 00:00:00",
        "calendarYear": "1998",
        "period": "Q2",
        "revenue": 623200000,
        "costOfRevenue": 506200000,
        "grossProfit": 117000000,
        "grossProfitRatio": 0.1877406932,
        "researchAndDevelopmentExpenses": 0,
        "generalAndAdministrativeExpenses": 45500000,
        "sellingAndMarketingExpenses": 0,
        "sellingGeneralAndAdministrativeExpenses": 45500000,
        "otherExpenses": 49500000,
        "operatingExpenses": 95000000,
        "costAndExpenses": 601200000,
        "interestIncome": 0,
        "interestExpense": 0,
        "depreciationAndAmortization": 49500000,
        "ebitda": 71500000,
        "ebitdaratio": 0.1147304236,
        "operatingIncome": 22000000,
        "operatingIncomeRatio": 0.0353016688,
        "totalOtherIncomeExpensesNet": 320700000,
        "incomeBeforeTax": 342700000,
        "incomeBeforeTaxRatio": 0.5499037227,
        "incomeTaxExpense": 138800000,
        "netIncome": 203900000,
        "netIncomeRatio": 0.327182285,
        "eps": 1.87,
        "epsdiluted": 1.87,
        "weightedAverageShsOut": 109037433,
        "weightedAverageShsOutDil": 109037433,
        "link": "https://www.sec.gov/Archives/edgar/data/60519/000089291798000070/0000892917-98-000070-index.html",
        "finalLink": "https://www.sec.gov/Archives/edgar/data/60519/"
    },
    {
        "date": "1998-03-31",
        "symbol": "LPX",
        "reportedCurrency": "USD",
        "cik": "0000060519",
        "fillingDate": "1998-05-14",
        "acceptedDate": "1998-05-14 00:00:00",
        "calendarYear": "1998",
        "period": "Q1",
        "revenue": 548300000,
        "costOfRevenue": 500300000,
        "grossProfit": 48000000,
        "grossProfitRatio": 0.0875433157,
        "researchAndDevelopmentExpenses": 0,
        "generalAndAdministrativeExpenses": 39700000,
        "sellingAndMarketingExpenses": 0,
        "sellingGeneralAndAdministrativeExpenses": 39700000,
        "otherExpenses": 39500000,
        "operatingExpenses": 79200000,
        "costAndExpenses": 579500000,
        "interestIncome": 0,
        "interestExpense": 0,
        "depreciationAndAmortization": 39500000,
        "ebitda": 8300000,
        "ebitdaratio": 0.0151376983,
        "operatingIncome": -31200000,
        "operatingIncomeRatio": -0.0569031552,
        "totalOtherIncomeExpensesNet": -6400000,
        "incomeBeforeTax": -37600000,
        "incomeBeforeTaxRatio": -0.0685755973,
        "incomeTaxExpense": -12500000,
        "netIncome": -25100000,
        "netIncomeRatio": -0.0457778588,
        "eps": -0.23,
        "epsdiluted": -0.23,
        "weightedAverageShsOut": 109130435,
        "weightedAverageShsOutDil": 109130435,
        "link": "https://www.sec.gov/Archives/edgar/data/60519/000089291798000033/0000892917-98-000033-index.html",
        "finalLink": "https://www.sec.gov/Archives/edgar/data/60519/"
    },
    {
        "date": "1997-12-31",
        "symbol": "LPX",
        "reportedCurrency": "USD",
        "cik": "0000060519",
        "fillingDate": "1998-03-31",
        "acceptedDate": "1998-03-31 00:00:00",
        "calendarYear": "1997",
        "period": "Q4",
        "revenue": 595100000,
        "costOfRevenue": 535900000,
        "grossProfit": 59200000,
        "grossProfitRatio": 0.0994790791,
        "researchAndDevelopmentExpenses": 0,
        "generalAndAdministrativeExpenses": 43200000,
        "sellingAndMarketingExpenses": 0,
        "sellingGeneralAndAdministrativeExpenses": 43200000,
        "otherExpenses": 47400000,
        "operatingExpenses": 90600000,
        "costAndExpenses": 626500000,
        "interestIncome": 0,
        "interestExpense": 0,
        "depreciationAndAmortization": 47400000,
        "ebitda": 16000000,
        "ebitdaratio": 0.0268862376,
        "operatingIncome": -31400000,
        "operatingIncomeRatio": -0.0527642413,
        "totalOtherIncomeExpensesNet": -4800000,
        "incomeBeforeTax": -36200000,
        "incomeBeforeTaxRatio": -0.0608301126,
        "incomeTaxExpense": -14900000,
        "netIncome": -21300000,
        "netIncomeRatio": -0.0357923038,
        "eps": -0.2,
        "epsdiluted": -0.2,
        "weightedAverageShsOut": 106840138,
        "weightedAverageShsOutDil": 109130435,
        "link": "https://www.sec.gov/Archives/edgar/data/60519/000089291798000021/0000892917-98-000021-index.html",
        "finalLink": "https://www.sec.gov/Archives/edgar/data/60519/"
    },
    {
        "date": "1997-09-30",
        "symbol": "LPX",
        "reportedCurrency": "USD",
        "cik": "0000060519",
        "fillingDate": "1997-11-14",
        "acceptedDate": "1997-11-14 00:00:00",
        "calendarYear": "1997",
        "period": "Q3",
        "revenue": 619500000,
        "costOfRevenue": 537600000,
        "grossProfit": 81900000,
        "grossProfitRatio": 0.1322033898,
        "researchAndDevelopmentExpenses": 0,
        "generalAndAdministrativeExpenses": 46200000,
        "sellingAndMarketingExpenses": 0,
        "sellingGeneralAndAdministrativeExpenses": 46200000,
        "otherExpenses": 49500000,
        "operatingExpenses": 95700000,
        "costAndExpenses": 633300000,
        "interestIncome": 0,
        "interestExpense": 0,
        "depreciationAndAmortization": 49500000,
        "ebitda": 35700000,
        "ebitdaratio": 0.0576271186,
        "operatingIncome": -13800000,
        "operatingIncomeRatio": -0.0222760291,
        "totalOtherIncomeExpensesNet": -161500000,
        "incomeBeforeTax": -175300000,
        "incomeBeforeTaxRatio": -0.2829701372,
        "incomeTaxExpense": -62900000,
        "netIncome": -112400000,
        "netIncomeRatio": -0.1814366425,
        "eps": -1.03,
        "epsdiluted": -1.03,
        "weightedAverageShsOut": 109126214,
        "weightedAverageShsOutDil": 109126214,
        "link": "https://www.sec.gov/Archives/edgar/data/60519/000089291797000154/0000892917-97-000154-index.html",
        "finalLink": "https://www.sec.gov/Archives/edgar/data/60519/"
    },
    {
        "date": "1997-06-30",
        "symbol": "LPX",
        "reportedCurrency": "USD",
        "cik": "0000060519",
        "fillingDate": "1997-08-14",
        "acceptedDate": "1997-08-14 00:00:00",
        "calendarYear": "1997",
        "period": "Q2",
        "revenue": 633300000,
        "costOfRevenue": 555100000,
        "grossProfit": 78200000,
        "grossProfitRatio": 0.1234801832,
        "researchAndDevelopmentExpenses": 0,
        "generalAndAdministrativeExpenses": 40300000,
        "sellingAndMarketingExpenses": 0,
        "sellingGeneralAndAdministrativeExpenses": 40300000,
        "otherExpenses": 46100000,
        "operatingExpenses": 86400000,
        "costAndExpenses": 641500000,
        "interestIncome": 0,
        "interestExpense": 0,
        "depreciationAndAmortization": 46100000,
        "ebitda": 37900000,
        "ebitdaratio": 0.059845255,
        "operatingIncome": -8200000,
        "operatingIncomeRatio": -0.0129480499,
        "totalOtherIncomeExpensesNet": -5300000,
        "incomeBeforeTax": -13500000,
        "incomeBeforeTaxRatio": -0.0213169114,
        "incomeTaxExpense": -3400000,
        "netIncome": -10100000,
        "netIncomeRatio": -0.0159482078,
        "eps": -0.1,
        "epsdiluted": -0.1,
        "weightedAverageShsOut": 101000000,
        "weightedAverageShsOutDil": 101000000,
        "link": "https://www.sec.gov/Archives/edgar/data/60519/000089291797000129/0000892917-97-000129-index.html",
        "finalLink": "https://www.sec.gov/Archives/edgar/data/60519/"
    },
    {
        "date": "1997-03-31",
        "symbol": "LPX",
        "reportedCurrency": "USD",
        "cik": "0000060519",
        "fillingDate": "1997-05-15",
        "acceptedDate": "1997-05-15 00:00:00",
        "calendarYear": "1997",
        "period": "Q1",
        "revenue": 554600000,
        "costOfRevenue": 510100000,
        "grossProfit": 44500000,
        "grossProfitRatio": 0.0802380094,
        "researchAndDevelopmentExpenses": 0,
        "generalAndAdministrativeExpenses": 38700000,
        "sellingAndMarketingExpenses": 0,
        "sellingGeneralAndAdministrativeExpenses": 38700000,
        "otherExpenses": 40900000,
        "operatingExpenses": 79600000,
        "costAndExpenses": 589700000,
        "interestIncome": 0,
        "interestExpense": 0,
        "depreciationAndAmortization": 40900000,
        "ebitda": 5800000,
        "ebitdaratio": 0.0104579877,
        "operatingIncome": -35100000,
        "operatingIncomeRatio": -0.0632888568,
        "totalOtherIncomeExpensesNet": 114700000,
        "incomeBeforeTax": 79600000,
        "incomeBeforeTaxRatio": 0.1435268662,
        "incomeTaxExpense": 37600000,
        "netIncome": 42000000,
        "netIncomeRatio": 0.075730256,
        "eps": 0.39,
        "epsdiluted": 0.39,
        "weightedAverageShsOut": 107692308,
        "weightedAverageShsOutDil": 107692308,
        "link": "https://www.sec.gov/Archives/edgar/data/60519/000089291797000094/0000892917-97-000094-index.html",
        "finalLink": "https://www.sec.gov/Archives/edgar/data/60519/"
    },
    {
        "date": "1996-12-31",
        "symbol": "LPX",
        "reportedCurrency": "USD",
        "cik": "0000060519",
        "fillingDate": "1997-03-31",
        "acceptedDate": "1997-03-31 00:00:00",
        "calendarYear": "1996",
        "period": "Q4",
        "revenue": 567300000,
        "costOfRevenue": 506500000,
        "grossProfit": 60800000,
        "grossProfitRatio": 0.1071743346,
        "researchAndDevelopmentExpenses": 0,
        "generalAndAdministrativeExpenses": 37300000,
        "sellingAndMarketingExpenses": 0,
        "sellingGeneralAndAdministrativeExpenses": 37300000,
        "otherExpenses": 44400000,
        "operatingExpenses": 81700000,
        "costAndExpenses": 588200000,
        "interestIncome": 0,
        "interestExpense": 0,
        "depreciationAndAmortization": 44400000,
        "ebitda": 23500000,
        "ebitdaratio": 0.0414242905,
        "operatingIncome": -20900000,
        "operatingIncomeRatio": -0.0368411775,
        "totalOtherIncomeExpensesNet": -2300000,
        "incomeBeforeTax": -23200000,
        "incomeBeforeTaxRatio": -0.0408954698,
        "incomeTaxExpense": -8500000,
        "netIncome": -14700000,
        "netIncomeRatio": -0.0259122158,
        "eps": -0.14,
        "epsdiluted": -0.14,
        "weightedAverageShsOut": 106761460,
        "weightedAverageShsOutDil": 107692308,
        "link": "https://www.sec.gov/Archives/edgar/data/60519/000089291797000069/0000892917-97-000069-index.html",
        "finalLink": "https://www.sec.gov/Archives/edgar/data/60519/"
    },
    {
        "date": "1996-09-30",
        "symbol": "LPX",
        "reportedCurrency": "USD",
        "cik": "0000060519",
        "fillingDate": "1996-11-14",
        "acceptedDate": "1996-11-14 00:00:00",
        "calendarYear": "1996",
        "period": "Q3",
        "revenue": 676300000,
        "costOfRevenue": 565300000,
        "grossProfit": 111000000,
        "grossProfitRatio": 0.1641283454,
        "researchAndDevelopmentExpenses": 0,
        "generalAndAdministrativeExpenses": 36700000,
        "sellingAndMarketingExpenses": 0,
        "sellingGeneralAndAdministrativeExpenses": 36700000,
        "otherExpenses": 52400000,
        "operatingExpenses": 89100000,
        "costAndExpenses": 654400000,
        "interestIncome": 0,
        "interestExpense": 0,
        "depreciationAndAmortization": 52400000,
        "ebitda": 74300000,
        "ebitdaratio": 0.1098624871,
        "operatingIncome": 21900000,
        "operatingIncomeRatio": 0.032382079,
        "totalOtherIncomeExpensesNet": -353500000,
        "incomeBeforeTax": -331600000,
        "incomeBeforeTaxRatio": -0.490314949,
        "incomeTaxExpense": -128200000,
        "netIncome": -203400000,
        "netIncomeRatio": -0.3007541032,
        "eps": -1.89,
        "epsdiluted": -1.89,
        "weightedAverageShsOut": 107619048,
        "weightedAverageShsOutDil": 107619048,
        "link": "https://www.sec.gov/Archives/edgar/data/60519/000089291796000269/0000892917-96-000269-index.html",
        "finalLink": "https://www.sec.gov/Archives/edgar/data/60519/"
    },
    {
        "date": "1996-06-30",
        "symbol": "LPX",
        "reportedCurrency": "USD",
        "cik": "0000060519",
        "fillingDate": "1996-08-14",
        "acceptedDate": "1996-08-14 00:00:00",
        "calendarYear": "1996",
        "period": "Q2",
        "revenue": 658300000,
        "costOfRevenue": 540900000,
        "grossProfit": 117400000,
        "grossProfitRatio": 0.1783381437,
        "researchAndDevelopmentExpenses": 0,
        "generalAndAdministrativeExpenses": 30500000,
        "sellingAndMarketingExpenses": 0,
        "sellingGeneralAndAdministrativeExpenses": 30500000,
        "otherExpenses": 51900000,
        "operatingExpenses": 82400000,
        "costAndExpenses": 623300000,
        "interestIncome": 0,
        "interestExpense": 0,
        "depreciationAndAmortization": 51900000,
        "ebitda": 86900000,
        "ebitdaratio": 0.1320066839,
        "operatingIncome": 35000000,
        "operatingIncomeRatio": 0.053167249,
        "totalOtherIncomeExpensesNet": -1000000,
        "incomeBeforeTax": 34000000,
        "incomeBeforeTaxRatio": 0.0516481847,
        "incomeTaxExpense": 13000000,
        "netIncome": 21000000,
        "netIncomeRatio": 0.0319003494,
        "eps": 0.19,
        "epsdiluted": 0.19,
        "weightedAverageShsOut": 110526316,
        "weightedAverageShsOutDil": 110526316,
        "link": "https://www.sec.gov/Archives/edgar/data/60519/000089291796000233/0000892917-96-000233-index.html",
        "finalLink": "https://www.sec.gov/Archives/edgar/data/60519/"
    },
    {
        "date": "1996-03-31",
        "symbol": "LPX",
        "reportedCurrency": "USD",
        "cik": "0000060519",
        "fillingDate": "1996-05-15",
        "acceptedDate": "1996-05-15 00:00:00",
        "calendarYear": "1996",
        "period": "Q1",
        "revenue": 584100000,
        "costOfRevenue": 510800000,
        "grossProfit": 73300000,
        "grossProfitRatio": 0.1254922102,
        "researchAndDevelopmentExpenses": 0,
        "generalAndAdministrativeExpenses": 35200000,
        "sellingAndMarketingExpenses": 0,
        "sellingGeneralAndAdministrativeExpenses": 35200000,
        "otherExpenses": 43100000,
        "operatingExpenses": 78300000,
        "costAndExpenses": 589100000,
        "interestIncome": 0,
        "interestExpense": 0,
        "depreciationAndAmortization": 43100000,
        "ebitda": 38100000,
        "ebitdaratio": 0.0652285568,
        "operatingIncome": -5000000,
        "operatingIncomeRatio": -0.0085601781,
        "totalOtherIncomeExpensesNet": -500000,
        "incomeBeforeTax": -5500000,
        "incomeBeforeTaxRatio": -0.0094161959,
        "incomeTaxExpense": -1900000,
        "netIncome": -3600000,
        "netIncomeRatio": -0.0061633282,
        "eps": -0.03,
        "epsdiluted": -0.03,
        "weightedAverageShsOut": 120000000,
        "weightedAverageShsOutDil": 120000000,
        "link": "https://www.sec.gov/Archives/edgar/data/60519/000089291796000082/0000892917-96-000082-index.html",
        "finalLink": "https://www.sec.gov/Archives/edgar/data/60519/"
    },
    {
        "date": "1995-12-31",
        "symbol": "LPX",
        "reportedCurrency": "USD",
        "cik": "0000060519",
        "fillingDate": "1996-03-29",
        "acceptedDate": "1996-03-29 00:00:00",
        "calendarYear": "1995",
        "period": "Q4",
        "revenue": 670300000,
        "costOfRevenue": 540700000,
        "grossProfit": 129600000,
        "grossProfitRatio": 0.1933462629,
        "researchAndDevelopmentExpenses": 0,
        "generalAndAdministrativeExpenses": 36000000,
        "sellingAndMarketingExpenses": 0,
        "sellingGeneralAndAdministrativeExpenses": 36000000,
        "otherExpenses": 51800000,
        "operatingExpenses": 87800000,
        "costAndExpenses": 628500000,
        "interestIncome": 0,
        "interestExpense": 0,
        "depreciationAndAmortization": 51800000,
        "ebitda": 93600000,
        "ebitdaratio": 0.1396389676,
        "operatingIncome": 41800000,
        "operatingIncomeRatio": 0.0623601373,
        "totalOtherIncomeExpensesNet": 800000,
        "incomeBeforeTax": 42600000,
        "incomeBeforeTaxRatio": 0.0635536327,
        "incomeTaxExpense": 15800000,
        "netIncome": 26800000,
        "netIncomeRatio": 0.0399820976,
        "eps": 0.22,
        "epsdiluted": 0.22,
        "weightedAverageShsOut": 120000000,
        "weightedAverageShsOutDil": 120000000,
        "link": "https://www.sec.gov/Archives/edgar/data/60519/000089291796000052/0000892917-96-000052-index.html",
        "finalLink": "https://www.sec.gov/Archives/edgar/data/60519/"
    },
    {
        "date": "1995-09-30",
        "symbol": "LPX",
        "reportedCurrency": "USD",
        "cik": "0000060519",
        "fillingDate": "1995-11-06",
        "acceptedDate": "1995-11-06 00:00:00",
        "calendarYear": "1995",
        "period": "Q3",
        "revenue": 776800000,
        "costOfRevenue": 590800000,
        "grossProfit": 186000000,
        "grossProfitRatio": 0.2394438723,
        "researchAndDevelopmentExpenses": 0,
        "generalAndAdministrativeExpenses": 29100000,
        "sellingAndMarketingExpenses": 0,
        "sellingGeneralAndAdministrativeExpenses": 29100000,
        "otherExpenses": 57900000,
        "operatingExpenses": 87000000,
        "costAndExpenses": 677800000,
        "interestIncome": 0,
        "interestExpense": 0,
        "depreciationAndAmortization": 57900000,
        "ebitda": 156900000,
        "ebitdaratio": 0.2019824923,
        "operatingIncome": 99000000,
        "operatingIncomeRatio": 0.127445932,
        "totalOtherIncomeExpensesNet": -366700000,
        "incomeBeforeTax": -267700000,
        "incomeBeforeTaxRatio": -0.3446189495,
        "incomeTaxExpense": -108600000,
        "netIncome": -159100000,
        "netIncomeRatio": -0.2048146241,
        "eps": -1.48,
        "epsdiluted": -1.48,
        "weightedAverageShsOut": 107500000,
        "weightedAverageShsOutDil": 107500000,
        "link": "https://www.sec.gov/Archives/edgar/data/60519/000089291795000219/0000892917-95-000219-index.html",
        "finalLink": "https://www.sec.gov/Archives/edgar/data/60519/"
    },
    {
        "date": "1995-06-30",
        "symbol": "LPX",
        "reportedCurrency": "USD",
        "cik": "0000060519",
        "fillingDate": "1995-08-10",
        "acceptedDate": "1995-08-10 00:00:00",
        "calendarYear": "1995",
        "period": "Q2",
        "revenue": 709300000,
        "costOfRevenue": 593200000,
        "grossProfit": 116100000,
        "grossProfitRatio": 0.1636825039,
        "researchAndDevelopmentExpenses": 0,
        "generalAndAdministrativeExpenses": 26600000,
        "sellingAndMarketingExpenses": 0,
        "sellingGeneralAndAdministrativeExpenses": 26600000,
        "otherExpenses": 47900000,
        "operatingExpenses": 74500000,
        "costAndExpenses": 667700000,
        "interestIncome": 0,
        "interestExpense": 0,
        "depreciationAndAmortization": 47900000,
        "ebitda": 89500000,
        "ebitdaratio": 0.1261807416,
        "operatingIncome": 41600000,
        "operatingIncomeRatio": 0.0586493726,
        "totalOtherIncomeExpensesNet": -400000,
        "incomeBeforeTax": 41200000,
        "incomeBeforeTaxRatio": 0.0580854363,
        "incomeTaxExpense": 14900000,
        "netIncome": 26300000,
        "netIncomeRatio": 0.0370788101,
        "eps": 0.25,
        "epsdiluted": 0.25,
        "weightedAverageShsOut": 105200000,
        "weightedAverageShsOutDil": 105200000,
        "link": "https://www.sec.gov/Archives/edgar/data/60519/000089291795000176/0000892917-95-000176-index.html",
        "finalLink": "https://www.sec.gov/Archives/edgar/data/60519/"
    },
    {
        "date": "1995-03-31",
        "symbol": "LPX",
        "reportedCurrency": "USD",
        "cik": "0000060519",
        "fillingDate": "1995-05-15",
        "acceptedDate": "1995-05-15 00:00:00",
        "calendarYear": "1995",
        "period": "Q1",
        "revenue": 686800000,
        "costOfRevenue": 525600000,
        "grossProfit": 161200000,
        "grossProfitRatio": 0.2347117065,
        "researchAndDevelopmentExpenses": 0,
        "generalAndAdministrativeExpenses": 29700000,
        "sellingAndMarketingExpenses": 0,
        "sellingGeneralAndAdministrativeExpenses": 29700000,
        "otherExpenses": 45000000,
        "operatingExpenses": 74700000,
        "costAndExpenses": 600300000,
        "interestIncome": 0,
        "interestExpense": 0,
        "depreciationAndAmortization": 45000000,
        "ebitda": 131500000,
        "ebitdaratio": 0.1914676762,
        "operatingIncome": 86500000,
        "operatingIncomeRatio": 0.1259464182,
        "totalOtherIncomeExpensesNet": -100000,
        "incomeBeforeTax": 86400000,
        "incomeBeforeTaxRatio": 0.1258008154,
        "incomeTaxExpense": 32100000,
        "netIncome": 54300000,
        "netIncomeRatio": 0.079062318,
        "eps": 0.5,
        "epsdiluted": 0.5,
        "weightedAverageShsOut": 108600000,
        "weightedAverageShsOutDil": 108600000,
        "link": "https://www.sec.gov/Archives/edgar/data/60519/000089291795000107/0000892917-95-000107-index.html",
        "finalLink": "https://www.sec.gov/Archives/edgar/data/60519/"
    },
    {
        "date": "1994-12-31",
        "symbol": "LPX",
        "reportedCurrency": "USD",
        "cik": "0000060519",
        "fillingDate": "1995-03-31",
        "acceptedDate": "1995-03-31 00:00:00",
        "calendarYear": "1994",
        "period": "Q4",
        "revenue": 748400000,
        "costOfRevenue": 536200000,
        "grossProfit": 212200000,
        "grossProfitRatio": 0.2835382149,
        "researchAndDevelopmentExpenses": 0,
        "generalAndAdministrativeExpenses": 33200000,
        "sellingAndMarketingExpenses": 0,
        "sellingGeneralAndAdministrativeExpenses": 33200000,
        "otherExpenses": 48800000,
        "operatingExpenses": 82000000,
        "costAndExpenses": 618200000,
        "interestIncome": 0,
        "interestExpense": 0,
        "depreciationAndAmortization": 48800000,
        "ebitda": 179000000,
        "ebitdaratio": 0.2391769107,
        "operatingIncome": 130200000,
        "operatingIncomeRatio": 0.1739711384,
        "totalOtherIncomeExpensesNet": 1900000,
        "incomeBeforeTax": 132100000,
        "incomeBeforeTaxRatio": 0.1765098878,
        "incomeTaxExpense": 47400000,
        "netIncome": 84700000,
        "netIncomeRatio": 0.1131747728,
        "eps": 0.78,
        "epsdiluted": 0.78,
        "weightedAverageShsOut": 108600000,
        "weightedAverageShsOutDil": 108600000,
        "link": "https://www.sec.gov/Archives/edgar/data/60519/000089291795000074/0000892917-95-000074-index.html",
        "finalLink": "https://www.sec.gov/Archives/edgar/data/60519/"
    },
    {
        "date": "1994-09-30",
        "symbol": "LPX",
        "reportedCurrency": "USD",
        "cik": "0000060519",
        "fillingDate": "1994-11-14",
        "acceptedDate": "1994-11-14 00:00:00",
        "calendarYear": "1994",
        "period": "Q3",
        "revenue": 818400000,
        "costOfRevenue": 576600000,
        "grossProfit": 241800000,
        "grossProfitRatio": 0.2954545455,
        "researchAndDevelopmentExpenses": 0,
        "generalAndAdministrativeExpenses": 33800000,
        "sellingAndMarketingExpenses": 0,
        "sellingGeneralAndAdministrativeExpenses": 33800000,
        "otherExpenses": 52900000,
        "operatingExpenses": 86700000,
        "costAndExpenses": 663300000,
        "interestIncome": 0,
        "interestExpense": 0,
        "depreciationAndAmortization": 52900000,
        "ebitda": 208000000,
        "ebitdaratio": 0.2541544477,
        "operatingIncome": 155100000,
        "operatingIncomeRatio": 0.189516129,
        "totalOtherIncomeExpensesNet": -1000000,
        "incomeBeforeTax": 154100000,
        "incomeBeforeTaxRatio": 0.1882942326,
        "incomeTaxExpense": 59000000,
        "netIncome": 95100000,
        "netIncomeRatio": 0.116202346,
        "eps": 0.86,
        "epsdiluted": 0.86,
        "weightedAverageShsOut": 110581395,
        "weightedAverageShsOutDil": 110581395,
        "link": "https://www.sec.gov/Archives/edgar/data/60519/000089291794000121/0000892917-94-000121-index.html",
        "finalLink": "https://www.sec.gov/Archives/edgar/data/60519/"
    },
    {
        "date": "1994-06-30",
        "symbol": "LPX",
        "reportedCurrency": "USD",
        "cik": "0000060519",
        "fillingDate": "1994-08-10",
        "acceptedDate": "1994-08-10 00:00:00",
        "calendarYear": "1994",
        "period": "Q2",
        "revenue": 774700000,
        "costOfRevenue": 558900000,
        "grossProfit": 215800000,
        "grossProfitRatio": 0.2785594424,
        "researchAndDevelopmentExpenses": 0,
        "generalAndAdministrativeExpenses": 33200000,
        "sellingAndMarketingExpenses": 0,
        "sellingGeneralAndAdministrativeExpenses": 33200000,
        "otherExpenses": 51000000,
        "operatingExpenses": 84200000,
        "costAndExpenses": 643100000,
        "interestIncome": 0,
        "interestExpense": 0,
        "depreciationAndAmortization": 51000000,
        "ebitda": 182600000,
        "ebitdaratio": 0.2357041435,
        "operatingIncome": 131600000,
        "operatingIncomeRatio": 0.1698722086,
        "totalOtherIncomeExpensesNet": -600000,
        "incomeBeforeTax": 131000000,
        "incomeBeforeTaxRatio": 0.1690977152,
        "incomeTaxExpense": 49100000,
        "netIncome": 81900000,
        "netIncomeRatio": 0.1057183426,
        "eps": 0.75,
        "epsdiluted": 0.75,
        "weightedAverageShsOut": 109200000,
        "weightedAverageShsOutDil": 109200000,
        "link": "https://www.sec.gov/Archives/edgar/data/60519/000089291794000080/0000892917-94-000080-index.html",
        "finalLink": "https://www.sec.gov/Archives/edgar/data/60519/"
    },
    {
        "date": "1994-03-31",
        "symbol": "LPX",
        "reportedCurrency": "USD",
        "cik": "0000060519",
        "fillingDate": "1994-05-13",
        "acceptedDate": "1994-05-13 00:00:00",
        "calendarYear": "1994",
        "period": "Q1",
        "revenue": 698000000,
        "costOfRevenue": 486700000,
        "grossProfit": 211300000,
        "grossProfitRatio": 0.302722063,
        "researchAndDevelopmentExpenses": 0,
        "generalAndAdministrativeExpenses": 27500000,
        "sellingAndMarketingExpenses": 0,
        "sellingGeneralAndAdministrativeExpenses": 27500000,
        "otherExpenses": 44600000,
        "operatingExpenses": 72100000,
        "costAndExpenses": 558800000,
        "interestIncome": 0,
        "interestExpense": 0,
        "depreciationAndAmortization": 44600000,
        "ebitda": 183800000,
        "ebitdaratio": 0.2633237822,
        "operatingIncome": 139200000,
        "operatingIncomeRatio": 0.1994269341,
        "totalOtherIncomeExpensesNet": -700000,
        "incomeBeforeTax": 138500000,
        "incomeBeforeTaxRatio": 0.1984240688,
        "incomeTaxExpense": 53300000,
        "netIncome": 85200000,
        "netIncomeRatio": 0.1220630372,
        "eps": 0.77,
        "epsdiluted": 0.77,
        "weightedAverageShsOut": 110649351,
        "weightedAverageShsOutDil": 110649351,
        "link": "https://www.sec.gov/Archives/edgar/data/60519/000089291794000061/0000892917-94-000061-index.html",
        "finalLink": "https://www.sec.gov/Archives/edgar/data/60519/"
    },
    {
        "date": "1993-12-31",
        "symbol": "LPX",
        "reportedCurrency": "USD",
        "cik": "0000060519",
        "fillingDate": "1994-03-30",
        "acceptedDate": "1994-03-30 00:00:00",
        "calendarYear": "1993",
        "period": "Q4",
        "revenue": 636100000,
        "costOfRevenue": 408400000,
        "grossProfit": 227700000,
        "grossProfitRatio": 0.3579625845,
        "researchAndDevelopmentExpenses": 0,
        "generalAndAdministrativeExpenses": 0,
        "sellingAndMarketingExpenses": 0,
        "sellingGeneralAndAdministrativeExpenses": 80100000,
        "otherExpenses": 48400000,
        "operatingExpenses": 128500000,
        "costAndExpenses": 536900000,
        "interestIncome": 0,
        "interestExpense": 0,
        "depreciationAndAmortization": 48400000,
        "ebitda": 147600000,
        "ebitdaratio": 0.2320389876,
        "operatingIncome": 99200000,
        "operatingIncomeRatio": 0.1559503223,
        "totalOtherIncomeExpensesNet": -900000,
        "incomeBeforeTax": 98300000,
        "incomeBeforeTaxRatio": 0.1545354504,
        "incomeTaxExpense": 38800000,
        "netIncome": 59500000,
        "netIncomeRatio": 0.0935387518,
        "eps": 0.54,
        "epsdiluted": 0.54,
        "weightedAverageShsOut": 109210526,
        "weightedAverageShsOutDil": 109210526,
        "link": "https://www.sec.gov/Archives/edgar/data/60519/000089291794000038/0000892917-94-000038-index.html",
        "finalLink": "https://www.sec.gov/Archives/edgar/data/60519/"
    },
    {
        "date": "1993-09-30",
        "symbol": "LPX",
        "reportedCurrency": "USD",
        "cik": "0000060519",
        "fillingDate": "1993-09-30",
        "acceptedDate": "1993-09-29 20:00:00",
        "calendarYear": "1993",
        "period": "Q3",
        "revenue": 629400000,
        "costOfRevenue": 462600000,
        "grossProfit": 166800000,
        "grossProfitRatio": 0.2650142993,
        "researchAndDevelopmentExpenses": 0,
        "generalAndAdministrativeExpenses": 0,
        "sellingAndMarketingExpenses": 0,
        "sellingGeneralAndAdministrativeExpenses": 29900000,
        "otherExpenses": 51500000,
        "operatingExpenses": 81400000,
        "costAndExpenses": 544000000,
        "interestIncome": 0,
        "interestExpense": 0,
        "depreciationAndAmortization": 51500000,
        "ebitda": 136900000,
        "ebitdaratio": 0.2175087385,
        "operatingIncome": 85400000,
        "operatingIncomeRatio": 0.1356847792,
        "totalOtherIncomeExpensesNet": -1100000,
        "incomeBeforeTax": 84300000,
        "incomeBeforeTaxRatio": 0.1339370829,
        "incomeTaxExpense": 42800000,
        "netIncome": 41500000,
        "netIncomeRatio": 0.0659358119,
        "eps": 0.38,
        "epsdiluted": 0.38,
        "weightedAverageShsOut": 109210526,
        "weightedAverageShsOutDil": 109210526,
        "link": "",
        "finalLink": ""
    },
    {
        "date": "1993-06-30",
        "symbol": "LPX",
        "reportedCurrency": "USD",
        "cik": "0000060519",
        "fillingDate": "1993-06-30",
        "acceptedDate": "1993-06-29 20:00:00",
        "calendarYear": "1993",
        "period": "Q2",
        "revenue": 596600000,
        "costOfRevenue": 421400000,
        "grossProfit": 175200000,
        "grossProfitRatio": 0.2936640965,
        "researchAndDevelopmentExpenses": 0,
        "generalAndAdministrativeExpenses": 0,
        "sellingAndMarketingExpenses": 0,
        "sellingGeneralAndAdministrativeExpenses": 25800000,
        "otherExpenses": 43600000,
        "operatingExpenses": 69400000,
        "costAndExpenses": 490800000,
        "interestIncome": 0,
        "interestExpense": 0,
        "depreciationAndAmortization": 43600000,
        "ebitda": 149400000,
        "ebitdaratio": 0.2504190412,
        "operatingIncome": 105800000,
        "operatingIncomeRatio": 0.1773382501,
        "totalOtherIncomeExpensesNet": -1100000,
        "incomeBeforeTax": 104700000,
        "incomeBeforeTaxRatio": 0.1754944687,
        "incomeTaxExpense": 39000000,
        "netIncome": 65700000,
        "netIncomeRatio": 0.1101240362,
        "eps": 0.6,
        "epsdiluted": 0.6,
        "weightedAverageShsOut": 109500000,
        "weightedAverageShsOutDil": 109500000,
        "link": "",
        "finalLink": ""
    },
    {
        "date": "1993-03-31",
        "symbol": "LPX",
        "reportedCurrency": "USD",
        "cik": "0000060519",
        "fillingDate": "1993-03-31",
        "acceptedDate": "1993-03-30 19:00:00",
        "calendarYear": "1993",
        "period": "Q1",
        "revenue": 649200000,
        "costOfRevenue": 437200000,
        "grossProfit": 212000000,
        "grossProfitRatio": 0.3265557609,
        "researchAndDevelopmentExpenses": 0,
        "generalAndAdministrativeExpenses": 0,
        "sellingAndMarketingExpenses": 0,
        "sellingGeneralAndAdministrativeExpenses": 30100000,
        "otherExpenses": 39700000,
        "operatingExpenses": 69800000,
        "costAndExpenses": 507000000,
        "interestIncome": 0,
        "interestExpense": 0,
        "depreciationAndAmortization": 39700000,
        "ebitda": 181900000,
        "ebitdaratio": 0.2801910043,
        "operatingIncome": 142200000,
        "operatingIncomeRatio": 0.219038817,
        "totalOtherIncomeExpensesNet": -1900000,
        "incomeBeforeTax": 140300000,
        "incomeBeforeTaxRatio": 0.216112138,
        "incomeTaxExpense": 52600000,
        "netIncome": 77300000,
        "netIncomeRatio": 0.1190696242,
        "eps": 0.7,
        "epsdiluted": 0.7,
        "weightedAverageShsOut": 110428571,
        "weightedAverageShsOutDil": 110428571,
        "link": "",
        "finalLink": ""
    },
    {
        "date": "1992-12-31",
        "symbol": "LPX",
        "reportedCurrency": "USD",
        "cik": "0000060519",
        "fillingDate": "1992-12-31",
        "acceptedDate": "1992-12-30 19:00:00",
        "calendarYear": "1992",
        "period": "Q4",
        "revenue": 528700000,
        "costOfRevenue": 391700000,
        "grossProfit": 137000000,
        "grossProfitRatio": 0.2591261585,
        "researchAndDevelopmentExpenses": 0,
        "generalAndAdministrativeExpenses": 0,
        "sellingAndMarketingExpenses": 0,
        "sellingGeneralAndAdministrativeExpenses": 29100000,
        "otherExpenses": 41500000,
        "operatingExpenses": 70600000,
        "costAndExpenses": 462300000,
        "interestIncome": 0,
        "interestExpense": 0,
        "depreciationAndAmortization": 41500000,
        "ebitda": 107900000,
        "ebitdaratio": 0.2040854927,
        "operatingIncome": 66400000,
        "operatingIncomeRatio": 0.1255910724,
        "totalOtherIncomeExpensesNet": -2400000,
        "incomeBeforeTax": 64000000,
        "incomeBeforeTaxRatio": 0.1210516361,
        "incomeTaxExpense": 22900000,
        "netIncome": 41100000,
        "netIncomeRatio": 0.0777378476,
        "eps": 0.38,
        "epsdiluted": 0.38,
        "weightedAverageShsOut": 107115385,
        "weightedAverageShsOutDil": 107115385,
        "link": "",
        "finalLink": ""
    },
    {
        "date": "1992-09-30",
        "symbol": "LPX",
        "reportedCurrency": "USD",
        "cik": "0000060519",
        "fillingDate": "1992-09-30",
        "acceptedDate": "1992-09-29 20:00:00",
        "calendarYear": "1992",
        "period": "Q3",
        "revenue": 641400000,
        "costOfRevenue": 470000000,
        "grossProfit": 171400000,
        "grossProfitRatio": 0.2672279389,
        "researchAndDevelopmentExpenses": 0,
        "generalAndAdministrativeExpenses": 0,
        "sellingAndMarketingExpenses": 0,
        "sellingGeneralAndAdministrativeExpenses": 28500000,
        "otherExpenses": 46400000,
        "operatingExpenses": 74900000,
        "costAndExpenses": 544900000,
        "interestIncome": 0,
        "interestExpense": 0,
        "depreciationAndAmortization": 46400000,
        "ebitda": 142900000,
        "ebitdaratio": 0.2227938884,
        "operatingIncome": 96500000,
        "operatingIncomeRatio": 0.150452136,
        "totalOtherIncomeExpensesNet": -3800000,
        "incomeBeforeTax": 92700000,
        "incomeBeforeTaxRatio": 0.1445275959,
        "incomeTaxExpense": 37000000,
        "netIncome": 55700000,
        "netIncomeRatio": 0.0868412847,
        "eps": 0.52,
        "epsdiluted": 0.52,
        "weightedAverageShsOut": 107115385,
        "weightedAverageShsOutDil": 107115385,
        "link": "",
        "finalLink": ""
    },
    {
        "date": "1992-06-30",
        "symbol": "LPX",
        "reportedCurrency": "USD",
        "cik": "0000060519",
        "fillingDate": "1992-06-30",
        "acceptedDate": "1992-06-29 20:00:00",
        "calendarYear": "1992",
        "period": "Q2",
        "revenue": 539100000,
        "costOfRevenue": 398700000,
        "grossProfit": 140400000,
        "grossProfitRatio": 0.2604340568,
        "researchAndDevelopmentExpenses": 0,
        "generalAndAdministrativeExpenses": 0,
        "sellingAndMarketingExpenses": 0,
        "sellingGeneralAndAdministrativeExpenses": 25500000,
        "otherExpenses": 40500000,
        "operatingExpenses": 66000000,
        "costAndExpenses": 464700000,
        "interestIncome": 0,
        "interestExpense": 0,
        "depreciationAndAmortization": 40500000,
        "ebitda": 114900000,
        "ebitdaratio": 0.2131329994,
        "operatingIncome": 74400000,
        "operatingIncomeRatio": 0.1380077908,
        "totalOtherIncomeExpensesNet": -4800000,
        "incomeBeforeTax": 69600000,
        "incomeBeforeTaxRatio": 0.1291040623,
        "incomeTaxExpense": 25500000,
        "netIncome": 44100000,
        "netIncomeRatio": 0.081803005,
        "eps": 0.41,
        "epsdiluted": 0.41,
        "weightedAverageShsOut": 107560976,
        "weightedAverageShsOutDil": 107560976,
        "link": "",
        "finalLink": ""
    },
    {
        "date": "1992-03-31",
        "symbol": "LPX",
        "reportedCurrency": "USD",
        "cik": "0000060519",
        "fillingDate": "1992-03-31",
        "acceptedDate": "1992-03-30 19:00:00",
        "calendarYear": "1992",
        "period": "Q1",
        "revenue": 475500000,
        "costOfRevenue": 360200000,
        "grossProfit": 115300000,
        "grossProfitRatio": 0.2424815983,
        "researchAndDevelopmentExpenses": 0,
        "generalAndAdministrativeExpenses": 0,
        "sellingAndMarketingExpenses": 0,
        "sellingGeneralAndAdministrativeExpenses": 20600000,
        "otherExpenses": 34600000,
        "operatingExpenses": 55200000,
        "costAndExpenses": 415400000,
        "interestIncome": 0,
        "interestExpense": 0,
        "depreciationAndAmortization": 34600000,
        "ebitda": 94700000,
        "ebitdaratio": 0.1991587802,
        "operatingIncome": 60100000,
        "operatingIncomeRatio": 0.1263932702,
        "totalOtherIncomeExpensesNet": -3400000,
        "incomeBeforeTax": 56700000,
        "incomeBeforeTaxRatio": 0.1192429022,
        "incomeTaxExpense": 20700000,
        "netIncome": 36000000,
        "netIncomeRatio": 0.0757097792,
        "eps": 0.34,
        "epsdiluted": 0.34,
        "weightedAverageShsOut": 105882353,
        "weightedAverageShsOutDil": 105882353,
        "link": "",
        "finalLink": ""
    },
    {
        "date": "1991-12-31",
        "symbol": "LPX",
        "reportedCurrency": "USD",
        "cik": "0000060519",
        "fillingDate": "1991-12-31",
        "acceptedDate": "1991-12-30 19:00:00",
        "calendarYear": "1991",
        "period": "Q4",
        "revenue": 405200000,
        "costOfRevenue": 328400000,
        "grossProfit": 76800000,
        "grossProfitRatio": 0.1895360316,
        "researchAndDevelopmentExpenses": 0,
        "generalAndAdministrativeExpenses": 0,
        "sellingAndMarketingExpenses": 0,
        "sellingGeneralAndAdministrativeExpenses": 18700000,
        "otherExpenses": 40300000,
        "operatingExpenses": 59000000,
        "costAndExpenses": 387400000,
        "interestIncome": 0,
        "interestExpense": 0,
        "depreciationAndAmortization": 40300000,
        "ebitda": 58100000,
        "ebitdaratio": 0.1433859822,
        "operatingIncome": 17800000,
        "operatingIncomeRatio": 0.043928924,
        "totalOtherIncomeExpensesNet": -4000000,
        "incomeBeforeTax": 13800000,
        "incomeBeforeTaxRatio": 0.0340572557,
        "incomeTaxExpense": 5000000,
        "netIncome": 8800000,
        "netIncomeRatio": 0.0217176703,
        "eps": 0.083,
        "epsdiluted": 0.083,
        "weightedAverageShsOut": 106000000,
        "weightedAverageShsOutDil": 106000000,
        "link": "",
        "finalLink": ""
    },
    {
        "date": "1991-09-30",
        "symbol": "LPX",
        "reportedCurrency": "USD",
        "cik": "0000060519",
        "fillingDate": "1991-09-30",
        "acceptedDate": "1991-09-29 20:00:00",
        "calendarYear": "1991",
        "period": "Q3",
        "revenue": 449500000,
        "costOfRevenue": 341200000,
        "grossProfit": 108300000,
        "grossProfitRatio": 0.2409343715,
        "researchAndDevelopmentExpenses": 0,
        "generalAndAdministrativeExpenses": 0,
        "sellingAndMarketingExpenses": 0,
        "sellingGeneralAndAdministrativeExpenses": 19700000,
        "otherExpenses": 42200000,
        "operatingExpenses": 61900000,
        "costAndExpenses": 403100000,
        "interestIncome": 0,
        "interestExpense": 0,
        "depreciationAndAmortization": 42200000,
        "ebitda": 88600000,
        "ebitdaratio": 0.1971078977,
        "operatingIncome": 46400000,
        "operatingIncomeRatio": 0.1032258065,
        "totalOtherIncomeExpensesNet": -4000000,
        "incomeBeforeTax": 42400000,
        "incomeBeforeTaxRatio": 0.09432703,
        "incomeTaxExpense": 15900000,
        "netIncome": 26500000,
        "netIncomeRatio": 0.0589543938,
        "eps": 0.25,
        "epsdiluted": 0.25,
        "weightedAverageShsOut": 106000000,
        "weightedAverageShsOutDil": 106000000,
        "link": "",
        "finalLink": ""
    },
    {
        "date": "1991-06-30",
        "symbol": "LPX",
        "reportedCurrency": "USD",
        "cik": "0000060519",
        "fillingDate": "1991-06-30",
        "acceptedDate": "1991-06-29 20:00:00",
        "calendarYear": "1991",
        "period": "Q2",
        "revenue": 485000000,
        "costOfRevenue": 377000000,
        "grossProfit": 108000000,
        "grossProfitRatio": 0.2226804124,
        "researchAndDevelopmentExpenses": 0,
        "generalAndAdministrativeExpenses": 0,
        "sellingAndMarketingExpenses": 0,
        "sellingGeneralAndAdministrativeExpenses": 21900000,
        "otherExpenses": 36700000,
        "operatingExpenses": 58600000,
        "costAndExpenses": 435600000,
        "interestIncome": 0,
        "interestExpense": 0,
        "depreciationAndAmortization": 36700000,
        "ebitda": 86100000,
        "ebitdaratio": 0.1775257732,
        "operatingIncome": 49400000,
        "operatingIncomeRatio": 0.1018556701,
        "totalOtherIncomeExpensesNet": -5200000,
        "incomeBeforeTax": 44200000,
        "incomeBeforeTaxRatio": 0.0911340206,
        "incomeTaxExpense": 15000000,
        "netIncome": 29200000,
        "netIncomeRatio": 0.0602061856,
        "eps": 0.27,
        "epsdiluted": 0.27,
        "weightedAverageShsOut": 108148148,
        "weightedAverageShsOutDil": 108148148,
        "link": "",
        "finalLink": ""
    },
    {
        "date": "1991-03-31",
        "symbol": "LPX",
        "reportedCurrency": "USD",
        "cik": "0000060519",
        "fillingDate": "1991-03-31",
        "acceptedDate": "1991-03-30 19:00:00",
        "calendarYear": "1991",
        "period": "Q1",
        "revenue": 362400000,
        "costOfRevenue": 319700000,
        "grossProfit": 42700000,
        "grossProfitRatio": 0.1178256071,
        "researchAndDevelopmentExpenses": 0,
        "generalAndAdministrativeExpenses": 0,
        "sellingAndMarketingExpenses": 0,
        "sellingGeneralAndAdministrativeExpenses": 19400000,
        "otherExpenses": 30600000,
        "operatingExpenses": 50000000,
        "costAndExpenses": 369700000,
        "interestIncome": 0,
        "interestExpense": 0,
        "depreciationAndAmortization": 30600000,
        "ebitda": 23300000,
        "ebitdaratio": 0.0642935982,
        "operatingIncome": -7300000,
        "operatingIncomeRatio": -0.0201434879,
        "totalOtherIncomeExpensesNet": -5700000,
        "incomeBeforeTax": -13000000,
        "incomeBeforeTaxRatio": -0.0358719647,
        "incomeTaxExpense": -4400000,
        "netIncome": -8600000,
        "netIncomeRatio": -0.0237306843,
        "eps": -0.08,
        "epsdiluted": -0.08,
        "weightedAverageShsOut": 107500000,
        "weightedAverageShsOutDil": 107500000,
        "link": "",
        "finalLink": ""
    },
    {
        "date": "1990-12-31",
        "symbol": "LPX",
        "reportedCurrency": "USD",
        "cik": "0000060519",
        "fillingDate": "1990-12-31",
        "acceptedDate": "1990-12-30 19:00:00",
        "calendarYear": "1990",
        "period": "Q4",
        "revenue": 366100000,
        "costOfRevenue": 315500000,
        "grossProfit": 50600000,
        "grossProfitRatio": 0.1382136028,
        "researchAndDevelopmentExpenses": 0,
        "generalAndAdministrativeExpenses": 0,
        "sellingAndMarketingExpenses": 0,
        "sellingGeneralAndAdministrativeExpenses": 17100000,
        "otherExpenses": 36700000,
        "operatingExpenses": 53800000,
        "costAndExpenses": 369300000,
        "interestIncome": 0,
        "interestExpense": 0,
        "depreciationAndAmortization": 36700000,
        "ebitda": 33500000,
        "ebitdaratio": 0.0915050533,
        "operatingIncome": -3200000,
        "operatingIncomeRatio": -0.0087407812,
        "totalOtherIncomeExpensesNet": -2700000,
        "incomeBeforeTax": -5900000,
        "incomeBeforeTaxRatio": -0.0161158154,
        "incomeTaxExpense": -2000000,
        "netIncome": -3900000,
        "netIncomeRatio": -0.0106528271,
        "eps": -0.0357,
        "epsdiluted": -0.035,
        "weightedAverageShsOut": 109096126,
        "weightedAverageShsOutDil": 111578947,
        "link": "",
        "finalLink": ""
    },
    {
        "date": "1990-09-30",
        "symbol": "LPX",
        "reportedCurrency": "USD",
        "cik": "0000060519",
        "fillingDate": "1990-09-30",
        "acceptedDate": "1990-09-29 20:00:00",
        "calendarYear": "1990",
        "period": "Q3",
        "revenue": 450900000,
        "costOfRevenue": 361300000,
        "grossProfit": 89600000,
        "grossProfitRatio": 0.1987136837,
        "researchAndDevelopmentExpenses": 0,
        "generalAndAdministrativeExpenses": 0,
        "sellingAndMarketingExpenses": 0,
        "sellingGeneralAndAdministrativeExpenses": 13400000,
        "otherExpenses": 43000000,
        "operatingExpenses": 56400000,
        "costAndExpenses": 417700000,
        "interestIncome": 0,
        "interestExpense": 0,
        "depreciationAndAmortization": 43000000,
        "ebitda": 76200000,
        "ebitdaratio": 0.1689953426,
        "operatingIncome": 33200000,
        "operatingIncomeRatio": 0.0736305167,
        "totalOtherIncomeExpensesNet": -1300000,
        "incomeBeforeTax": 31900000,
        "incomeBeforeTaxRatio": 0.0707473941,
        "incomeTaxExpense": 10700000,
        "netIncome": 21200000,
        "netIncomeRatio": 0.047017077,
        "eps": 0.19,
        "epsdiluted": 0.19,
        "weightedAverageShsOut": 111578947,
        "weightedAverageShsOutDil": 111578947,
        "link": "",
        "finalLink": ""
    },
    {
        "date": "1990-06-30",
        "symbol": "LPX",
        "reportedCurrency": "USD",
        "cik": "0000060519",
        "fillingDate": "1990-06-30",
        "acceptedDate": "1990-06-29 20:00:00",
        "calendarYear": "1990",
        "period": "Q2",
        "revenue": 501500000,
        "costOfRevenue": 382500000,
        "grossProfit": 119000000,
        "grossProfitRatio": 0.2372881356,
        "researchAndDevelopmentExpenses": 0,
        "generalAndAdministrativeExpenses": 0,
        "sellingAndMarketingExpenses": 0,
        "sellingGeneralAndAdministrativeExpenses": 22000000,
        "otherExpenses": 39200000,
        "operatingExpenses": 61200000,
        "costAndExpenses": 443700000,
        "interestIncome": 0,
        "interestExpense": 0,
        "depreciationAndAmortization": 39200000,
        "ebitda": 97000000,
        "ebitdaratio": 0.1934197408,
        "operatingIncome": 57800000,
        "operatingIncomeRatio": 0.1152542373,
        "totalOtherIncomeExpensesNet": -1100000,
        "incomeBeforeTax": 56700000,
        "incomeBeforeTaxRatio": 0.1130608175,
        "incomeTaxExpense": 18700000,
        "netIncome": 38000000,
        "netIncomeRatio": 0.075772682,
        "eps": 0.34,
        "epsdiluted": 0.34,
        "weightedAverageShsOut": 111764706,
        "weightedAverageShsOutDil": 111764706,
        "link": "",
        "finalLink": ""
    },
    {
        "date": "1990-03-31",
        "symbol": "LPX",
        "reportedCurrency": "USD",
        "cik": "0000060519",
        "fillingDate": "1990-03-31",
        "acceptedDate": "1990-03-30 19:00:00",
        "calendarYear": "1990",
        "period": "Q1",
        "revenue": 474800000,
        "costOfRevenue": 362400000,
        "grossProfit": 112400000,
        "grossProfitRatio": 0.2367312553,
        "researchAndDevelopmentExpenses": 0,
        "generalAndAdministrativeExpenses": 0,
        "sellingAndMarketingExpenses": 0,
        "sellingGeneralAndAdministrativeExpenses": 22100000,
        "otherExpenses": 33400000,
        "operatingExpenses": 55500000,
        "costAndExpenses": 417900000,
        "interestIncome": 0,
        "interestExpense": 0,
        "depreciationAndAmortization": 33400000,
        "ebitda": 90300000,
        "ebitdaratio": 0.1901853412,
        "operatingIncome": 56900000,
        "operatingIncomeRatio": 0.1198399326,
        "totalOtherIncomeExpensesNet": -2600000,
        "incomeBeforeTax": 54300000,
        "incomeBeforeTaxRatio": 0.1143639427,
        "incomeTaxExpense": 18500000,
        "netIncome": 35800000,
        "netIncomeRatio": 0.0754001685,
        "eps": 0.32,
        "epsdiluted": 0.32,
        "weightedAverageShsOut": 111875000,
        "weightedAverageShsOutDil": 111875000,
        "link": "",
        "finalLink": ""
    },
    {
        "date": "1989-12-31",
        "symbol": "LPX",
        "reportedCurrency": "USD",
        "cik": "0000060519",
        "fillingDate": "1989-12-31",
        "acceptedDate": "1989-12-30 19:00:00",
        "calendarYear": "1989",
        "period": "Q4",
        "revenue": 506300000,
        "costOfRevenue": 367900000,
        "grossProfit": 138400000,
        "grossProfitRatio": 0.273355718,
        "researchAndDevelopmentExpenses": 0,
        "generalAndAdministrativeExpenses": 0,
        "sellingAndMarketingExpenses": 0,
        "sellingGeneralAndAdministrativeExpenses": 21400000,
        "otherExpenses": 35700000,
        "operatingExpenses": 57100000,
        "costAndExpenses": 425000000,
        "interestIncome": 0,
        "interestExpense": 0,
        "depreciationAndAmortization": 35700000,
        "ebitda": 117000000,
        "ebitdaratio": 0.2310882876,
        "operatingIncome": 81300000,
        "operatingIncomeRatio": 0.1605767332,
        "totalOtherIncomeExpensesNet": -2800000,
        "incomeBeforeTax": 78500000,
        "incomeBeforeTaxRatio": 0.1550464152,
        "incomeTaxExpense": 25700000,
        "netIncome": 52800000,
        "netIncomeRatio": 0.1042859964,
        "eps": 0.42,
        "epsdiluted": 0.42,
        "weightedAverageShsOut": 125609756,
        "weightedAverageShsOutDil": 125609756,
        "link": "",
        "finalLink": ""
    },
    {
        "date": "1989-09-30",
        "symbol": "LPX",
        "reportedCurrency": "USD",
        "cik": "0000060519",
        "fillingDate": "1989-09-30",
        "acceptedDate": "1989-09-29 20:00:00",
        "calendarYear": "1989",
        "period": "Q3",
        "revenue": 510100000,
        "costOfRevenue": 370400000,
        "grossProfit": 139700000,
        "grossProfitRatio": 0.273867869,
        "researchAndDevelopmentExpenses": 0,
        "generalAndAdministrativeExpenses": 0,
        "sellingAndMarketingExpenses": 0,
        "sellingGeneralAndAdministrativeExpenses": 21900000,
        "otherExpenses": 37800000,
        "operatingExpenses": 59700000,
        "costAndExpenses": 430100000,
        "interestIncome": 0,
        "interestExpense": 0,
        "depreciationAndAmortization": 37800000,
        "ebitda": 117800000,
        "ebitdaratio": 0.2309351108,
        "operatingIncome": 80000000,
        "operatingIncomeRatio": 0.1568319937,
        "totalOtherIncomeExpensesNet": -2500000,
        "incomeBeforeTax": 77500000,
        "incomeBeforeTaxRatio": 0.1519309939,
        "incomeTaxExpense": 26000000,
        "netIncome": 51500000,
        "netIncomeRatio": 0.100960596,
        "eps": 0.41,
        "epsdiluted": 0.41,
        "weightedAverageShsOut": 125609756,
        "weightedAverageShsOutDil": 125609756,
        "link": "",
        "finalLink": ""
    },
    {
        "date": "1989-06-30",
        "symbol": "LPX",
        "reportedCurrency": "USD",
        "cik": "0000060519",
        "fillingDate": "1989-06-30",
        "acceptedDate": "1989-06-29 20:00:00",
        "calendarYear": "1989",
        "period": "Q2",
        "revenue": 526100000,
        "costOfRevenue": 393400000,
        "grossProfit": 132700000,
        "grossProfitRatio": 0.2522334157,
        "researchAndDevelopmentExpenses": 0,
        "generalAndAdministrativeExpenses": 0,
        "sellingAndMarketingExpenses": 0,
        "sellingGeneralAndAdministrativeExpenses": 20000000,
        "otherExpenses": 36600000,
        "operatingExpenses": 56600000,
        "costAndExpenses": 450000000,
        "interestIncome": 0,
        "interestExpense": 0,
        "depreciationAndAmortization": 36600000,
        "ebitda": 112700000,
        "ebitdaratio": 0.2142178293,
        "operatingIncome": 76100000,
        "operatingIncomeRatio": 0.1446493062,
        "totalOtherIncomeExpensesNet": -3500000,
        "incomeBeforeTax": 72600000,
        "incomeBeforeTaxRatio": 0.1379965786,
        "incomeTaxExpense": 24200000,
        "netIncome": 48400000,
        "netIncomeRatio": 0.0919977191,
        "eps": 0.42,
        "epsdiluted": 0.42,
        "weightedAverageShsOut": 115238095,
        "weightedAverageShsOutDil": 115238095,
        "link": "",
        "finalLink": ""
    },
    {
        "date": "1989-03-31",
        "symbol": "LPX",
        "reportedCurrency": "USD",
        "cik": "0000060519",
        "fillingDate": "1989-03-31",
        "acceptedDate": "1989-03-30 19:00:00",
        "calendarYear": "1989",
        "period": "Q1",
        "revenue": 467000000,
        "costOfRevenue": 348500000,
        "grossProfit": 118500000,
        "grossProfitRatio": 0.2537473233,
        "researchAndDevelopmentExpenses": 0,
        "generalAndAdministrativeExpenses": 0,
        "sellingAndMarketingExpenses": 0,
        "sellingGeneralAndAdministrativeExpenses": 20100000,
        "otherExpenses": 31700000,
        "operatingExpenses": 51800000,
        "costAndExpenses": 400300000,
        "interestIncome": 0,
        "interestExpense": 0,
        "depreciationAndAmortization": 31700000,
        "ebitda": 98400000,
        "ebitdaratio": 0.2107066381,
        "operatingIncome": 66700000,
        "operatingIncomeRatio": 0.1428265525,
        "totalOtherIncomeExpensesNet": -3400000,
        "incomeBeforeTax": 63300000,
        "incomeBeforeTaxRatio": 0.1355460385,
        "incomeTaxExpense": 23400000,
        "netIncome": 39900000,
        "netIncomeRatio": 0.0854389722,
        "eps": 0.35,
        "epsdiluted": 0.35,
        "weightedAverageShsOut": 114000000,
        "weightedAverageShsOutDil": 114000000,
        "link": "",
        "finalLink": ""
    },
    {
        "date": "1988-12-31",
        "symbol": "LPX",
        "reportedCurrency": "USD",
        "cik": "0000060519",
        "fillingDate": "1988-12-31",
        "acceptedDate": "1988-12-30 19:00:00",
        "calendarYear": "1988",
        "period": "Q4",
        "revenue": 448300000,
        "costOfRevenue": 0,
        "grossProfit": 448300000,
        "grossProfitRatio": 1,
        "researchAndDevelopmentExpenses": 0,
        "generalAndAdministrativeExpenses": 0,
        "sellingAndMarketingExpenses": 0,
        "sellingGeneralAndAdministrativeExpenses": 0,
        "otherExpenses": -1578500000,
        "operatingExpenses": -1578500000,
        "costAndExpenses": -1578500000,
        "interestIncome": 0,
        "interestExpense": 0,
        "depreciationAndAmortization": 0,
        "ebitda": -1130200000,
        "ebitdaratio": -2.5210796342,
        "operatingIncome": -1130200000,
        "operatingIncomeRatio": -2.5210796342,
        "totalOtherIncomeExpensesNet": 1130200000,
        "incomeBeforeTax": 0,
        "incomeBeforeTaxRatio": 0,
        "incomeTaxExpense": 0,
        "netIncome": 31200000,
        "netIncomeRatio": 0.0695962525,
        "eps": 0.2791446721,
        "epsdiluted": 0.2691604265,
        "weightedAverageShsOut": 111770000,
        "weightedAverageShsOutDil": 115916000,
        "link": "",
        "finalLink": ""
    },
    {
        "date": "1988-09-30",
        "symbol": "LPX",
        "reportedCurrency": "USD",
        "cik": "0000060519",
        "fillingDate": "1988-09-30",
        "acceptedDate": "1988-09-29 20:00:00",
        "calendarYear": "1988",
        "period": "Q3",
        "revenue": 462900000,
        "costOfRevenue": 0,
        "grossProfit": 462900000,
        "grossProfitRatio": 1,
        "researchAndDevelopmentExpenses": 0,
        "generalAndAdministrativeExpenses": 0,
        "sellingAndMarketingExpenses": 0,
        "sellingGeneralAndAdministrativeExpenses": 0,
        "otherExpenses": 0,
        "operatingExpenses": 0,
        "costAndExpenses": 0,
        "interestIncome": 0,
        "interestExpense": 0,
        "depreciationAndAmortization": 0,
        "ebitda": 462900000,
        "ebitdaratio": 1,
        "operatingIncome": 462900000,
        "operatingIncomeRatio": 1,
        "totalOtherIncomeExpensesNet": -462900000,
        "incomeBeforeTax": 0,
        "incomeBeforeTaxRatio": 0,
        "incomeTaxExpense": 0,
        "netIncome": 36700000,
        "netIncomeRatio": 0.0792827825,
        "eps": 0.32,
        "epsdiluted": 0.32,
        "weightedAverageShsOut": 115916000,
        "weightedAverageShsOutDil": 115916000,
        "link": "",
        "finalLink": ""
    },
    {
        "date": "1988-06-30",
        "symbol": "LPX",
        "reportedCurrency": "USD",
        "cik": "0000060519",
        "fillingDate": "1988-06-30",
        "acceptedDate": "1988-06-29 20:00:00",
        "calendarYear": "1988",
        "period": "Q2",
        "revenue": 474200000,
        "costOfRevenue": 0,
        "grossProfit": 474200000,
        "grossProfitRatio": 1,
        "researchAndDevelopmentExpenses": 0,
        "generalAndAdministrativeExpenses": 0,
        "sellingAndMarketingExpenses": 0,
        "sellingGeneralAndAdministrativeExpenses": 0,
        "otherExpenses": 0,
        "operatingExpenses": 0,
        "costAndExpenses": 0,
        "interestIncome": 0,
        "interestExpense": 0,
        "depreciationAndAmortization": 0,
        "ebitda": 474200000,
        "ebitdaratio": 1,
        "operatingIncome": 474200000,
        "operatingIncomeRatio": 1,
        "totalOtherIncomeExpensesNet": -474200000,
        "incomeBeforeTax": 0,
        "incomeBeforeTaxRatio": 0,
        "incomeTaxExpense": 0,
        "netIncome": 39300000,
        "netIncomeRatio": 0.0828764235,
        "eps": 0.35,
        "epsdiluted": 0.35,
        "weightedAverageShsOut": 114954000,
        "weightedAverageShsOutDil": 114954000,
        "link": "",
        "finalLink": ""
    },
    {
        "date": "1988-03-31",
        "symbol": "LPX",
        "reportedCurrency": "USD",
        "cik": "0000060519",
        "fillingDate": "1988-03-31",
        "acceptedDate": "1988-03-30 19:00:00",
        "calendarYear": "1988",
        "period": "Q1",
        "revenue": 483000000,
        "costOfRevenue": 0,
        "grossProfit": 483000000,
        "grossProfitRatio": 1,
        "researchAndDevelopmentExpenses": 0,
        "generalAndAdministrativeExpenses": 0,
        "sellingAndMarketingExpenses": 0,
        "sellingGeneralAndAdministrativeExpenses": 0,
        "otherExpenses": 0,
        "operatingExpenses": 0,
        "costAndExpenses": 0,
        "interestIncome": 0,
        "interestExpense": 0,
        "depreciationAndAmortization": 0,
        "ebitda": 483000000,
        "ebitdaratio": 1,
        "operatingIncome": 483000000,
        "operatingIncomeRatio": 1,
        "totalOtherIncomeExpensesNet": -483000000,
        "incomeBeforeTax": 0,
        "incomeBeforeTaxRatio": 0,
        "incomeTaxExpense": 0,
        "netIncome": 46500000,
        "netIncomeRatio": 0.0962732919,
        "eps": 0.41,
        "epsdiluted": 0.41,
        "weightedAverageShsOut": 114944000,
        "weightedAverageShsOutDil": 114944000,
        "link": "",
        "finalLink": ""
    },
    {
        "date": "1987-12-31",
        "symbol": "LPX",
        "reportedCurrency": "USD",
        "cik": "0000060519",
        "fillingDate": "1987-12-31",
        "acceptedDate": "1987-12-30 19:00:00",
        "calendarYear": "1987",
        "period": "Q4",
        "revenue": 478100000,
        "costOfRevenue": 0,
        "grossProfit": 478100000,
        "grossProfitRatio": 1,
        "researchAndDevelopmentExpenses": 0,
        "generalAndAdministrativeExpenses": 0,
        "sellingAndMarketingExpenses": 0,
        "sellingGeneralAndAdministrativeExpenses": 0,
        "otherExpenses": -1676100000,
        "operatingExpenses": -1676100000,
        "costAndExpenses": -1676100000,
        "interestIncome": 0,
        "interestExpense": 0,
        "depreciationAndAmortization": 0,
        "ebitda": -1198000000,
        "ebitdaratio": -2.5057519347,
        "operatingIncome": -1198000000,
        "operatingIncomeRatio": -2.5057519347,
        "totalOtherIncomeExpensesNet": 1198000000,
        "incomeBeforeTax": 0,
        "incomeBeforeTaxRatio": 0,
        "incomeTaxExpense": 0,
        "netIncome": 31300000,
        "netIncomeRatio": 0.0654674754,
        "eps": 0.2724819361,
        "epsdiluted": 0.2724819361,
        "weightedAverageShsOut": 114870000,
        "weightedAverageShsOutDil": 114870000,
        "link": "",
        "finalLink": ""
    },
    {
        "date": "1987-09-30",
        "symbol": "LPX",
        "reportedCurrency": "USD",
        "cik": "0000060519",
        "fillingDate": "1987-09-30",
        "acceptedDate": "1987-09-29 20:00:00",
        "calendarYear": "1987",
        "period": "Q3",
        "revenue": 531800000,
        "costOfRevenue": 0,
        "grossProfit": 531800000,
        "grossProfitRatio": 1,
        "researchAndDevelopmentExpenses": 0,
        "generalAndAdministrativeExpenses": 0,
        "sellingAndMarketingExpenses": 0,
        "sellingGeneralAndAdministrativeExpenses": 0,
        "otherExpenses": 0,
        "operatingExpenses": 0,
        "costAndExpenses": 0,
        "interestIncome": 0,
        "interestExpense": 0,
        "depreciationAndAmortization": 0,
        "ebitda": 531800000,
        "ebitdaratio": 1,
        "operatingIncome": 531800000,
        "operatingIncomeRatio": 1,
        "totalOtherIncomeExpensesNet": -531800000,
        "incomeBeforeTax": 0,
        "incomeBeforeTaxRatio": 0,
        "incomeTaxExpense": 0,
        "netIncome": 42600000,
        "netIncomeRatio": 0.0801053027,
        "eps": 0.37,
        "epsdiluted": 0.37,
        "weightedAverageShsOut": 114870000,
        "weightedAverageShsOutDil": 114870000,
        "link": "",
        "finalLink": ""
    },
    {
        "date": "1987-06-30",
        "symbol": "LPX",
        "reportedCurrency": "USD",
        "cik": "0000060519",
        "fillingDate": "1987-06-30",
        "acceptedDate": "1987-06-29 20:00:00",
        "calendarYear": "1987",
        "period": "Q2",
        "revenue": 488800000,
        "costOfRevenue": 0,
        "grossProfit": 488800000,
        "grossProfitRatio": 1,
        "researchAndDevelopmentExpenses": 0,
        "generalAndAdministrativeExpenses": 0,
        "sellingAndMarketingExpenses": 0,
        "sellingGeneralAndAdministrativeExpenses": 0,
        "otherExpenses": 0,
        "operatingExpenses": 0,
        "costAndExpenses": 0,
        "interestIncome": 0,
        "interestExpense": 0,
        "depreciationAndAmortization": 0,
        "ebitda": 488800000,
        "ebitdaratio": 1,
        "operatingIncome": 488800000,
        "operatingIncomeRatio": 1,
        "totalOtherIncomeExpensesNet": -488800000,
        "incomeBeforeTax": 0,
        "incomeBeforeTaxRatio": 0,
        "incomeTaxExpense": 0,
        "netIncome": 34800000,
        "netIncomeRatio": 0.0711947627,
        "eps": 0.31,
        "epsdiluted": 0.31,
        "weightedAverageShsOut": 114792000,
        "weightedAverageShsOutDil": 114792000,
        "link": "",
        "finalLink": ""
    },
    {
        "date": "1987-03-31",
        "symbol": "LPX",
        "reportedCurrency": "USD",
        "cik": "0000060519",
        "fillingDate": "1987-03-31",
        "acceptedDate": "1987-03-30 19:00:00",
        "calendarYear": "1987",
        "period": "Q1",
        "revenue": 422900000,
        "costOfRevenue": 0,
        "grossProfit": 422900000,
        "grossProfitRatio": 1,
        "researchAndDevelopmentExpenses": 0,
        "generalAndAdministrativeExpenses": 0,
        "sellingAndMarketingExpenses": 0,
        "sellingGeneralAndAdministrativeExpenses": 0,
        "otherExpenses": 0,
        "operatingExpenses": 0,
        "costAndExpenses": 0,
        "interestIncome": 0,
        "interestExpense": 0,
        "depreciationAndAmortization": 0,
        "ebitda": 422900000,
        "ebitdaratio": 1,
        "operatingIncome": 422900000,
        "operatingIncomeRatio": 1,
        "totalOtherIncomeExpensesNet": -422900000,
        "incomeBeforeTax": 0,
        "incomeBeforeTaxRatio": 0,
        "incomeTaxExpense": 0,
        "netIncome": 16300000,
        "netIncomeRatio": 0.0385433909,
        "eps": 0.15,
        "epsdiluted": 0.15,
        "weightedAverageShsOut": 113868000,
        "weightedAverageShsOutDil": 113868000,
        "link": "",
        "finalLink": ""
    },
    {
        "date": "1986-12-31",
        "symbol": "LPX",
        "reportedCurrency": "USD",
        "cik": "0000060519",
        "fillingDate": "1986-12-31",
        "acceptedDate": "1986-12-30 19:00:00",
        "calendarYear": "1986",
        "period": "Q4",
        "revenue": 382200000,
        "costOfRevenue": 0,
        "grossProfit": 382200000,
        "grossProfitRatio": 1,
        "researchAndDevelopmentExpenses": 0,
        "generalAndAdministrativeExpenses": 0,
        "sellingAndMarketingExpenses": 0,
        "sellingGeneralAndAdministrativeExpenses": 0,
        "otherExpenses": -1386900000,
        "operatingExpenses": -1386900000,
        "costAndExpenses": -1386900000,
        "interestIncome": 0,
        "interestExpense": 0,
        "depreciationAndAmortization": 0,
        "ebitda": -1004700000,
        "ebitdaratio": -2.6287284144,
        "operatingIncome": -1004700000,
        "operatingIncomeRatio": -2.6287284144,
        "totalOtherIncomeExpensesNet": 1004700000,
        "incomeBeforeTax": 0,
        "incomeBeforeTaxRatio": 0,
        "incomeTaxExpense": 0,
        "netIncome": 16800000,
        "netIncomeRatio": 0.043956044,
        "eps": 0.1519646863,
        "epsdiluted": 0.1471412556,
        "weightedAverageShsOut": 110552000,
        "weightedAverageShsOutDil": 114176000,
        "link": "",
        "finalLink": ""
    },
    {
        "date": "1986-09-30",
        "symbol": "LPX",
        "reportedCurrency": "USD",
        "cik": "0000060519",
        "fillingDate": "1986-09-30",
        "acceptedDate": "1986-09-29 20:00:00",
        "calendarYear": "1986",
        "period": "Q3",
        "revenue": 407400000,
        "costOfRevenue": 0,
        "grossProfit": 407400000,
        "grossProfitRatio": 1,
        "researchAndDevelopmentExpenses": 0,
        "generalAndAdministrativeExpenses": 0,
        "sellingAndMarketingExpenses": 0,
        "sellingGeneralAndAdministrativeExpenses": 0,
        "otherExpenses": 0,
        "operatingExpenses": 0,
        "costAndExpenses": 0,
        "interestIncome": 0,
        "interestExpense": 0,
        "depreciationAndAmortization": 0,
        "ebitda": 407400000,
        "ebitdaratio": 1,
        "operatingIncome": 407400000,
        "operatingIncomeRatio": 1,
        "totalOtherIncomeExpensesNet": -407400000,
        "incomeBeforeTax": 0,
        "incomeBeforeTaxRatio": 0,
        "incomeTaxExpense": 0,
        "netIncome": 22200000,
        "netIncomeRatio": 0.0544918999,
        "eps": 0.2,
        "epsdiluted": 0.2,
        "weightedAverageShsOut": 114176000,
        "weightedAverageShsOutDil": 114176000,
        "link": "",
        "finalLink": ""
    },
    {
        "date": "1986-06-30",
        "symbol": "LPX",
        "reportedCurrency": "USD",
        "cik": "0000060519",
        "fillingDate": "1986-06-30",
        "acceptedDate": "1986-06-29 20:00:00",
        "calendarYear": "1986",
        "period": "Q2",
        "revenue": 394100000,
        "costOfRevenue": 0,
        "grossProfit": 394100000,
        "grossProfitRatio": 1,
        "researchAndDevelopmentExpenses": 0,
        "generalAndAdministrativeExpenses": 0,
        "sellingAndMarketingExpenses": 0,
        "sellingGeneralAndAdministrativeExpenses": 0,
        "otherExpenses": 0,
        "operatingExpenses": 0,
        "costAndExpenses": 0,
        "interestIncome": 0,
        "interestExpense": 0,
        "depreciationAndAmortization": 0,
        "ebitda": 394100000,
        "ebitdaratio": 1,
        "operatingIncome": 394100000,
        "operatingIncomeRatio": 1,
        "totalOtherIncomeExpensesNet": -394100000,
        "incomeBeforeTax": 0,
        "incomeBeforeTaxRatio": 0,
        "incomeTaxExpense": 0,
        "netIncome": 24500000,
        "netIncomeRatio": 0.0621669627,
        "eps": 0.22,
        "epsdiluted": 0.22,
        "weightedAverageShsOut": 114176000,
        "weightedAverageShsOutDil": 114176000,
        "link": "",
        "finalLink": ""
    },
    {
        "date": "1986-03-31",
        "symbol": "LPX",
        "reportedCurrency": "USD",
        "cik": "0000060519",
        "fillingDate": "1986-03-31",
        "acceptedDate": "1986-03-30 19:00:00",
        "calendarYear": "1986",
        "period": "Q1",
        "revenue": 322600000,
        "costOfRevenue": 0,
        "grossProfit": 322600000,
        "grossProfitRatio": 1,
        "researchAndDevelopmentExpenses": 0,
        "generalAndAdministrativeExpenses": 0,
        "sellingAndMarketingExpenses": 0,
        "sellingGeneralAndAdministrativeExpenses": 0,
        "otherExpenses": 0,
        "operatingExpenses": 0,
        "costAndExpenses": 0,
        "interestIncome": 0,
        "interestExpense": 0,
        "depreciationAndAmortization": 0,
        "ebitda": 322600000,
        "ebitdaratio": 1,
        "operatingIncome": 322600000,
        "operatingIncomeRatio": 1,
        "totalOtherIncomeExpensesNet": -322600000,
        "incomeBeforeTax": 0,
        "incomeBeforeTaxRatio": 0,
        "incomeTaxExpense": 0,
        "netIncome": 1400000,
        "netIncomeRatio": 0.0043397396,
        "eps": 0.02,
        "epsdiluted": 0.02,
        "weightedAverageShsOut": 112876000,
        "weightedAverageShsOutDil": 112876000,
        "link": "",
        "finalLink": ""
    },
    {
        "date": "1985-12-31",
        "symbol": "LPX",
        "reportedCurrency": "USD",
        "cik": "0000060519",
        "fillingDate": "1985-12-31",
        "acceptedDate": "1985-12-30 19:00:00",
        "calendarYear": "1985",
        "period": "Q4",
        "revenue": 312600000,
        "costOfRevenue": 0,
        "grossProfit": 312600000,
        "grossProfitRatio": 1,
        "researchAndDevelopmentExpenses": 0,
        "generalAndAdministrativeExpenses": 0,
        "sellingAndMarketingExpenses": 0,
        "sellingGeneralAndAdministrativeExpenses": 0,
        "otherExpenses": -1224100000,
        "operatingExpenses": -1224100000,
        "costAndExpenses": -1224100000,
        "interestIncome": 0,
        "interestExpense": 0,
        "depreciationAndAmortization": 0,
        "ebitda": -911500000,
        "ebitdaratio": -2.9158669226,
        "operatingIncome": -911500000,
        "operatingIncomeRatio": -2.9158669226,
        "totalOtherIncomeExpensesNet": 911500000,
        "incomeBeforeTax": 0,
        "incomeBeforeTaxRatio": 0,
        "incomeTaxExpense": 0,
        "netIncome": 6800000,
        "netIncomeRatio": 0.021753039,
        "eps": 0.0620426635,
        "epsdiluted": 0.0602655228,
        "weightedAverageShsOut": 109602000,
        "weightedAverageShsOutDil": 112834000,
        "link": "",
        "finalLink": ""
    },
    {
        "date": "1985-09-30",
        "symbol": "LPX",
        "reportedCurrency": "USD",
        "cik": "0000060519",
        "fillingDate": "1985-09-30",
        "acceptedDate": "1985-09-29 20:00:00",
        "calendarYear": "1985",
        "period": "Q3",
        "revenue": 332400000,
        "costOfRevenue": 0,
        "grossProfit": 332400000,
        "grossProfitRatio": 1,
        "researchAndDevelopmentExpenses": 0,
        "generalAndAdministrativeExpenses": 0,
        "sellingAndMarketingExpenses": 0,
        "sellingGeneralAndAdministrativeExpenses": 0,
        "otherExpenses": 0,
        "operatingExpenses": 0,
        "costAndExpenses": 0,
        "interestIncome": 0,
        "interestExpense": 0,
        "depreciationAndAmortization": 0,
        "ebitda": 332400000,
        "ebitdaratio": 1,
        "operatingIncome": 332400000,
        "operatingIncomeRatio": 1,
        "totalOtherIncomeExpensesNet": -332400000,
        "incomeBeforeTax": 0,
        "incomeBeforeTaxRatio": 0,
        "incomeTaxExpense": 0,
        "netIncome": 11400000,
        "netIncomeRatio": 0.0342960289,
        "eps": 0.1,
        "epsdiluted": 0.1,
        "weightedAverageShsOut": 112834000,
        "weightedAverageShsOutDil": 112834000,
        "link": "",
        "finalLink": ""
    }
]