[
    {
        "date": "2023-03-31",
        "symbol": "LSI",
        "reportedCurrency": "USD",
        "cik": "0000944314",
        "fillingDate": "2023-05-03",
        "acceptedDate": "2023-05-03 16:34:06",
        "calendarYear": "2023",
        "period": "Q1",
        "revenue": 267707000,
        "costOfRevenue": 83963000,
        "grossProfit": 183744000,
        "grossProfitRatio": 0.686362329,
        "researchAndDevelopmentExpenses": 0,
        "generalAndAdministrativeExpenses": 19504000,
        "sellingAndMarketingExpenses": 0,
        "sellingGeneralAndAdministrativeExpenses": 19504000,
        "otherExpenses": 41874000,
        "operatingExpenses": 61378000,
        "costAndExpenses": 145341000,
        "interestIncome": 12000,
        "interestExpense": 32173000,
        "depreciationAndAmortization": 56098000,
        "ebitda": 170836000,
        "ebitdaratio": 0.6381454351,
        "operatingIncome": 114738000,
        "operatingIncomeRatio": 0.428595442,
        "totalOtherIncomeExpensesNet": -31472000,
        "incomeBeforeTax": 83266000,
        "incomeBeforeTaxRatio": 0.3110340783,
        "incomeTaxExpense": -35667000,
        "netIncome": 118933000,
        "netIncomeRatio": 0.444265559,
        "eps": 1.4,
        "epsdiluted": 1.39,
        "weightedAverageShsOut": 84935860,
        "weightedAverageShsOutDil": 85378412,
        "link": "https://www.sec.gov/Archives/edgar/data/944314/000095017023017254/0000950170-23-017254-index.htm",
        "finalLink": "https://www.sec.gov/Archives/edgar/data/944314/000095017023017254/lsi-20230331.htm"
    },
    {
        "date": "2022-12-31",
        "symbol": "LSI",
        "reportedCurrency": "USD",
        "cik": "0000944314",
        "fillingDate": "2023-02-24",
        "acceptedDate": "2023-02-24 17:31:26",
        "calendarYear": "2022",
        "period": "Q4",
        "revenue": 269672000,
        "costOfRevenue": 78075000,
        "grossProfit": 191597000,
        "grossProfitRatio": 0.7104816221,
        "researchAndDevelopmentExpenses": 0,
        "generalAndAdministrativeExpenses": 24206000,
        "sellingAndMarketingExpenses": 0,
        "sellingGeneralAndAdministrativeExpenses": 24206000,
        "otherExpenses": 44712000,
        "operatingExpenses": 68918000,
        "costAndExpenses": 146993000,
        "interestIncome": 8000,
        "interestExpense": 30540000,
        "depreciationAndAmortization": 50437000,
        "ebitda": 173860000,
        "ebitdaratio": 0.6447091281,
        "operatingIncome": 123423000,
        "operatingIncomeRatio": 0.4576782165,
        "totalOtherIncomeExpensesNet": -27502000,
        "incomeBeforeTax": 95921000,
        "incomeBeforeTaxRatio": 0.3556950666,
        "incomeTaxExpense": 29639000,
        "netIncome": 66282000,
        "netIncomeRatio": 0.2457874752,
        "eps": 0.78,
        "epsdiluted": 0.77,
        "weightedAverageShsOut": 84900387,
        "weightedAverageShsOutDil": 85874176,
        "link": "https://www.sec.gov/Archives/edgar/data/944314/000095017023004415/0000950170-23-004415-index.htm",
        "finalLink": "https://www.sec.gov/Archives/edgar/data/944314/000095017023004415/lsi-20221231.htm"
    },
    {
        "date": "2022-09-30",
        "symbol": "LSI",
        "reportedCurrency": "USD",
        "cik": "0000944314",
        "fillingDate": "2022-11-03",
        "acceptedDate": "2022-11-03 16:42:52",
        "calendarYear": "2022",
        "period": "Q3",
        "revenue": 267997000,
        "costOfRevenue": 82641000,
        "grossProfit": 185356000,
        "grossProfitRatio": 0.6916346079,
        "researchAndDevelopmentExpenses": 0,
        "generalAndAdministrativeExpenses": 18493000,
        "sellingAndMarketingExpenses": 0,
        "sellingGeneralAndAdministrativeExpenses": 18493000,
        "otherExpenses": 43754000,
        "operatingExpenses": 62247000,
        "costAndExpenses": 144888000,
        "interestIncome": 5000,
        "interestExpense": 27074000,
        "depreciationAndAmortization": 47738000,
        "ebitda": 61362000,
        "ebitdaratio": 0.2289652496,
        "operatingIncome": 125950000,
        "operatingIncomeRatio": 0.4699679474,
        "totalOtherIncomeExpensesNet": -25206000,
        "incomeBeforeTax": 100744000,
        "incomeBeforeTaxRatio": 0.3759146558,
        "incomeTaxExpense": 27445000,
        "netIncome": 73299000,
        "netIncomeRatio": 0.273506793,
        "eps": 0.87,
        "epsdiluted": 0.86,
        "weightedAverageShsOut": 84472979,
        "weightedAverageShsOutDil": 85396539,
        "link": "https://www.sec.gov/Archives/edgar/data/944314/000095017022021946/0000950170-22-021946-index.htm",
        "finalLink": "https://www.sec.gov/Archives/edgar/data/944314/000095017022021946/lsi-20220930.htm"
    },
    {
        "date": "2022-06-30",
        "symbol": "LSI",
        "reportedCurrency": "USD",
        "cik": "0000944314",
        "fillingDate": "2022-08-04",
        "acceptedDate": "2022-08-04 17:05:03",
        "calendarYear": "2022",
        "period": "Q2",
        "revenue": 251836000,
        "costOfRevenue": 74295000,
        "grossProfit": 177541000,
        "grossProfitRatio": 0.7049865786,
        "researchAndDevelopmentExpenses": 0,
        "generalAndAdministrativeExpenses": 18636000,
        "sellingAndMarketingExpenses": 0,
        "sellingGeneralAndAdministrativeExpenses": 18636000,
        "otherExpenses": 42866000,
        "operatingExpenses": 61502000,
        "costAndExpenses": 135797000,
        "interestIncome": 4000,
        "interestExpense": 24775000,
        "depreciationAndAmortization": 47339000,
        "ebitda": 59626000,
        "ebitdaratio": 0.2367651964,
        "operatingIncome": 117964000,
        "operatingIncomeRatio": 0.4684159532,
        "totalOtherIncomeExpensesNet": -25700000,
        "incomeBeforeTax": 94377000,
        "incomeBeforeTaxRatio": 0.3747557935,
        "incomeTaxExpense": 188000,
        "netIncome": 92264000,
        "netIncomeRatio": 0.3663654124,
        "eps": 1.09,
        "epsdiluted": 1.09,
        "weightedAverageShsOut": 84270378,
        "weightedAverageShsOutDil": 84428182,
        "link": "https://www.sec.gov/Archives/edgar/data/944314/000095017022014858/0000950170-22-014858-index.htm",
        "finalLink": "https://www.sec.gov/Archives/edgar/data/944314/000095017022014858/lsi-20220630.htm"
    },
    {
        "date": "2022-03-31",
        "symbol": "LSI",
        "reportedCurrency": "USD",
        "cik": "0000944314",
        "fillingDate": "2022-05-05",
        "acceptedDate": "2022-05-05 16:22:50",
        "calendarYear": "2022",
        "period": "Q1",
        "revenue": 228632000,
        "costOfRevenue": 73738000,
        "grossProfit": 154894000,
        "grossProfitRatio": 0.6774817173,
        "researchAndDevelopmentExpenses": 0,
        "generalAndAdministrativeExpenses": 15826000,
        "sellingAndMarketingExpenses": 0,
        "sellingGeneralAndAdministrativeExpenses": 15826000,
        "otherExpenses": 41543000,
        "operatingExpenses": 57369000,
        "costAndExpenses": 131107000,
        "interestIncome": 15000,
        "interestExpense": 23510000,
        "depreciationAndAmortization": 47804000,
        "ebitda": 145329000,
        "ebitdaratio": 0.6356459288,
        "operatingIncome": 97525000,
        "operatingIncomeRatio": 0.4265588369,
        "totalOtherIncomeExpensesNet": -22107000,
        "incomeBeforeTax": 75418000,
        "incomeBeforeTaxRatio": 0.3298663354,
        "incomeTaxExpense": 1843000,
        "netIncome": 73575000,
        "netIncomeRatio": 0.3218053466,
        "eps": 0.88,
        "epsdiluted": 0.88,
        "weightedAverageShsOut": 83644426,
        "weightedAverageShsOutDil": 83837773,
        "link": "https://www.sec.gov/Archives/edgar/data/944314/000095017022007859/0000950170-22-007859-index.htm",
        "finalLink": "https://www.sec.gov/Archives/edgar/data/944314/000095017022007859/lsi-20220331.htm"
    },
    {
        "date": "2021-12-31",
        "symbol": "LSI",
        "reportedCurrency": "USD",
        "cik": "0000944314",
        "fillingDate": "2022-02-25",
        "acceptedDate": "2022-02-25 17:29:26",
        "calendarYear": "2021",
        "period": "Q4",
        "revenue": 216772000,
        "costOfRevenue": 64644000,
        "grossProfit": 152128000,
        "grossProfitRatio": 0.7017880538,
        "researchAndDevelopmentExpenses": 0,
        "generalAndAdministrativeExpenses": 17210000,
        "sellingAndMarketingExpenses": 0,
        "sellingGeneralAndAdministrativeExpenses": 17210000,
        "otherExpenses": 345593000,
        "operatingExpenses": 53654000,
        "costAndExpenses": 118298000,
        "interestIncome": 39000,
        "interestExpense": 23586000,
        "depreciationAndAmortization": 40831000,
        "ebitda": -2448000,
        "ebitdaratio": -0.0112929714,
        "operatingIncome": 98474000,
        "operatingIncomeRatio": 0.4542745373,
        "totalOtherIncomeExpensesNet": 244936000,
        "incomeBeforeTax": 75767000,
        "incomeBeforeTaxRatio": 0.3495239238,
        "incomeTaxExpense": 26778000,
        "netIncome": 74145000,
        "netIncomeRatio": 0.3420414076,
        "eps": 0.9,
        "epsdiluted": 0.9,
        "weightedAverageShsOut": 82293536,
        "weightedAverageShsOutDil": 82522589,
        "link": "https://www.sec.gov/Archives/edgar/data/944314/000095017022002120/0000950170-22-002120-index.htm",
        "finalLink": "https://www.sec.gov/Archives/edgar/data/944314/000095017022002120/lsi-20211231.htm"
    },
    {
        "date": "2021-09-30",
        "symbol": "LSI",
        "reportedCurrency": "USD",
        "cik": "0000944314",
        "fillingDate": "2021-11-03",
        "acceptedDate": "2021-11-03 17:16:03",
        "calendarYear": "2021",
        "period": "Q3",
        "revenue": 188297000,
        "costOfRevenue": 64035000,
        "grossProfit": 124262000,
        "grossProfitRatio": 0.6599255432,
        "researchAndDevelopmentExpenses": 0,
        "generalAndAdministrativeExpenses": 16141000,
        "sellingAndMarketingExpenses": 0,
        "sellingGeneralAndAdministrativeExpenses": 16141000,
        "otherExpenses": 79796000,
        "operatingExpenses": 33340000,
        "costAndExpenses": 97375000,
        "interestIncome": 2000,
        "interestExpense": 20748000,
        "depreciationAndAmortization": 37158000,
        "ebitda": 128957000,
        "ebitdaratio": 0.684859557,
        "operatingIncome": 90922000,
        "operatingIncomeRatio": 0.4828648359,
        "totalOtherIncomeExpensesNet": -19871000,
        "incomeBeforeTax": 71051000,
        "incomeBeforeTaxRatio": 0.3773347425,
        "incomeTaxExpense": 23002000,
        "netIncome": 70274000,
        "netIncomeRatio": 0.3732082827,
        "eps": 0.89,
        "epsdiluted": 0.89,
        "weightedAverageShsOut": 78961434,
        "weightedAverageShsOutDil": 79179816,
        "link": "https://www.sec.gov/Archives/edgar/data/944314/000095017021002855/0000950170-21-002855-index.htm",
        "finalLink": "https://www.sec.gov/Archives/edgar/data/944314/000095017021002855/lsi-20210930.htm"
    },
    {
        "date": "2021-06-30",
        "symbol": "LSI",
        "reportedCurrency": "USD",
        "cik": "0000944314",
        "fillingDate": "2021-08-04",
        "acceptedDate": "2021-08-04 16:37:16",
        "calendarYear": "2021",
        "period": "Q2",
        "revenue": 169236000,
        "costOfRevenue": 59304000,
        "grossProfit": 109932000,
        "grossProfitRatio": 0.6495781039,
        "researchAndDevelopmentExpenses": 0,
        "generalAndAdministrativeExpenses": 15083000,
        "sellingAndMarketingExpenses": 0,
        "sellingGeneralAndAdministrativeExpenses": 15083000,
        "otherExpenses": 74565000,
        "operatingExpenses": 32828000,
        "costAndExpenses": 92132000,
        "interestIncome": 7000,
        "interestExpense": 20171000,
        "depreciationAndAmortization": 35771000,
        "ebitda": 113707000,
        "ebitdaratio": 0.6718842327,
        "operatingIncome": 77104000,
        "operatingIncomeRatio": 0.4556004633,
        "totalOtherIncomeExpensesNet": -19339000,
        "incomeBeforeTax": 57765000,
        "incomeBeforeTaxRatio": 0.3413280862,
        "incomeTaxExpense": 21848000,
        "netIncome": 57516000,
        "netIncomeRatio": 0.3398567681,
        "eps": 0.75,
        "epsdiluted": 0.74,
        "weightedAverageShsOut": 77057520,
        "weightedAverageShsOutDil": 77219999,
        "link": "https://www.sec.gov/Archives/edgar/data/944314/000095017021000800/0000950170-21-000800-index.htm",
        "finalLink": "https://www.sec.gov/Archives/edgar/data/944314/000095017021000800/lsi-20210630.htm"
    },
    {
        "date": "2021-03-31",
        "symbol": "LSI",
        "reportedCurrency": "USD",
        "cik": "0000944314",
        "fillingDate": "2021-05-05",
        "acceptedDate": "2021-05-05 16:22:59",
        "calendarYear": "2021",
        "period": "Q1",
        "revenue": 154873000,
        "costOfRevenue": 58407000,
        "grossProfit": 96466000,
        "grossProfitRatio": 0.6228716432,
        "researchAndDevelopmentExpenses": 0,
        "generalAndAdministrativeExpenses": 14183000,
        "sellingAndMarketingExpenses": 0,
        "sellingGeneralAndAdministrativeExpenses": 14183000,
        "otherExpenses": 71879000,
        "operatingExpenses": 30528000,
        "costAndExpenses": 88935000,
        "interestIncome": 779000,
        "interestExpense": 19743000,
        "depreciationAndAmortization": 33359000,
        "ebitda": 100694000,
        "ebitdaratio": 0.6501714308,
        "operatingIncome": 65938000,
        "operatingIncomeRatio": 0.4257552963,
        "totalOtherIncomeExpensesNet": -18346000,
        "incomeBeforeTax": 47592000,
        "incomeBeforeTaxRatio": 0.3072969465,
        "incomeTaxExpense": 21173000,
        "netIncome": 47383000,
        "netIncomeRatio": 0.3059474537,
        "eps": 0.63,
        "epsdiluted": 0.63,
        "weightedAverageShsOut": 75387332,
        "weightedAverageShsOutDil": 75510201,
        "link": "https://www.sec.gov/Archives/edgar/data/944314/000156459021024098/0001564590-21-024098-index.htm",
        "finalLink": "https://www.sec.gov/Archives/edgar/data/944314/000156459021024098/lsi-10q_20210331.htm"
    },
    {
        "date": "2020-12-31",
        "symbol": "LSI",
        "reportedCurrency": "USD",
        "cik": "0000944314",
        "fillingDate": "2021-02-23",
        "acceptedDate": "2021-02-23 17:27:18",
        "calendarYear": "2020",
        "period": "Q4",
        "revenue": 150152000,
        "costOfRevenue": 54527000,
        "grossProfit": 95625000,
        "grossProfitRatio": 0.636854654,
        "researchAndDevelopmentExpenses": 0,
        "generalAndAdministrativeExpenses": 13557000,
        "sellingAndMarketingExpenses": 0,
        "sellingGeneralAndAdministrativeExpenses": 13557000,
        "otherExpenses": 279695000,
        "operatingExpenses": 29793000,
        "costAndExpenses": 84320000,
        "interestIncome": 4000,
        "interestExpense": 20325000,
        "depreciationAndAmortization": 32589000,
        "ebitda": -72682000,
        "ebitdaratio": -0.4840561564,
        "operatingIncome": 65832000,
        "operatingIncomeRatio": 0.4384357185,
        "totalOtherIncomeExpensesNet": -24032000,
        "incomeBeforeTax": 41800000,
        "incomeBeforeTaxRatio": 0.2783845703,
        "incomeTaxExpense": 21461000,
        "netIncome": 41587000,
        "netIncomeRatio": 0.2769660078,
        "eps": 0.57,
        "epsdiluted": 0.57,
        "weightedAverageShsOut": 73100671,
        "weightedAverageShsOutDil": 73275640,
        "link": "https://www.sec.gov/Archives/edgar/data/944314/000156459021007648/0001564590-21-007648-index.htm",
        "finalLink": "https://www.sec.gov/Archives/edgar/data/944314/000156459021007648/lsi-10k_20201231.htm"
    },
    {
        "date": "2020-09-30",
        "symbol": "LSI",
        "reportedCurrency": "USD",
        "cik": "0000944314",
        "fillingDate": "2020-11-06",
        "acceptedDate": "2020-11-06 16:31:23",
        "calendarYear": "2020",
        "period": "Q3",
        "revenue": 140483000,
        "costOfRevenue": 53928000,
        "grossProfit": 86555000,
        "grossProfitRatio": 0.6161243709,
        "researchAndDevelopmentExpenses": 0,
        "generalAndAdministrativeExpenses": 13369000,
        "sellingAndMarketingExpenses": 0,
        "sellingGeneralAndAdministrativeExpenses": 13369000,
        "otherExpenses": 69217000,
        "operatingExpenses": 30560000,
        "costAndExpenses": 84488000,
        "interestIncome": 8000,
        "interestExpense": 19948000,
        "depreciationAndAmortization": 33018000,
        "ebitda": 90254000,
        "ebitdaratio": 0.642454959,
        "operatingIncome": 55995000,
        "operatingIncomeRatio": 0.3985891531,
        "totalOtherIncomeExpensesNet": -18707000,
        "incomeBeforeTax": 37288000,
        "incomeBeforeTaxRatio": 0.2654271335,
        "incomeTaxExpense": 21970000,
        "netIncome": 37095000,
        "netIncomeRatio": 0.2640533018,
        "eps": 0.52,
        "epsdiluted": 0.52,
        "weightedAverageShsOut": 70835763,
        "weightedAverageShsOutDil": 70949859,
        "link": "https://www.sec.gov/Archives/edgar/data/944314/000156459020052001/0001564590-20-052001-index.htm",
        "finalLink": "https://www.sec.gov/Archives/edgar/data/944314/000156459020052001/lsi-10q_20200930.htm"
    },
    {
        "date": "2020-06-30",
        "symbol": "LSI",
        "reportedCurrency": "USD",
        "cik": "0000944314",
        "fillingDate": "2020-08-07",
        "acceptedDate": "2020-08-07 18:45:04",
        "calendarYear": "2020",
        "period": "Q2",
        "revenue": 133004000,
        "costOfRevenue": 49861000,
        "grossProfit": 83143000,
        "grossProfitRatio": 0.6251165378,
        "researchAndDevelopmentExpenses": 0,
        "generalAndAdministrativeExpenses": 12223000,
        "sellingAndMarketingExpenses": 0,
        "sellingGeneralAndAdministrativeExpenses": 12223000,
        "otherExpenses": 61234000,
        "operatingExpenses": 27201000,
        "costAndExpenses": 77062000,
        "interestIncome": 2000,
        "interestExpense": 19678000,
        "depreciationAndAmortization": 28987000,
        "ebitda": 85313000,
        "ebitdaratio": 0.6414318366,
        "operatingIncome": 55942000,
        "operatingIncomeRatio": 0.4206038916,
        "totalOtherIncomeExpensesNet": -19294000,
        "incomeBeforeTax": 36648000,
        "incomeBeforeTaxRatio": 0.2755405852,
        "incomeTaxExpense": 20839000,
        "netIncome": 36457000,
        "netIncomeRatio": 0.2741045382,
        "eps": 0.52,
        "epsdiluted": 0.52,
        "weightedAverageShsOut": 70267332,
        "weightedAverageShsOutDil": 70359207,
        "link": "https://www.sec.gov/Archives/edgar/data/944314/000156459020038401/0001564590-20-038401-index.htm",
        "finalLink": "https://www.sec.gov/Archives/edgar/data/944314/000156459020038401/lsi-10q_20200630.htm"
    },
    {
        "date": "2020-03-31",
        "symbol": "LSI",
        "reportedCurrency": "USD",
        "cik": "0000944314",
        "fillingDate": "2020-05-08",
        "acceptedDate": "2020-05-08 16:17:14",
        "calendarYear": "2020",
        "period": "Q1",
        "revenue": 133320000,
        "costOfRevenue": 50258000,
        "grossProfit": 83062000,
        "grossProfitRatio": 0.6230273027,
        "researchAndDevelopmentExpenses": 0,
        "generalAndAdministrativeExpenses": 12906000,
        "sellingAndMarketingExpenses": 0,
        "sellingGeneralAndAdministrativeExpenses": 12906000,
        "otherExpenses": 61180000,
        "operatingExpenses": 27613000,
        "costAndExpenses": 77871000,
        "interestIncome": 4000,
        "interestExpense": 19632000,
        "depreciationAndAmortization": 28330000,
        "ebitda": 84285000,
        "ebitdaratio": 0.6322007201,
        "operatingIncome": 55751000,
        "operatingIncomeRatio": 0.4181743174,
        "totalOtherIncomeExpensesNet": -19126000,
        "incomeBeforeTax": 36625000,
        "incomeBeforeTaxRatio": 0.2747149715,
        "incomeTaxExpense": 20940000,
        "netIncome": 36433000,
        "netIncomeRatio": 0.2732748275,
        "eps": 0.52,
        "epsdiluted": 0.52,
        "weightedAverageShsOut": 70015855,
        "weightedAverageShsOutDil": 70126344,
        "link": "https://www.sec.gov/Archives/edgar/data/944314/000156459020023573/0001564590-20-023573-index.htm",
        "finalLink": "https://www.sec.gov/Archives/edgar/data/944314/000156459020023573/lsi-10q_20200331.htm"
    },
    {
        "date": "2019-12-31",
        "symbol": "LSI",
        "reportedCurrency": "USD",
        "cik": "0000944314",
        "fillingDate": "2020-02-25",
        "acceptedDate": "2020-02-25 17:31:00",
        "calendarYear": "2019",
        "period": "Q4",
        "revenue": 133268000,
        "costOfRevenue": 49928000,
        "grossProfit": 83340000,
        "grossProfitRatio": 0.6253564246,
        "researchAndDevelopmentExpenses": 0,
        "generalAndAdministrativeExpenses": 12221000,
        "sellingAndMarketingExpenses": 0,
        "sellingGeneralAndAdministrativeExpenses": 12221000,
        "otherExpenses": 223413000,
        "operatingExpenses": 25826000,
        "costAndExpenses": 75754000,
        "interestIncome": 2000,
        "interestExpense": 19477000,
        "depreciationAndAmortization": 27891000,
        "ebitda": 86263000,
        "ebitdaratio": 0.6472896719,
        "operatingIncome": 62350000,
        "operatingIncomeRatio": 0.4678542486,
        "totalOtherIncomeExpensesNet": -18619000,
        "incomeBeforeTax": 43731000,
        "incomeBeforeTaxRatio": 0.3281432902,
        "incomeTaxExpense": 21177000,
        "netIncome": 43501000,
        "netIncomeRatio": 0.3264174445,
        "eps": 0.62,
        "epsdiluted": 0.62,
        "weightedAverageShsOut": 69902115,
        "weightedAverageShsOutDil": 70030851,
        "link": "https://www.sec.gov/Archives/edgar/data/944314/000156459020006451/0001564590-20-006451-index.htm",
        "finalLink": "https://www.sec.gov/Archives/edgar/data/944314/000156459020006451/lsi-10k_20191231.htm"
    },
    {
        "date": "2019-09-30",
        "symbol": "LSI",
        "reportedCurrency": "USD",
        "cik": "0000944314",
        "fillingDate": "2019-10-31",
        "acceptedDate": "2019-10-31 16:17:16",
        "calendarYear": "2019",
        "period": "Q3",
        "revenue": 128565000,
        "costOfRevenue": 48331000,
        "grossProfit": 80234000,
        "grossProfitRatio": 0.6240734259,
        "researchAndDevelopmentExpenses": 0,
        "generalAndAdministrativeExpenses": 11629000,
        "sellingAndMarketingExpenses": 0,
        "sellingGeneralAndAdministrativeExpenses": 11629000,
        "otherExpenses": 59069000,
        "operatingExpenses": 21414000,
        "costAndExpenses": 69745000,
        "interestIncome": 289000,
        "interestExpense": 19760000,
        "depreciationAndAmortization": 26852000,
        "ebitda": 43923000,
        "ebitdaratio": 0.3416404154,
        "operatingIncome": 159042000,
        "operatingIncomeRatio": 1.2370551861,
        "totalOtherIncomeExpensesNet": 123677000,
        "incomeBeforeTax": 140746000,
        "incomeBeforeTaxRatio": 1.0947458484,
        "incomeTaxExpense": 21681000,
        "netIncome": 140002000,
        "netIncomeRatio": 1.0889588924,
        "eps": 2,
        "epsdiluted": 1.99,
        "weightedAverageShsOut": 69879045,
        "weightedAverageShsOutDil": 69985657,
        "link": "https://www.sec.gov/Archives/edgar/data/944314/000156459019039148/0001564590-19-039148-index.htm",
        "finalLink": "https://www.sec.gov/Archives/edgar/data/944314/000156459019039148/lsi-10q_20190930.htm"
    },
    {
        "date": "2019-06-30",
        "symbol": "LSI",
        "reportedCurrency": "USD",
        "cik": "0000944314",
        "fillingDate": "2019-08-01",
        "acceptedDate": "2019-08-01 16:45:30",
        "calendarYear": "2019",
        "period": "Q2",
        "revenue": 132173000,
        "costOfRevenue": 49793000,
        "grossProfit": 82380000,
        "grossProfitRatio": 0.6232740424,
        "researchAndDevelopmentExpenses": 0,
        "generalAndAdministrativeExpenses": 10510000,
        "sellingAndMarketingExpenses": 0,
        "sellingGeneralAndAdministrativeExpenses": 10510000,
        "otherExpenses": 59591000,
        "operatingExpenses": 23813000,
        "costAndExpenses": 73606000,
        "interestIncome": 46000,
        "interestExpense": 18196000,
        "depreciationAndAmortization": 26158000,
        "ebitda": 85318000,
        "ebitdaratio": 0.6455024854,
        "operatingIncome": 58567000,
        "operatingIncomeRatio": 0.4431086531,
        "totalOtherIncomeExpensesNet": -17603000,
        "incomeBeforeTax": 40964000,
        "incomeBeforeTaxRatio": 0.3099271409,
        "incomeTaxExpense": 19528000,
        "netIncome": 40742000,
        "netIncomeRatio": 0.3082475241,
        "eps": 0.58,
        "epsdiluted": 0.58,
        "weightedAverageShsOut": 69873352,
        "weightedAverageShsOutDil": 69946821,
        "link": "https://www.sec.gov/Archives/edgar/data/944314/000156459019028006/0001564590-19-028006-index.htm",
        "finalLink": "https://www.sec.gov/Archives/edgar/data/944314/000156459019028006/lsi-10q_20190630.htm"
    },
    {
        "date": "2019-03-31",
        "symbol": "LSI",
        "reportedCurrency": "USD",
        "cik": "0000944314",
        "fillingDate": "2019-05-02",
        "acceptedDate": "2019-05-02 16:17:06",
        "calendarYear": "2019",
        "period": "Q1",
        "revenue": 124146000,
        "costOfRevenue": 47253000,
        "grossProfit": 76893000,
        "grossProfitRatio": 0.6193755739,
        "researchAndDevelopmentExpenses": 0,
        "generalAndAdministrativeExpenses": 12478000,
        "sellingAndMarketingExpenses": 0,
        "sellingGeneralAndAdministrativeExpenses": 12478000,
        "otherExpenses": 57388000,
        "operatingExpenses": 26329000,
        "costAndExpenses": 73582000,
        "interestIncome": 5000,
        "interestExpense": 17819000,
        "depreciationAndAmortization": 26227000,
        "ebitda": 77607000,
        "ebitdaratio": 0.6251268668,
        "operatingIncome": 51640000,
        "operatingIncomeRatio": 0.4159618514,
        "totalOtherIncomeExpensesNet": -17003000,
        "incomeBeforeTax": 34637000,
        "incomeBeforeTaxRatio": 0.2790021426,
        "incomeTaxExpense": 18813000,
        "netIncome": 34454000,
        "netIncomeRatio": 0.2775280718,
        "eps": 0.49,
        "epsdiluted": 0.49,
        "weightedAverageShsOut": 69847269,
        "weightedAverageShsOutDil": 69955050,
        "link": "https://www.sec.gov/Archives/edgar/data/944314/000156459019015345/0001564590-19-015345-index.htm",
        "finalLink": "https://www.sec.gov/Archives/edgar/data/944314/000156459019015345/lsi-10q_20190331.htm"
    },
    {
        "date": "2018-12-31",
        "symbol": "LSI",
        "reportedCurrency": "USD",
        "cik": "0000944314",
        "fillingDate": "2019-02-26",
        "acceptedDate": "2019-02-26 16:19:48",
        "calendarYear": "2018",
        "period": "Q4",
        "revenue": 129109000,
        "costOfRevenue": 45532000,
        "grossProfit": 83577000,
        "grossProfitRatio": 0.6473367465,
        "researchAndDevelopmentExpenses": 0,
        "generalAndAdministrativeExpenses": 12810000,
        "sellingAndMarketingExpenses": 0,
        "sellingGeneralAndAdministrativeExpenses": 12810000,
        "otherExpenses": 208710000,
        "operatingExpenses": 29345000,
        "costAndExpenses": 74877000,
        "interestIncome": 5000,
        "interestExpense": 17443000,
        "depreciationAndAmortization": 25691000,
        "ebitda": 80401000,
        "ebitdaratio": 0.6227373769,
        "operatingIncome": 109705000,
        "operatingIncomeRatio": 0.8497083859,
        "totalOtherIncomeExpensesNet": -16965000,
        "incomeBeforeTax": 92740000,
        "incomeBeforeTaxRatio": 0.7183077864,
        "incomeTaxExpense": 18932000,
        "netIncome": 92307000,
        "netIncomeRatio": 0.7149540311,
        "eps": 1.32,
        "epsdiluted": 1.32,
        "weightedAverageShsOut": 69814938,
        "weightedAverageShsOutDil": 69968422,
        "link": "https://www.sec.gov/Archives/edgar/data/944314/000156459019004470/0001564590-19-004470-index.htm",
        "finalLink": "https://www.sec.gov/Archives/edgar/data/944314/000156459019004470/lsi-10k_20181231.htm"
    },
    {
        "date": "2018-09-30",
        "symbol": "LSI",
        "reportedCurrency": "USD",
        "cik": "0000944314",
        "fillingDate": "2018-11-01",
        "acceptedDate": "2018-11-01 16:16:54",
        "calendarYear": "2018",
        "period": "Q3",
        "revenue": 128818000,
        "costOfRevenue": 45766000,
        "grossProfit": 83052000,
        "grossProfitRatio": 0.6447235635,
        "researchAndDevelopmentExpenses": 0,
        "generalAndAdministrativeExpenses": 11883000,
        "sellingAndMarketingExpenses": 0,
        "sellingGeneralAndAdministrativeExpenses": 11883000,
        "otherExpenses": 57607000,
        "operatingExpenses": 26509000,
        "costAndExpenses": 72275000,
        "interestIncome": 2000,
        "interestExpense": 17923000,
        "depreciationAndAmortization": 27291000,
        "ebitda": 84882000,
        "ebitdaratio": 0.6589296527,
        "operatingIncome": 56543000,
        "operatingIncomeRatio": 0.4389371051,
        "totalOtherIncomeExpensesNet": -15232000,
        "incomeBeforeTax": 41311000,
        "incomeBeforeTaxRatio": 0.3206927603,
        "incomeTaxExpense": 19160000,
        "netIncome": 41120000,
        "netIncomeRatio": 0.3192100483,
        "eps": 0.59,
        "epsdiluted": 0.59,
        "weightedAverageShsOut": 69789543,
        "weightedAverageShsOutDil": 69941952,
        "link": "https://www.sec.gov/Archives/edgar/data/944314/000156459018026237/0001564590-18-026237-index.htm",
        "finalLink": "https://www.sec.gov/Archives/edgar/data/944314/000156459018026237/lsi-10q_20180930.htm"
    },
    {
        "date": "2018-06-30",
        "symbol": "LSI",
        "reportedCurrency": "USD",
        "cik": "0000944314",
        "fillingDate": "2018-08-02",
        "acceptedDate": "2018-08-02 16:16:49",
        "calendarYear": "2018",
        "period": "Q2",
        "revenue": 125892000,
        "costOfRevenue": 45430000,
        "grossProfit": 80462000,
        "grossProfitRatio": 0.6391351317,
        "researchAndDevelopmentExpenses": 0,
        "generalAndAdministrativeExpenses": 11869000,
        "sellingAndMarketingExpenses": 0,
        "sellingGeneralAndAdministrativeExpenses": 11869000,
        "otherExpenses": 54571000,
        "operatingExpenses": 24537000,
        "costAndExpenses": 69967000,
        "interestIncome": 2000,
        "interestExpense": 17518000,
        "depreciationAndAmortization": 24784000,
        "ebitda": 81759000,
        "ebitdaratio": 0.6494376132,
        "operatingIncome": 55925000,
        "operatingIncomeRatio": 0.4442299749,
        "totalOtherIncomeExpensesNet": -16468000,
        "incomeBeforeTax": 39457000,
        "incomeBeforeTaxRatio": 0.3134194389,
        "incomeTaxExpense": 18749000,
        "netIncome": 39274000,
        "netIncomeRatio": 0.311965812,
        "eps": 0.56,
        "epsdiluted": 0.56,
        "weightedAverageShsOut": 69721360,
        "weightedAverageShsOutDil": 69864528,
        "link": "https://www.sec.gov/Archives/edgar/data/944314/000156459018018912/0001564590-18-018912-index.htm",
        "finalLink": "https://www.sec.gov/Archives/edgar/data/944314/000156459018018912/lsi-10q_20180630.htm"
    },
    {
        "date": "2018-03-31",
        "symbol": "LSI",
        "reportedCurrency": "USD",
        "cik": "0000944314",
        "fillingDate": "2018-05-03",
        "acceptedDate": "2018-05-03 16:16:32",
        "calendarYear": "2018",
        "period": "Q1",
        "revenue": 121624000,
        "costOfRevenue": 45868000,
        "grossProfit": 75756000,
        "grossProfitRatio": 0.6228704861,
        "researchAndDevelopmentExpenses": 0,
        "generalAndAdministrativeExpenses": 12185000,
        "sellingAndMarketingExpenses": 0,
        "sellingGeneralAndAdministrativeExpenses": 12185000,
        "otherExpenses": 55213000,
        "operatingExpenses": 25479000,
        "costAndExpenses": 71347000,
        "interestIncome": 4000,
        "interestExpense": 17204000,
        "depreciationAndAmortization": 24764000,
        "ebitda": 76017000,
        "ebitdaratio": 0.6250164441,
        "operatingIncome": 50277000,
        "operatingIncomeRatio": 0.4133805828,
        "totalOtherIncomeExpensesNet": -16228000,
        "incomeBeforeTax": 34049000,
        "incomeBeforeTaxRatio": 0.2799529698,
        "incomeTaxExpense": 18336000,
        "netIncome": 33889000,
        "netIncomeRatio": 0.27863744,
        "eps": 0.49,
        "epsdiluted": 0.49,
        "weightedAverageShsOut": 69678738,
        "weightedAverageShsOutDil": 69805008,
        "link": "https://www.sec.gov/Archives/edgar/data/944314/000156459018010686/0001564590-18-010686-index.htm",
        "finalLink": "https://www.sec.gov/Archives/edgar/data/944314/000156459018010686/lsi-10q_20180331.htm"
    },
    {
        "date": "2017-12-31",
        "symbol": "LSI",
        "reportedCurrency": "USD",
        "cik": "0000944314",
        "fillingDate": "2018-02-27",
        "acceptedDate": "2018-02-27 16:22:19",
        "calendarYear": "2017",
        "period": "Q4",
        "revenue": 124408000,
        "costOfRevenue": 44989000,
        "grossProfit": 79419000,
        "grossProfitRatio": 0.6383753456,
        "researchAndDevelopmentExpenses": 0,
        "generalAndAdministrativeExpenses": 11722000,
        "sellingAndMarketingExpenses": 0,
        "sellingGeneralAndAdministrativeExpenses": 11722000,
        "otherExpenses": 206470000,
        "operatingExpenses": 28642000,
        "costAndExpenses": 73631000,
        "interestIncome": 2000,
        "interestExpense": 16039000,
        "depreciationAndAmortization": 25590000,
        "ebitda": -74804000,
        "ebitdaratio": -0.6012796605,
        "operatingIncome": 50777000,
        "operatingIncomeRatio": 0.4081489936,
        "totalOtherIncomeExpensesNet": -29592000,
        "incomeBeforeTax": 21185000,
        "incomeBeforeTaxRatio": 0.1702864768,
        "incomeTaxExpense": 17195000,
        "netIncome": 21084000,
        "netIncomeRatio": 0.1694746319,
        "eps": 0.3,
        "epsdiluted": 0.3,
        "weightedAverageShsOut": 69607380,
        "weightedAverageShsOutDil": 69812890,
        "link": "https://www.sec.gov/Archives/edgar/data/944314/000156459018003512/0001564590-18-003512-index.htm",
        "finalLink": "https://www.sec.gov/Archives/edgar/data/944314/000156459018003512/lsi-10k_20171231.htm"
    },
    {
        "date": "2017-09-30",
        "symbol": "LSI",
        "reportedCurrency": "USD",
        "cik": "0000944314",
        "fillingDate": "2017-11-03",
        "acceptedDate": "2017-11-03 16:24:11",
        "calendarYear": "2017",
        "period": "Q3",
        "revenue": 126522000,
        "costOfRevenue": 47301000,
        "grossProfit": 79221000,
        "grossProfitRatio": 0.6261440698,
        "researchAndDevelopmentExpenses": 0,
        "generalAndAdministrativeExpenses": 10914000,
        "sellingAndMarketingExpenses": 0,
        "sellingGeneralAndAdministrativeExpenses": 10914000,
        "otherExpenses": 58811000,
        "operatingExpenses": 28017000,
        "costAndExpenses": 75318000,
        "interestIncome": 1000,
        "interestExpense": 15770000,
        "depreciationAndAmortization": 26149000,
        "ebitda": 77586000,
        "ebitdaratio": 0.613221416,
        "operatingIncome": 51204000,
        "operatingIncomeRatio": 0.4047043202,
        "totalOtherIncomeExpensesNet": -15537000,
        "incomeBeforeTax": 35667000,
        "incomeBeforeTaxRatio": 0.2819035425,
        "incomeTaxExpense": 16693000,
        "netIncome": 35496000,
        "netIncomeRatio": 0.2805519989,
        "eps": 0.51,
        "epsdiluted": 0.51,
        "weightedAverageShsOut": 69623673,
        "weightedAverageShsOutDil": 69780466,
        "link": "https://www.sec.gov/Archives/edgar/data/944314/000156459017021530/0001564590-17-021530-index.htm",
        "finalLink": "https://www.sec.gov/Archives/edgar/data/944314/000156459017021530/lsi-10q_20170930.htm"
    },
    {
        "date": "2017-06-30",
        "symbol": "LSI",
        "reportedCurrency": "USD",
        "cik": "0000944314",
        "fillingDate": "2017-08-04",
        "acceptedDate": "2017-08-04 16:07:42",
        "calendarYear": "2017",
        "period": "Q2",
        "revenue": 123829000,
        "costOfRevenue": 44358000,
        "grossProfit": 79471000,
        "grossProfitRatio": 0.6417801969,
        "researchAndDevelopmentExpenses": 0,
        "generalAndAdministrativeExpenses": 15959000,
        "sellingAndMarketingExpenses": 0,
        "sellingGeneralAndAdministrativeExpenses": 15959000,
        "otherExpenses": 67824000,
        "operatingExpenses": 45109000,
        "costAndExpenses": 89467000,
        "interestIncome": 1000,
        "interestExpense": 15196000,
        "depreciationAndAmortization": 38105000,
        "ebitda": 72733000,
        "ebitdaratio": 0.5873664489,
        "operatingIncome": 34362000,
        "operatingIncomeRatio": 0.2774955786,
        "totalOtherIncomeExpensesNet": -14930000,
        "incomeBeforeTax": 19432000,
        "incomeBeforeTaxRatio": 0.1569260836,
        "incomeTaxExpense": 16058000,
        "netIncome": 19355000,
        "netIncomeRatio": 0.1563042583,
        "eps": 0.28,
        "epsdiluted": 0.28,
        "weightedAverageShsOut": 69547335,
        "weightedAverageShsOutDil": 69716520,
        "link": "https://www.sec.gov/Archives/edgar/data/944314/000119312517248737/0001193125-17-248737-index.htm",
        "finalLink": "https://www.sec.gov/Archives/edgar/data/944314/000119312517248737/d355987d10q.htm"
    },
    {
        "date": "2017-03-31",
        "symbol": "LSI",
        "reportedCurrency": "USD",
        "cik": "0000944314",
        "fillingDate": "2017-05-04",
        "acceptedDate": "2017-05-04 16:18:05",
        "calendarYear": "2017",
        "period": "Q1",
        "revenue": 120412000,
        "costOfRevenue": 44231000,
        "grossProfit": 76181000,
        "grossProfitRatio": 0.6326695014,
        "researchAndDevelopmentExpenses": 0,
        "generalAndAdministrativeExpenses": 11436000,
        "sellingAndMarketingExpenses": 0,
        "sellingGeneralAndAdministrativeExpenses": 11436000,
        "otherExpenses": 0,
        "operatingExpenses": 41170000,
        "costAndExpenses": 85401000,
        "interestIncome": 3000,
        "interestExpense": 14690000,
        "depreciationAndAmortization": 37642000,
        "ebitda": 72857000,
        "ebitdaratio": 0.6050642793,
        "operatingIncome": 35011000,
        "operatingIncomeRatio": 0.2907600571,
        "totalOtherIncomeExpensesNet": -14486000,
        "incomeBeforeTax": 20525000,
        "incomeBeforeTaxRatio": 0.1704564329,
        "incomeTaxExpense": 15507000,
        "netIncome": 20429000,
        "netIncomeRatio": 0.1696591702,
        "eps": 0.29,
        "epsdiluted": 0.29,
        "weightedAverageShsOut": 69456852,
        "weightedAverageShsOutDil": 69628336,
        "link": "https://www.sec.gov/Archives/edgar/data/944314/000119312517158714/0001193125-17-158714-index.htm",
        "finalLink": "https://www.sec.gov/Archives/edgar/data/944314/000119312517158714/d373658d10q.htm"
    },
    {
        "date": "2016-12-31",
        "symbol": "LSI",
        "reportedCurrency": "USD",
        "cik": "0000944314",
        "fillingDate": "2017-02-27",
        "acceptedDate": "2017-02-27 16:53:37",
        "calendarYear": "2016",
        "period": "Q4",
        "revenue": 121067000,
        "costOfRevenue": 42198000,
        "grossProfit": 78869000,
        "grossProfitRatio": 0.6514491976,
        "researchAndDevelopmentExpenses": 0,
        "generalAndAdministrativeExpenses": 11617000,
        "sellingAndMarketingExpenses": 0,
        "sellingGeneralAndAdministrativeExpenses": 11617000,
        "otherExpenses": 223589000,
        "operatingExpenses": 45005000,
        "costAndExpenses": 87203000,
        "interestIncome": 11000,
        "interestExpense": 14632000,
        "depreciationAndAmortization": 40999000,
        "ebitda": 75225000,
        "ebitdaratio": 0.6213501615,
        "operatingIncome": 31837000,
        "operatingIncomeRatio": 0.2629700909,
        "totalOtherIncomeExpensesNet": 71701000,
        "incomeBeforeTax": 18190000,
        "incomeBeforeTaxRatio": 0.1502473837,
        "incomeTaxExpense": 15525000,
        "netIncome": 18167000,
        "netIncomeRatio": 0.1500574062,
        "eps": 0.26,
        "epsdiluted": 0.26,
        "weightedAverageShsOut": 69309286,
        "weightedAverageShsOutDil": 69578976,
        "link": "https://www.sec.gov/Archives/edgar/data/944314/000119312517059149/0001193125-17-059149-index.htm",
        "finalLink": "https://www.sec.gov/Archives/edgar/data/944314/000119312517059149/d302464d10k.htm"
    },
    {
        "date": "2016-09-30",
        "symbol": "LSI",
        "reportedCurrency": "USD",
        "cik": "0000944314",
        "fillingDate": "2016-11-04",
        "acceptedDate": "2016-11-04 16:17:20",
        "calendarYear": "2016",
        "period": "Q3",
        "revenue": 119908000,
        "costOfRevenue": 41484000,
        "grossProfit": 78424000,
        "grossProfitRatio": 0.65403476,
        "researchAndDevelopmentExpenses": 0,
        "generalAndAdministrativeExpenses": 10909000,
        "sellingAndMarketingExpenses": 0,
        "sellingGeneralAndAdministrativeExpenses": 10909000,
        "otherExpenses": 95007000,
        "operatingExpenses": 44421000,
        "costAndExpenses": 85905000,
        "interestIncome": 13000,
        "interestExpense": 14136000,
        "depreciationAndAmortization": 41405000,
        "ebitda": 50887000,
        "ebitdaratio": 0.4243836942,
        "operatingIncome": 8783000,
        "operatingIncomeRatio": 0.0732478233,
        "totalOtherIncomeExpensesNet": -13752000,
        "incomeBeforeTax": -4969000,
        "incomeBeforeTaxRatio": -0.0414401041,
        "incomeTaxExpense": 14787000,
        "netIncome": -4738000,
        "netIncomeRatio": -0.0395136271,
        "eps": -0.0685,
        "epsdiluted": -0.0685,
        "weightedAverageShsOut": 69208618,
        "weightedAverageShsOutDil": 69208618,
        "link": "https://www.sec.gov/Archives/edgar/data/944314/000119312516760197/0001193125-16-760197-index.htm",
        "finalLink": "https://www.sec.gov/Archives/edgar/data/944314/000119312516760197/d183364d10q.htm"
    },
    {
        "date": "2016-06-30",
        "symbol": "LSI",
        "reportedCurrency": "USD",
        "cik": "0000944314",
        "fillingDate": "2016-08-05",
        "acceptedDate": "2016-08-05 16:19:18",
        "calendarYear": "2016",
        "period": "Q2",
        "revenue": 100264000,
        "costOfRevenue": 34174000,
        "grossProfit": 66090000,
        "grossProfitRatio": 0.6591598181,
        "researchAndDevelopmentExpenses": 0,
        "generalAndAdministrativeExpenses": 10114000,
        "sellingAndMarketingExpenses": 0,
        "sellingGeneralAndAdministrativeExpenses": 10114000,
        "otherExpenses": 43098000,
        "operatingExpenses": 21624000,
        "costAndExpenses": 55798000,
        "interestIncome": 37000,
        "interestExpense": 15223000,
        "depreciationAndAmortization": 18251000,
        "ebitda": 63402000,
        "ebitdaratio": 0.6323505944,
        "operatingIncome": 42772000,
        "operatingIncomeRatio": 0.4265937924,
        "totalOtherIncomeExpensesNet": 732000,
        "incomeBeforeTax": 43504000,
        "incomeBeforeTaxRatio": 0.4338945185,
        "incomeTaxExpense": 16269000,
        "netIncome": 43456000,
        "netIncomeRatio": 0.4334157823,
        "eps": 0.69,
        "epsdiluted": 0.69,
        "weightedAverageShsOut": 62970583,
        "weightedAverageShsOutDil": 63341082,
        "link": "https://www.sec.gov/Archives/edgar/data/944314/000119312516673498/0001193125-16-673498-index.htm",
        "finalLink": "https://www.sec.gov/Archives/edgar/data/944314/000119312516673498/d219447d10q.htm"
    },
    {
        "date": "2016-03-31",
        "symbol": "LSI",
        "reportedCurrency": "USD",
        "cik": "0000944314",
        "fillingDate": "2016-05-04",
        "acceptedDate": "2016-05-04 16:16:42",
        "calendarYear": "2016",
        "period": "Q1",
        "revenue": 92976000,
        "costOfRevenue": 33408000,
        "grossProfit": 59568000,
        "grossProfitRatio": 0.6406814662,
        "researchAndDevelopmentExpenses": 0,
        "generalAndAdministrativeExpenses": 10464000,
        "sellingAndMarketingExpenses": 0,
        "sellingGeneralAndAdministrativeExpenses": 10464000,
        "otherExpenses": 0,
        "operatingExpenses": 20741000,
        "costAndExpenses": 54149000,
        "interestIncome": 6000,
        "interestExpense": 8778000,
        "depreciationAndAmortization": 16425000,
        "ebitda": 55817000,
        "ebitdaratio": 0.6003377216,
        "operatingIncome": 36443000,
        "operatingIncomeRatio": 0.3919613664,
        "totalOtherIncomeExpensesNet": -4698000,
        "incomeBeforeTax": 28230000,
        "incomeBeforeTaxRatio": 0.3036267424,
        "incomeTaxExpense": 9584000,
        "netIncome": 28339000,
        "netIncomeRatio": 0.3047990879,
        "eps": 0.49,
        "epsdiluted": 0.49,
        "weightedAverageShsOut": 57616225,
        "weightedAverageShsOutDil": 57994707,
        "link": "https://www.sec.gov/Archives/edgar/data/944314/000119312516577605/0001193125-16-577605-index.htm",
        "finalLink": "https://www.sec.gov/Archives/edgar/data/944314/000119312516577605/d172721d10q.htm"
    },
    {
        "date": "2015-12-31",
        "symbol": "LSI",
        "reportedCurrency": "USD",
        "cik": "0000944314",
        "fillingDate": "2016-02-25",
        "acceptedDate": "2016-02-25 16:10:38",
        "calendarYear": "2015",
        "period": "Q4",
        "revenue": 89488000,
        "costOfRevenue": 30167000,
        "grossProfit": 59321000,
        "grossProfitRatio": 0.6628933488,
        "researchAndDevelopmentExpenses": 0,
        "generalAndAdministrativeExpenses": 10201000,
        "sellingAndMarketingExpenses": 0,
        "sellingGeneralAndAdministrativeExpenses": 10201000,
        "otherExpenses": 137222000,
        "operatingExpenses": 19717000,
        "costAndExpenses": 49884000,
        "interestIncome": 0,
        "interestExpense": 9032000,
        "depreciationAndAmortization": 15068000,
        "ebitda": -19668000,
        "ebitdaratio": -0.2197836581,
        "operatingIncome": 39028000,
        "operatingIncomeRatio": 0.436125514,
        "totalOtherIncomeExpensesNet": -8845000,
        "incomeBeforeTax": 30183000,
        "incomeBeforeTaxRatio": 0.3372854461,
        "incomeTaxExpense": 10148000,
        "netIncome": 30037000,
        "netIncomeRatio": 0.3356539424,
        "eps": 0.55,
        "epsdiluted": 0.55,
        "weightedAverageShsOut": 54163515,
        "weightedAverageShsOutDil": 54490627,
        "link": "https://www.sec.gov/Archives/edgar/data/944314/000119312516478278/0001193125-16-478278-index.htm",
        "finalLink": "https://www.sec.gov/Archives/edgar/data/944314/000119312516478278/d115546d10k.htm"
    },
    {
        "date": "2015-09-30",
        "symbol": "LSI",
        "reportedCurrency": "USD",
        "cik": "0000944314",
        "fillingDate": "2015-11-04",
        "acceptedDate": "2015-11-04 09:05:46",
        "calendarYear": "2015",
        "period": "Q3",
        "revenue": 89590000,
        "costOfRevenue": 30201000,
        "grossProfit": 59389000,
        "grossProfitRatio": 0.6628976448,
        "researchAndDevelopmentExpenses": 0,
        "generalAndAdministrativeExpenses": 9367000,
        "sellingAndMarketingExpenses": 0,
        "sellingGeneralAndAdministrativeExpenses": 9367000,
        "otherExpenses": 0,
        "operatingExpenses": 18200000,
        "costAndExpenses": 48401000,
        "interestIncome": 1000,
        "interestExpense": 9123000,
        "depreciationAndAmortization": 14671000,
        "ebitda": 56501000,
        "ebitdaratio": 0.6306619042,
        "operatingIncome": 40143000,
        "operatingIncomeRatio": 0.4480745619,
        "totalOtherIncomeExpensesNet": -8482000,
        "incomeBeforeTax": 31661000,
        "incomeBeforeTaxRatio": 0.3533988168,
        "incomeTaxExpense": 10216000,
        "netIncome": 31504000,
        "netIncomeRatio": 0.3516463891,
        "eps": 0.59,
        "epsdiluted": 0.59,
        "weightedAverageShsOut": 53550562,
        "weightedAverageShsOutDil": 53875657,
        "link": "https://www.sec.gov/Archives/edgar/data/944314/000119312515365345/0001193125-15-365345-index.htm",
        "finalLink": "https://www.sec.gov/Archives/edgar/data/944314/000119312515365345/d47524d10q.htm"
    },
    {
        "date": "2015-06-30",
        "symbol": "LSI",
        "reportedCurrency": "USD",
        "cik": "0000944314",
        "fillingDate": "2015-08-04",
        "acceptedDate": "2015-08-04 16:06:01",
        "calendarYear": "2015",
        "period": "Q2",
        "revenue": 84942000,
        "costOfRevenue": 28631000,
        "grossProfit": 56311000,
        "grossProfitRatio": 0.6629347084,
        "researchAndDevelopmentExpenses": 0,
        "generalAndAdministrativeExpenses": 9686000,
        "sellingAndMarketingExpenses": 0,
        "sellingGeneralAndAdministrativeExpenses": 9686000,
        "otherExpenses": 0,
        "operatingExpenses": 18486000,
        "costAndExpenses": 47117000,
        "interestIncome": 2000,
        "interestExpense": 8920000,
        "depreciationAndAmortization": 14584000,
        "ebitda": 52968000,
        "ebitdaratio": 0.6235784418,
        "operatingIncome": 37037000,
        "operatingIncomeRatio": 0.436026936,
        "totalOtherIncomeExpensesNet": -8361000,
        "incomeBeforeTax": 28676000,
        "incomeBeforeTaxRatio": 0.3375950649,
        "incomeTaxExpense": 9917000,
        "netIncome": 28532000,
        "netIncomeRatio": 0.3358997904,
        "eps": 0.54,
        "epsdiluted": 0.53,
        "weightedAverageShsOut": 53066541,
        "weightedAverageShsOutDil": 53404530,
        "link": "https://www.sec.gov/Archives/edgar/data/944314/000119312515276516/0001193125-15-276516-index.htm",
        "finalLink": "https://www.sec.gov/Archives/edgar/data/944314/000119312515276516/d948752d10q.htm"
    },
    {
        "date": "2015-03-31",
        "symbol": "LSI",
        "reportedCurrency": "USD",
        "cik": "0000944314",
        "fillingDate": "2015-05-04",
        "acceptedDate": "2015-05-04 16:06:59",
        "calendarYear": "2015",
        "period": "Q1",
        "revenue": 80250000,
        "costOfRevenue": 30162000,
        "grossProfit": 50088000,
        "grossProfitRatio": 0.6241495327,
        "researchAndDevelopmentExpenses": 0,
        "generalAndAdministrativeExpenses": 9406000,
        "sellingAndMarketingExpenses": 0,
        "sellingGeneralAndAdministrativeExpenses": 9406000,
        "otherExpenses": 0,
        "operatingExpenses": 18429000,
        "costAndExpenses": 48591000,
        "interestIncome": 2000,
        "interestExpense": 8865000,
        "depreciationAndAmortization": 14181000,
        "ebitda": 46192000,
        "ebitdaratio": 0.5756012461,
        "operatingIncome": 31077000,
        "operatingIncomeRatio": 0.3872523364,
        "totalOtherIncomeExpensesNet": -8520000,
        "incomeBeforeTax": 22557000,
        "incomeBeforeTaxRatio": 0.2810841121,
        "incomeTaxExpense": 9617000,
        "netIncome": 22451000,
        "netIncomeRatio": 0.2797632399,
        "eps": 0.43,
        "epsdiluted": 0.43,
        "weightedAverageShsOut": 51494652,
        "weightedAverageShsOutDil": 51832306,
        "link": "https://www.sec.gov/Archives/edgar/data/944314/000119312515168973/0001193125-15-168973-index.htm",
        "finalLink": "https://www.sec.gov/Archives/edgar/data/944314/000119312515168973/d893664d10q.htm"
    },
    {
        "date": "2014-12-31",
        "symbol": "LSI",
        "reportedCurrency": "USD",
        "cik": "0000944314",
        "fillingDate": "2015-02-24",
        "acceptedDate": "2015-02-24 16:18:39",
        "calendarYear": "2014",
        "period": "Q4",
        "revenue": 80118000,
        "costOfRevenue": 27992000,
        "grossProfit": 52126000,
        "grossProfitRatio": 0.6506153424,
        "researchAndDevelopmentExpenses": 0,
        "generalAndAdministrativeExpenses": 10393000,
        "sellingAndMarketingExpenses": 0,
        "sellingGeneralAndAdministrativeExpenses": 10393000,
        "otherExpenses": 131175000,
        "operatingExpenses": 19551000,
        "costAndExpenses": 47543000,
        "interestIncome": 9000,
        "interestExpense": 9007000,
        "depreciationAndAmortization": 13969000,
        "ebitda": 46846000,
        "ebitdaratio": 0.584712549,
        "operatingIncome": 31143000,
        "operatingIncomeRatio": 0.3887141466,
        "totalOtherIncomeExpensesNet": -5306000,
        "incomeBeforeTax": 25837000,
        "incomeBeforeTaxRatio": 0.3224868319,
        "incomeTaxExpense": 9684000,
        "netIncome": 25693000,
        "netIncomeRatio": 0.320689483,
        "eps": 0.51,
        "epsdiluted": 0.51,
        "weightedAverageShsOut": 50484553,
        "weightedAverageShsOutDil": 50768857,
        "link": "https://www.sec.gov/Archives/edgar/data/944314/000119312515060048/0001193125-15-060048-index.htm",
        "finalLink": "https://www.sec.gov/Archives/edgar/data/944314/000119312515060048/d837422d10k.htm"
    },
    {
        "date": "2014-09-30",
        "symbol": "LSI",
        "reportedCurrency": "USD",
        "cik": "0000944314",
        "fillingDate": "2014-11-04",
        "acceptedDate": "2014-11-04 16:06:08",
        "calendarYear": "2014",
        "period": "Q3",
        "revenue": 80291000,
        "costOfRevenue": 28222000,
        "grossProfit": 52069000,
        "grossProfitRatio": 0.6485035683,
        "researchAndDevelopmentExpenses": 0,
        "generalAndAdministrativeExpenses": 10041000,
        "sellingAndMarketingExpenses": 0,
        "sellingGeneralAndAdministrativeExpenses": 10041000,
        "otherExpenses": 0,
        "operatingExpenses": 18440000,
        "costAndExpenses": 46662000,
        "interestIncome": 1000,
        "interestExpense": 8903000,
        "depreciationAndAmortization": 13357000,
        "ebitda": 47436000,
        "ebitdaratio": 0.5908009615,
        "operatingIncome": 32419000,
        "operatingIncomeRatio": 0.403768791,
        "totalOtherIncomeExpensesNet": -4624000,
        "incomeBeforeTax": 25743000,
        "incomeBeforeTaxRatio": 0.3206212402,
        "incomeTaxExpense": 9719000,
        "netIncome": 25589000,
        "netIncomeRatio": 0.318703217,
        "eps": 0.51,
        "epsdiluted": 0.51,
        "weightedAverageShsOut": 49851990,
        "weightedAverageShsOutDil": 50097972,
        "link": "https://www.sec.gov/Archives/edgar/data/944314/000119312514396205/0001193125-14-396205-index.htm",
        "finalLink": "https://www.sec.gov/Archives/edgar/data/944314/000119312514396205/d794514d10q.htm"
    },
    {
        "date": "2014-06-30",
        "symbol": "LSI",
        "reportedCurrency": "USD",
        "cik": "0000944314",
        "fillingDate": "2014-08-05",
        "acceptedDate": "2014-08-05 08:55:54",
        "calendarYear": "2014",
        "period": "Q2",
        "revenue": 74394000,
        "costOfRevenue": 26505000,
        "grossProfit": 47889000,
        "grossProfitRatio": 0.6437212678,
        "researchAndDevelopmentExpenses": 0,
        "generalAndAdministrativeExpenses": 10404000,
        "sellingAndMarketingExpenses": 0,
        "sellingGeneralAndAdministrativeExpenses": 10404000,
        "otherExpenses": 0,
        "operatingExpenses": 16835000,
        "costAndExpenses": 43340000,
        "interestIncome": 24000,
        "interestExpense": 8872000,
        "depreciationAndAmortization": 12476000,
        "ebitda": 43992000,
        "ebitdaratio": 0.5913380111,
        "operatingIncome": 29116000,
        "operatingIncomeRatio": 0.3913756486,
        "totalOtherIncomeExpensesNet": -8415000,
        "incomeBeforeTax": 20701000,
        "incomeBeforeTaxRatio": 0.2782616878,
        "incomeTaxExpense": 9435000,
        "netIncome": 20576000,
        "netIncomeRatio": 0.2765814447,
        "eps": 0.42,
        "epsdiluted": 0.41,
        "weightedAverageShsOut": 49199755,
        "weightedAverageShsOutDil": 49469562,
        "link": "https://www.sec.gov/Archives/edgar/data/944314/000119312514294714/0001193125-14-294714-index.htm",
        "finalLink": "https://www.sec.gov/Archives/edgar/data/944314/000119312514294714/d751335d10q.htm"
    },
    {
        "date": "2014-03-31",
        "symbol": "LSI",
        "reportedCurrency": "USD",
        "cik": "0000944314",
        "fillingDate": "2014-05-06",
        "acceptedDate": "2014-05-06 16:05:59",
        "calendarYear": "2014",
        "period": "Q1",
        "revenue": 71051000,
        "costOfRevenue": 27127000,
        "grossProfit": 43924000,
        "grossProfitRatio": 0.6182038254,
        "researchAndDevelopmentExpenses": 0,
        "generalAndAdministrativeExpenses": 9956000,
        "sellingAndMarketingExpenses": 0,
        "sellingGeneralAndAdministrativeExpenses": 9956000,
        "otherExpenses": 0,
        "operatingExpenses": 17492000,
        "costAndExpenses": 44619000,
        "interestIncome": 6000,
        "interestExpense": 7148000,
        "depreciationAndAmortization": 11942000,
        "ebitda": 38643000,
        "ebitdaratio": 0.5438769335,
        "operatingIncome": 23654000,
        "operatingIncomeRatio": 0.3329157929,
        "totalOtherIncomeExpensesNet": -6879000,
        "incomeBeforeTax": 16775000,
        "incomeBeforeTaxRatio": 0.2360980141,
        "incomeTaxExpense": 7708000,
        "netIncome": 16673000,
        "netIncomeRatio": 0.2346624256,
        "eps": 0.34,
        "epsdiluted": 0.34,
        "weightedAverageShsOut": 48575994,
        "weightedAverageShsOutDil": 48807643,
        "link": "https://www.sec.gov/Archives/edgar/data/944314/000119312514184824/0001193125-14-184824-index.htm",
        "finalLink": "https://www.sec.gov/Archives/edgar/data/944314/000119312514184824/d701739d10q.htm"
    },
    {
        "date": "2013-12-31",
        "symbol": "LSI",
        "reportedCurrency": "USD",
        "cik": "0000944314",
        "fillingDate": "2014-02-27",
        "acceptedDate": "2014-02-27 16:07:42",
        "calendarYear": "2013",
        "period": "Q4",
        "revenue": 67461000,
        "costOfRevenue": 24120000,
        "grossProfit": 43341000,
        "grossProfitRatio": 0.6424600881,
        "researchAndDevelopmentExpenses": 0,
        "generalAndAdministrativeExpenses": 8194000,
        "sellingAndMarketingExpenses": 0,
        "sellingGeneralAndAdministrativeExpenses": 8194000,
        "otherExpenses": 103387000,
        "operatingExpenses": 14971000,
        "costAndExpenses": 39091000,
        "interestIncome": 37000,
        "interestExpense": 6978000,
        "depreciationAndAmortization": 11381000,
        "ebitda": -23339000,
        "ebitdaratio": -0.3459628526,
        "operatingIncome": 26504000,
        "operatingIncomeRatio": 0.3928788485,
        "totalOtherIncomeExpensesNet": -4132000,
        "incomeBeforeTax": 19899000,
        "incomeBeforeTaxRatio": 0.2949704274,
        "incomeTaxExpense": 5175000,
        "netIncome": 22233000,
        "netIncomeRatio": 0.329568195,
        "eps": 0.47,
        "epsdiluted": 0.46,
        "weightedAverageShsOut": 47932162,
        "weightedAverageShsOutDil": 48161979,
        "link": "https://www.sec.gov/Archives/edgar/data/944314/000119312514072946/0001193125-14-072946-index.htm",
        "finalLink": "https://www.sec.gov/Archives/edgar/data/944314/000119312514072946/d650257d10k.htm"
    },
    {
        "date": "2013-09-30",
        "symbol": "LSI",
        "reportedCurrency": "USD",
        "cik": "0000944314",
        "fillingDate": "2013-11-06",
        "acceptedDate": "2013-11-06 16:06:53",
        "calendarYear": "2013",
        "period": "Q3",
        "revenue": 66912000,
        "costOfRevenue": 22714000,
        "grossProfit": 44198000,
        "grossProfitRatio": 0.6605392157,
        "researchAndDevelopmentExpenses": 0,
        "generalAndAdministrativeExpenses": 8965000,
        "sellingAndMarketingExpenses": 0,
        "sellingGeneralAndAdministrativeExpenses": 8965000,
        "otherExpenses": 0,
        "operatingExpenses": 16276000,
        "costAndExpenses": 38990000,
        "interestIncome": 1000,
        "interestExpense": 7706000,
        "depreciationAndAmortization": 11381000,
        "ebitda": 39662000,
        "ebitdaratio": 0.5927486848,
        "operatingIncome": 27146000,
        "operatingIncomeRatio": 0.4056970349,
        "totalOtherIncomeExpensesNet": -7347000,
        "incomeBeforeTax": 19799000,
        "incomeBeforeTaxRatio": 0.2958961023,
        "incomeTaxExpense": 8405000,
        "netIncome": 19675000,
        "netIncomeRatio": 0.294042922,
        "eps": 0.42,
        "epsdiluted": 0.41,
        "weightedAverageShsOut": 47203539,
        "weightedAverageShsOutDil": 47438452,
        "link": "https://www.sec.gov/Archives/edgar/data/944314/000119312513430074/0001193125-13-430074-index.htm",
        "finalLink": "https://www.sec.gov/Archives/edgar/data/944314/000119312513430074/d604250d10q.htm"
    },
    {
        "date": "2013-06-30",
        "symbol": "LSI",
        "reportedCurrency": "USD",
        "cik": "0000944314",
        "fillingDate": "2013-08-07",
        "acceptedDate": "2013-08-07 07:00:57",
        "calendarYear": "2013",
        "period": "Q2",
        "revenue": 63664000,
        "costOfRevenue": 21138000,
        "grossProfit": 42526000,
        "grossProfitRatio": 0.667975622,
        "researchAndDevelopmentExpenses": 0,
        "generalAndAdministrativeExpenses": 8988000,
        "sellingAndMarketingExpenses": 0,
        "sellingGeneralAndAdministrativeExpenses": 8988000,
        "otherExpenses": 0,
        "operatingExpenses": 16484000,
        "costAndExpenses": 37622000,
        "interestIncome": 1000,
        "interestExpense": 8232000,
        "depreciationAndAmortization": 11447000,
        "ebitda": 37731000,
        "ebitdaratio": 0.5926583312,
        "operatingIncome": 26042000,
        "operatingIncomeRatio": 0.4090537824,
        "totalOtherIncomeExpensesNet": -7990000,
        "incomeBeforeTax": 18052000,
        "incomeBeforeTaxRatio": 0.2835511435,
        "incomeTaxExpense": 8802000,
        "netIncome": 17937000,
        "netIncomeRatio": 0.2817447851,
        "eps": 0.38,
        "epsdiluted": 0.38,
        "weightedAverageShsOut": 46913775,
        "weightedAverageShsOutDil": 47137524,
        "link": "https://www.sec.gov/Archives/edgar/data/944314/000119312513322858/0001193125-13-322858-index.htm",
        "finalLink": "https://www.sec.gov/Archives/edgar/data/944314/000119312513322858/d559239d10q.htm"
    },
    {
        "date": "2013-03-31",
        "symbol": "LSI",
        "reportedCurrency": "USD",
        "cik": "0000944314",
        "fillingDate": "2013-05-08",
        "acceptedDate": "2013-05-08 06:02:16",
        "calendarYear": "2013",
        "period": "Q1",
        "revenue": 60968000,
        "costOfRevenue": 21744000,
        "grossProfit": 39224000,
        "grossProfitRatio": 0.6433538906,
        "researchAndDevelopmentExpenses": 0,
        "generalAndAdministrativeExpenses": 8793000,
        "sellingAndMarketingExpenses": 0,
        "sellingGeneralAndAdministrativeExpenses": 8793000,
        "otherExpenses": 0,
        "operatingExpenses": 16716000,
        "costAndExpenses": 38460000,
        "interestIncome": 0,
        "interestExpense": 8248000,
        "depreciationAndAmortization": 11290000,
        "ebitda": 34184000,
        "ebitdaratio": 0.5606875738,
        "operatingIncome": 22022000,
        "operatingIncomeRatio": 0.3612058785,
        "totalOtherIncomeExpensesNet": -7650000,
        "incomeBeforeTax": 14372000,
        "incomeBeforeTaxRatio": 0.2357302191,
        "incomeTaxExpense": 8726000,
        "netIncome": 14280000,
        "netIncomeRatio": 0.2342212308,
        "eps": 0.31,
        "epsdiluted": 0.31,
        "weightedAverageShsOut": 45733279,
        "weightedAverageShsOutDil": 45981742,
        "link": "https://www.sec.gov/Archives/edgar/data/944314/000119312513205446/0001193125-13-205446-index.htm",
        "finalLink": "https://www.sec.gov/Archives/edgar/data/944314/000119312513205446/d512036d10q.htm"
    },
    {
        "date": "2012-12-31",
        "symbol": "LSI",
        "reportedCurrency": "USD",
        "cik": "0000944314",
        "fillingDate": "2013-02-27",
        "acceptedDate": "2013-02-27 09:18:01",
        "calendarYear": "2012",
        "period": "Q4",
        "revenue": 58787000,
        "costOfRevenue": 20358000,
        "grossProfit": 38429000,
        "grossProfitRatio": 0.653698947,
        "researchAndDevelopmentExpenses": 0,
        "generalAndAdministrativeExpenses": 8605000,
        "sellingAndMarketingExpenses": 0,
        "sellingGeneralAndAdministrativeExpenses": 8605000,
        "otherExpenses": 75010000,
        "operatingExpenses": 15691000,
        "costAndExpenses": 36049000,
        "interestIncome": 1000,
        "interestExpense": 8043000,
        "depreciationAndAmortization": 10431000,
        "ebitda": -26775000,
        "ebitdaratio": -0.4554578393,
        "operatingIncome": 20791000,
        "operatingIncomeRatio": 0.353666627,
        "totalOtherIncomeExpensesNet": -2109000,
        "incomeBeforeTax": 13554000,
        "incomeBeforeTaxRatio": 0.2305611785,
        "incomeTaxExpense": 8462000,
        "netIncome": 13462000,
        "netIncomeRatio": 0.2289962066,
        "eps": 0.29,
        "epsdiluted": 0.29,
        "weightedAverageShsOut": 45433884,
        "weightedAverageShsOutDil": 45679588,
        "link": "https://www.sec.gov/Archives/edgar/data/944314/000119312513078591/0001193125-13-078591-index.htm",
        "finalLink": "https://www.sec.gov/Archives/edgar/data/944314/000119312513078591/d459019d10k.htm"
    },
    {
        "date": "2012-09-30",
        "symbol": "LSI",
        "reportedCurrency": "USD",
        "cik": "0000944314",
        "fillingDate": "2012-11-06",
        "acceptedDate": "2012-11-06 06:09:55",
        "calendarYear": "2012",
        "period": "Q3",
        "revenue": 61774000,
        "costOfRevenue": 19948000,
        "grossProfit": 41826000,
        "grossProfitRatio": 0.6770809726,
        "researchAndDevelopmentExpenses": 0,
        "generalAndAdministrativeExpenses": 0,
        "sellingAndMarketingExpenses": 0,
        "sellingGeneralAndAdministrativeExpenses": 8172000,
        "otherExpenses": 0,
        "operatingExpenses": 18599000,
        "costAndExpenses": 38547000,
        "interestIncome": 0,
        "interestExpense": 8350000,
        "depreciationAndAmortization": 10427000,
        "ebitda": 34729000,
        "ebitdaratio": 0.5621944507,
        "operatingIncome": 22152000,
        "operatingIncomeRatio": 0.3585974682,
        "totalOtherIncomeExpensesNet": -8015000,
        "incomeBeforeTax": 14137000,
        "incomeBeforeTaxRatio": 0.2288503254,
        "incomeTaxExpense": 4755000,
        "netIncome": 18807000,
        "netIncomeRatio": 0.3044484735,
        "eps": 0.43,
        "epsdiluted": 0.42,
        "weightedAverageShsOut": 44212299,
        "weightedAverageShsOutDil": 44436466,
        "link": "https://www.sec.gov/Archives/edgar/data/944314/000119312512453033/0001193125-12-453033-index.htm",
        "finalLink": "https://www.sec.gov/Archives/edgar/data/944314/000119312512453033/d413944d10q.htm"
    },
    {
        "date": "2012-06-30",
        "symbol": "LSI",
        "reportedCurrency": "USD",
        "cik": "0000944314",
        "fillingDate": "2012-08-07",
        "acceptedDate": "2012-08-07 08:06:16",
        "calendarYear": "2012",
        "period": "Q2",
        "revenue": 117464000,
        "costOfRevenue": 19406000,
        "grossProfit": 98058000,
        "grossProfitRatio": 0.8347919363,
        "researchAndDevelopmentExpenses": 0,
        "generalAndAdministrativeExpenses": 0,
        "sellingAndMarketingExpenses": 0,
        "sellingGeneralAndAdministrativeExpenses": 7970000,
        "otherExpenses": 0,
        "operatingExpenses": 18367000,
        "costAndExpenses": 37773000,
        "interestIncome": 0,
        "interestExpense": 8311000,
        "depreciationAndAmortization": 10397000,
        "ebitda": 11418000,
        "ebitdaratio": 0.0972042498,
        "operatingIncome": 19659000,
        "operatingIncomeRatio": 0.1673619151,
        "totalOtherIncomeExpensesNet": 135000,
        "incomeBeforeTax": 11553000,
        "incomeBeforeTaxRatio": 0.0983535381,
        "incomeTaxExpense": 68175000,
        "netIncome": 11721000,
        "netIncomeRatio": 0.0997837635,
        "eps": 0.27,
        "epsdiluted": 0.27,
        "weightedAverageShsOut": 43325196,
        "weightedAverageShsOutDil": 43501494,
        "link": "https://www.sec.gov/Archives/edgar/data/944314/000119312512339396/0001193125-12-339396-index.htm",
        "finalLink": "https://www.sec.gov/Archives/edgar/data/944314/000119312512339396/d374138d10q.htm"
    },
    {
        "date": "2012-03-31",
        "symbol": "LSI",
        "reportedCurrency": "USD",
        "cik": "0000944314",
        "fillingDate": "2012-05-08",
        "acceptedDate": "2012-05-08 08:07:19",
        "calendarYear": "2012",
        "period": "Q1",
        "revenue": 57082000,
        "costOfRevenue": 19814000,
        "grossProfit": 37268000,
        "grossProfitRatio": 0.6528853229,
        "researchAndDevelopmentExpenses": 0,
        "generalAndAdministrativeExpenses": 0,
        "sellingAndMarketingExpenses": 0,
        "sellingGeneralAndAdministrativeExpenses": 7565000,
        "otherExpenses": 0,
        "operatingExpenses": 17810000,
        "costAndExpenses": 37624000,
        "interestIncome": 3000,
        "interestExpense": 8253000,
        "depreciationAndAmortization": 10245000,
        "ebitda": 29710000,
        "ebitdaratio": 0.5204793105,
        "operatingIncome": 19451000,
        "operatingIncomeRatio": 0.3407554045,
        "totalOtherIncomeExpensesNet": -8182000,
        "incomeBeforeTax": 11269000,
        "incomeBeforeTaxRatio": 0.1974177499,
        "incomeTaxExpense": 8388000,
        "netIncome": 11138000,
        "netIncomeRatio": 0.1951228058,
        "eps": 0.26,
        "epsdiluted": 0.26,
        "weightedAverageShsOut": 43178494,
        "weightedAverageShsOutDil": 43316604,
        "link": "https://www.sec.gov/Archives/edgar/data/944314/000119312512216757/0001193125-12-216757-index.htm",
        "finalLink": "https://www.sec.gov/Archives/edgar/data/944314/000119312512216757/d332802d10q.htm"
    },
    {
        "date": "2011-12-31",
        "symbol": "LSI",
        "reportedCurrency": "USD",
        "cik": "0000944314",
        "fillingDate": "2012-02-28",
        "acceptedDate": "2012-02-28 17:29:02",
        "calendarYear": "2011",
        "period": "Q4",
        "revenue": 56658000,
        "costOfRevenue": 14622000,
        "grossProfit": 42036000,
        "grossProfitRatio": 0.7419252356,
        "researchAndDevelopmentExpenses": 0,
        "generalAndAdministrativeExpenses": 7507000,
        "sellingAndMarketingExpenses": 136000,
        "sellingGeneralAndAdministrativeExpenses": 7643000,
        "otherExpenses": 74667000,
        "operatingExpenses": 23072000,
        "costAndExpenses": 37694000,
        "interestIncome": 52000,
        "interestExpense": 8809000,
        "depreciationAndAmortization": 9353000,
        "ebitda": 28436000,
        "ebitdaratio": 0.5018885241,
        "operatingIncome": 17687000,
        "operatingIncomeRatio": 0.3121712733,
        "totalOtherIncomeExpensesNet": -7305000,
        "incomeBeforeTax": 10382000,
        "incomeBeforeTaxRatio": 0.1832397896,
        "incomeTaxExpense": 9002000,
        "netIncome": 10256000,
        "netIncomeRatio": 0.1810159201,
        "eps": 0.25,
        "epsdiluted": 0.25,
        "weightedAverageShsOut": 42009331,
        "weightedAverageShsOutDil": 42116659,
        "link": "https://www.sec.gov/Archives/edgar/data/944314/000119312512085879/0001193125-12-085879-index.htm",
        "finalLink": "https://www.sec.gov/Archives/edgar/data/944314/000119312512085879/d273373d10k.htm"
    },
    {
        "date": "2011-09-30",
        "symbol": "LSI",
        "reportedCurrency": "USD",
        "cik": "0000944314",
        "fillingDate": "2011-11-04",
        "acceptedDate": "2011-11-04 16:01:49",
        "calendarYear": "2011",
        "period": "Q3",
        "revenue": 54254000,
        "costOfRevenue": 13888000,
        "grossProfit": 40366000,
        "grossProfitRatio": 0.7440188742,
        "researchAndDevelopmentExpenses": 0,
        "generalAndAdministrativeExpenses": 0,
        "sellingAndMarketingExpenses": 0,
        "sellingGeneralAndAdministrativeExpenses": 6637000,
        "otherExpenses": 0,
        "operatingExpenses": 20820000,
        "costAndExpenses": 34708000,
        "interestIncome": 5000,
        "interestExpense": 13760000,
        "depreciationAndAmortization": 8940000,
        "ebitda": 27979000,
        "ebitdaratio": 0.5157039112,
        "operatingIncome": 16633000,
        "operatingIncomeRatio": 0.3065764736,
        "totalOtherIncomeExpensesNet": 27000,
        "incomeBeforeTax": 2366000,
        "incomeBeforeTaxRatio": 0.0436096878,
        "incomeTaxExpense": 13275000,
        "netIncome": 2339000,
        "netIncomeRatio": 0.0431120286,
        "eps": 0.0533,
        "epsdiluted": 0.0533,
        "weightedAverageShsOut": 41390007,
        "weightedAverageShsOutDil": 41451043,
        "link": "https://www.sec.gov/Archives/edgar/data/944314/000119312511297351/0001193125-11-297351-index.htm",
        "finalLink": "https://www.sec.gov/Archives/edgar/data/944314/000119312511297351/d239863d10q.htm"
    },
    {
        "date": "2011-06-30",
        "symbol": "LSI",
        "reportedCurrency": "USD",
        "cik": "0000944314",
        "fillingDate": "2011-08-08",
        "acceptedDate": "2011-08-08 16:11:55",
        "calendarYear": "2011",
        "period": "Q2",
        "revenue": 50709000,
        "costOfRevenue": 12890000,
        "grossProfit": 37819000,
        "grossProfitRatio": 0.7458044923,
        "researchAndDevelopmentExpenses": 0,
        "generalAndAdministrativeExpenses": 0,
        "sellingAndMarketingExpenses": 0,
        "sellingGeneralAndAdministrativeExpenses": 6028000,
        "otherExpenses": 0,
        "operatingExpenses": 19729000,
        "costAndExpenses": 32619000,
        "interestIncome": 8000,
        "interestExpense": 8082000,
        "depreciationAndAmortization": 8657000,
        "ebitda": 26819000,
        "ebitdaratio": 0.5288804749,
        "operatingIncome": 18090000,
        "operatingIncomeRatio": 0.3567414069,
        "totalOtherIncomeExpensesNet": 343000,
        "incomeBeforeTax": 10080000,
        "incomeBeforeTaxRatio": 0.1987812814,
        "incomeTaxExpense": 8489000,
        "netIncome": 9737000,
        "netIncomeRatio": 0.1920171962,
        "eps": 0.23,
        "epsdiluted": 0.23,
        "weightedAverageShsOut": 41339988,
        "weightedAverageShsOutDil": 41416855,
        "link": "https://www.sec.gov/Archives/edgar/data/944314/000119312511214236/0001193125-11-214236-index.htm",
        "finalLink": "https://www.sec.gov/Archives/edgar/data/944314/000119312511214236/d10q.htm"
    },
    {
        "date": "2011-03-31",
        "symbol": "LSI",
        "reportedCurrency": "USD",
        "cik": "0000944314",
        "fillingDate": "2011-05-06",
        "acceptedDate": "2011-05-06 08:31:09",
        "calendarYear": "2011",
        "period": "Q1",
        "revenue": 49535000,
        "costOfRevenue": 13513000,
        "grossProfit": 36022000,
        "grossProfitRatio": 0.7272029878,
        "researchAndDevelopmentExpenses": 0,
        "generalAndAdministrativeExpenses": 0,
        "sellingAndMarketingExpenses": 0,
        "sellingGeneralAndAdministrativeExpenses": 5814000,
        "otherExpenses": 0,
        "operatingExpenses": 19483000,
        "costAndExpenses": 32996000,
        "interestIncome": 18000,
        "interestExpense": 7897000,
        "depreciationAndAmortization": 8625000,
        "ebitda": 25222000,
        "ebitdaratio": 0.5091753306,
        "operatingIncome": 16539000,
        "operatingIncomeRatio": 0.3338851317,
        "totalOtherIncomeExpensesNet": 440000,
        "incomeBeforeTax": 8700000,
        "incomeBeforeTaxRatio": 0.1756333905,
        "incomeTaxExpense": 8377000,
        "netIncome": 8260000,
        "netIncomeRatio": 0.1667507823,
        "eps": 0.2,
        "epsdiluted": 0.2,
        "weightedAverageShsOut": 41305917,
        "weightedAverageShsOutDil": 41366152,
        "link": "https://www.sec.gov/Archives/edgar/data/944314/000095012311046163/0000950123-11-046163-index.htm",
        "finalLink": "https://www.sec.gov/Archives/edgar/data/944314/000095012311046163/l42343e10vq.htm"
    },
    {
        "date": "2010-12-31",
        "symbol": "LSI",
        "reportedCurrency": "USD",
        "cik": "0000944314",
        "fillingDate": "2011-02-25",
        "acceptedDate": "2011-02-25 16:07:31",
        "calendarYear": "2010",
        "period": "Q4",
        "revenue": 48856000,
        "costOfRevenue": -2118000,
        "grossProfit": 50974000,
        "grossProfitRatio": 1.0433518913,
        "researchAndDevelopmentExpenses": 0,
        "generalAndAdministrativeExpenses": 6768000,
        "sellingAndMarketingExpenses": -1000,
        "sellingGeneralAndAdministrativeExpenses": 6767000,
        "otherExpenses": 60035000,
        "operatingExpenses": 34154000,
        "costAndExpenses": 32036000,
        "interestIncome": 19000,
        "interestExpense": 7949000,
        "depreciationAndAmortization": 8579000,
        "ebitda": -50039000,
        "ebitdaratio": -1.0242140167,
        "operatingIncome": 16820000,
        "operatingIncomeRatio": 0.3442770591,
        "totalOtherIncomeExpensesNet": 86000,
        "incomeBeforeTax": 16906000,
        "incomeBeforeTaxRatio": 0.3460373342,
        "incomeTaxExpense": 8699000,
        "netIncome": 8531000,
        "netIncomeRatio": 0.1746151957,
        "eps": 0.21,
        "epsdiluted": 0.21,
        "weightedAverageShsOut": 41257046,
        "weightedAverageShsOutDil": 41318535,
        "link": "https://www.sec.gov/Archives/edgar/data/944314/000095012311018700/0000950123-11-018700-index.htm",
        "finalLink": "https://www.sec.gov/Archives/edgar/data/944314/000095012311018700/l41286e10vk.htm"
    },
    {
        "date": "2010-09-30",
        "symbol": "LSI",
        "reportedCurrency": "USD",
        "cik": "0000944314",
        "fillingDate": "2010-11-05",
        "acceptedDate": "2010-11-05 16:08:42",
        "calendarYear": "2010",
        "period": "Q3",
        "revenue": 48623000,
        "costOfRevenue": 18137000,
        "grossProfit": 30486000,
        "grossProfitRatio": 0.6269872283,
        "researchAndDevelopmentExpenses": 0,
        "generalAndAdministrativeExpenses": 0,
        "sellingAndMarketingExpenses": 0,
        "sellingGeneralAndAdministrativeExpenses": 4983000,
        "otherExpenses": 0,
        "operatingExpenses": 13198000,
        "costAndExpenses": 31335000,
        "interestIncome": 24000,
        "interestExpense": 7954000,
        "depreciationAndAmortization": 8215000,
        "ebitda": 25503000,
        "ebitdaratio": 0.524504864,
        "operatingIncome": 17288000,
        "operatingIncomeRatio": 0.3555518993,
        "totalOtherIncomeExpensesNet": 16000,
        "incomeBeforeTax": 17304000,
        "incomeBeforeTaxRatio": 0.3558809617,
        "incomeTaxExpense": 8381000,
        "netIncome": 8923000,
        "netIncomeRatio": 0.1835139749,
        "eps": 0.21,
        "epsdiluted": 0.21,
        "weightedAverageShsOut": 41228124,
        "weightedAverageShsOutDil": 41287918,
        "link": "https://www.sec.gov/Archives/edgar/data/944314/000095012310101695/0000950123-10-101695-index.htm",
        "finalLink": "https://www.sec.gov/Archives/edgar/data/944314/000095012310101695/l40773e10vq.htm"
    },
    {
        "date": "2010-06-30",
        "symbol": "LSI",
        "reportedCurrency": "USD",
        "cik": "0000944314",
        "fillingDate": "2010-08-06",
        "acceptedDate": "2010-08-06 08:36:21",
        "calendarYear": "2010",
        "period": "Q2",
        "revenue": 47309000,
        "costOfRevenue": 17683000,
        "grossProfit": 29626000,
        "grossProfitRatio": 0.6262233402,
        "researchAndDevelopmentExpenses": 0,
        "generalAndAdministrativeExpenses": 0,
        "sellingAndMarketingExpenses": 0,
        "sellingGeneralAndAdministrativeExpenses": 4967000,
        "otherExpenses": 0,
        "operatingExpenses": 13169000,
        "costAndExpenses": 30852000,
        "interestIncome": 21000,
        "interestExpense": 7929000,
        "depreciationAndAmortization": 8513000,
        "ebitda": 24970000,
        "ebitdaratio": 0.5278065484,
        "operatingIncome": 16457000,
        "operatingIncomeRatio": 0.347861929,
        "totalOtherIncomeExpensesNet": 69000,
        "incomeBeforeTax": 16526000,
        "incomeBeforeTaxRatio": 0.3493204253,
        "incomeTaxExpense": 765000,
        "netIncome": 15761000,
        "netIncomeRatio": 0.3331501406,
        "eps": 0.38,
        "epsdiluted": 0.38,
        "weightedAverageShsOut": 41195250,
        "weightedAverageShsOutDil": 41262145,
        "link": "https://www.sec.gov/Archives/edgar/data/944314/000095012310073808/0000950123-10-073808-index.htm",
        "finalLink": "https://www.sec.gov/Archives/edgar/data/944314/000095012310073808/l40229e10vq.htm"
    },
    {
        "date": "2010-03-31",
        "symbol": "LSI",
        "reportedCurrency": "USD",
        "cik": "0000944314",
        "fillingDate": "2010-05-07",
        "acceptedDate": "2010-05-07 08:00:48",
        "calendarYear": "2010",
        "period": "Q1",
        "revenue": 48146000,
        "costOfRevenue": 18447000,
        "grossProfit": 29699000,
        "grossProfitRatio": 0.6168529057,
        "researchAndDevelopmentExpenses": 0,
        "generalAndAdministrativeExpenses": 0,
        "sellingAndMarketingExpenses": 0,
        "sellingGeneralAndAdministrativeExpenses": 5139000,
        "otherExpenses": 0,
        "operatingExpenses": 13471000,
        "costAndExpenses": 31918000,
        "interestIncome": 20000,
        "interestExpense": 7878000,
        "depreciationAndAmortization": 8332000,
        "ebitda": 7979000,
        "ebitdaratio": 0.1657250862,
        "operatingIncome": 16228000,
        "operatingIncomeRatio": 0.3370581149,
        "totalOtherIncomeExpensesNet": 0,
        "incomeBeforeTax": 0,
        "incomeBeforeTaxRatio": 0,
        "incomeTaxExpense": 8801000,
        "netIncome": 7427000,
        "netIncomeRatio": 0.1542599593,
        "eps": 0.18,
        "epsdiluted": 0.18,
        "weightedAverageShsOut": 41167651,
        "weightedAverageShsOutDil": 41218722,
        "link": "https://www.sec.gov/Archives/edgar/data/944314/000095012310045993/0000950123-10-045993-index.htm",
        "finalLink": "https://www.sec.gov/Archives/edgar/data/944314/000095012310045993/l39482e10vq.htm"
    },
    {
        "date": "2009-12-31",
        "symbol": "LSI",
        "reportedCurrency": "USD",
        "cik": "0000944314",
        "fillingDate": "2010-02-26",
        "acceptedDate": "2010-02-26 16:07:01",
        "calendarYear": "2009",
        "period": "Q4",
        "revenue": 47708000,
        "costOfRevenue": 17273000,
        "grossProfit": 30435000,
        "grossProfitRatio": 0.6379433219,
        "researchAndDevelopmentExpenses": 0,
        "generalAndAdministrativeExpenses": 13293000,
        "sellingAndMarketingExpenses": -7935000,
        "sellingGeneralAndAdministrativeExpenses": 5358000,
        "otherExpenses": -25427000,
        "operatingExpenses": 13475000,
        "costAndExpenses": 30748000,
        "interestIncome": 10000,
        "interestExpense": 17498000,
        "depreciationAndAmortization": 9238000,
        "ebitda": -61002000,
        "ebitdaratio": -1.2786534753,
        "operatingIncome": 16960000,
        "operatingIncomeRatio": 0.3554959336,
        "totalOtherIncomeExpensesNet": -154000,
        "incomeBeforeTax": 16806000,
        "incomeBeforeTaxRatio": 0.3522679634,
        "incomeTaxExpense": 17348000,
        "netIncome": -1898000,
        "netIncomeRatio": -0.0397836841,
        "eps": -0.0494,
        "epsdiluted": -0.0494,
        "weightedAverageShsOut": 38424076,
        "weightedAverageShsOutDil": 38457111,
        "link": "https://www.sec.gov/Archives/edgar/data/944314/000095012310018131/0000950123-10-018131-index.htm",
        "finalLink": "https://www.sec.gov/Archives/edgar/data/944314/000095012310018131/l38886e10vk.htm"
    },
    {
        "date": "2009-09-30",
        "symbol": "LSI",
        "reportedCurrency": "USD",
        "cik": "0000944314",
        "fillingDate": "2009-11-06",
        "acceptedDate": "2009-11-06 16:11:16",
        "calendarYear": "2009",
        "period": "Q3",
        "revenue": 49828000,
        "costOfRevenue": 18407000,
        "grossProfit": 31421000,
        "grossProfitRatio": 0.6305892269,
        "researchAndDevelopmentExpenses": 0,
        "generalAndAdministrativeExpenses": 0,
        "sellingAndMarketingExpenses": 0,
        "sellingGeneralAndAdministrativeExpenses": 4568000,
        "otherExpenses": 0,
        "operatingExpenses": 12932000,
        "costAndExpenses": 31339000,
        "interestIncome": 22000,
        "interestExpense": 10873000,
        "depreciationAndAmortization": 8364000,
        "ebitda": 25726000,
        "ebitdaratio": 0.5162960584,
        "operatingIncome": 18489000,
        "operatingIncomeRatio": 0.3710564341,
        "totalOtherIncomeExpensesNet": -9664000,
        "incomeBeforeTax": 8825000,
        "incomeBeforeTaxRatio": 0.1771092558,
        "incomeTaxExpense": 11053000,
        "netIncome": 7496000,
        "netIncomeRatio": 0.150437505,
        "eps": 0.21,
        "epsdiluted": 0.21,
        "weightedAverageShsOut": 35003935,
        "weightedAverageShsOutDil": 35024218,
        "link": "https://www.sec.gov/Archives/edgar/data/944314/000090480209000029/0000904802-09-000029-index.htm",
        "finalLink": "https://www.sec.gov/Archives/edgar/data/944314/000090480209000029/sss10q_93009.htm"
    },
    {
        "date": "2009-06-30",
        "symbol": "LSI",
        "reportedCurrency": "USD",
        "cik": "0000944314",
        "fillingDate": "2009-08-07",
        "acceptedDate": "2009-08-07 08:05:38",
        "calendarYear": "2009",
        "period": "Q2",
        "revenue": 48799000,
        "costOfRevenue": 17581000,
        "grossProfit": 31218000,
        "grossProfitRatio": 0.6397262239,
        "researchAndDevelopmentExpenses": 0,
        "generalAndAdministrativeExpenses": 0,
        "sellingAndMarketingExpenses": 0,
        "sellingGeneralAndAdministrativeExpenses": 4338000,
        "otherExpenses": 0,
        "operatingExpenses": 12860000,
        "costAndExpenses": 30441000,
        "interestIncome": 20000,
        "interestExpense": 11699000,
        "depreciationAndAmortization": 8522000,
        "ebitda": 26880000,
        "ebitdaratio": 0.5508309597,
        "operatingIncome": 18358000,
        "operatingIncomeRatio": 0.3761962335,
        "totalOtherIncomeExpensesNet": -11616000,
        "incomeBeforeTax": 6742000,
        "incomeBeforeTaxRatio": 0.1381585688,
        "incomeTaxExpense": 12135000,
        "netIncome": 6286000,
        "netIncomeRatio": 0.128814115,
        "eps": 0.19,
        "epsdiluted": 0.19,
        "weightedAverageShsOut": 33920277,
        "weightedAverageShsOutDil": 33924829,
        "link": "https://www.sec.gov/Archives/edgar/data/944314/000090480209000015/0000904802-09-000015-index.htm",
        "finalLink": "https://www.sec.gov/Archives/edgar/data/944314/000090480209000015/sss10q063009.htm"
    },
    {
        "date": "2009-03-31",
        "symbol": "LSI",
        "reportedCurrency": "USD",
        "cik": "0000944314",
        "fillingDate": "2009-05-11",
        "acceptedDate": "2009-05-11 16:55:28",
        "calendarYear": "2009",
        "period": "Q1",
        "revenue": 49546000,
        "costOfRevenue": 18582000,
        "grossProfit": 30964000,
        "grossProfitRatio": 0.6249545877,
        "researchAndDevelopmentExpenses": 0,
        "generalAndAdministrativeExpenses": 0,
        "sellingAndMarketingExpenses": 0,
        "sellingGeneralAndAdministrativeExpenses": 4387000,
        "otherExpenses": 0,
        "operatingExpenses": 12928000,
        "costAndExpenses": 31510000,
        "interestIncome": 33000,
        "interestExpense": 9979000,
        "depreciationAndAmortization": 8856000,
        "ebitda": 26955000,
        "ebitdaratio": 0.5440398821,
        "operatingIncome": 18036000,
        "operatingIncomeRatio": 0.3640253502,
        "totalOtherIncomeExpensesNet": -9916000,
        "incomeBeforeTax": 8120000,
        "incomeBeforeTaxRatio": 0.163888104,
        "incomeTaxExpense": 10494000,
        "netIncome": 7635000,
        "netIncomeRatio": 0.1540992209,
        "eps": 0.23,
        "epsdiluted": 0.23,
        "weightedAverageShsOut": 32953597,
        "weightedAverageShsOutDil": 32958540,
        "link": "https://www.sec.gov/Archives/edgar/data/944314/000090480209000010/0000904802-09-000010-index.htm",
        "finalLink": "https://www.sec.gov/Archives/edgar/data/944314/000090480209000010/sss10q.htm"
    },
    {
        "date": "2008-12-31",
        "symbol": "LSI",
        "reportedCurrency": "USD",
        "cik": "0000944314",
        "fillingDate": "2009-02-27",
        "acceptedDate": "2009-02-27 07:44:48",
        "calendarYear": "2008",
        "period": "Q4",
        "revenue": 50765000,
        "costOfRevenue": 18485000,
        "grossProfit": 32280000,
        "grossProfitRatio": 0.6358711711,
        "researchAndDevelopmentExpenses": 0,
        "generalAndAdministrativeExpenses": 12487000,
        "sellingAndMarketingExpenses": -7695000,
        "sellingGeneralAndAdministrativeExpenses": 4792000,
        "otherExpenses": -62597000,
        "operatingExpenses": 13464000,
        "costAndExpenses": 31949000,
        "interestIncome": 49000,
        "interestExpense": 10131000,
        "depreciationAndAmortization": 8997000,
        "ebitda": 25886000,
        "ebitdaratio": 0.5099182508,
        "operatingIncome": 18816000,
        "operatingIncomeRatio": 0.3706490692,
        "totalOtherIncomeExpensesNet": 1927000,
        "incomeBeforeTax": 20743000,
        "incomeBeforeTaxRatio": 0.4086082931,
        "incomeTaxExpense": 10439000,
        "netIncome": 8377000,
        "netIncomeRatio": 0.1650152664,
        "eps": 0.26,
        "epsdiluted": 0.26,
        "weightedAverageShsOut": 32798296,
        "weightedAverageShsOutDil": 32816373,
        "link": "https://www.sec.gov/Archives/edgar/data/944314/000095015209001878/0000950152-09-001878-index.htm",
        "finalLink": "https://www.sec.gov/Archives/edgar/data/944314/000095015209001878/l35661ae10vk.htm"
    },
    {
        "date": "2008-09-30",
        "symbol": "LSI",
        "reportedCurrency": "USD",
        "cik": "0000944314",
        "fillingDate": "2008-11-07",
        "acceptedDate": "2008-11-07 08:00:30",
        "calendarYear": "2008",
        "period": "Q3",
        "revenue": 52497000,
        "costOfRevenue": 19544000,
        "grossProfit": 32953000,
        "grossProfitRatio": 0.6277120597,
        "researchAndDevelopmentExpenses": 0,
        "generalAndAdministrativeExpenses": 0,
        "sellingAndMarketingExpenses": 0,
        "sellingGeneralAndAdministrativeExpenses": 4267000,
        "otherExpenses": 0,
        "operatingExpenses": 32450000,
        "costAndExpenses": 32450000,
        "interestIncome": 94000,
        "interestExpense": 10034000,
        "depreciationAndAmortization": 8639000,
        "ebitda": 29209000,
        "ebitdaratio": 0.5563936987,
        "operatingIncome": 20047000,
        "operatingIncomeRatio": 0.3818694402,
        "totalOtherIncomeExpensesNet": -579000,
        "incomeBeforeTax": 19468000,
        "incomeBeforeTaxRatio": 0.3708402385,
        "incomeTaxExpense": 10463000,
        "netIncome": 9528000,
        "netIncomeRatio": 0.1814960855,
        "eps": 0.29,
        "epsdiluted": 0.29,
        "weightedAverageShsOut": 32716132,
        "weightedAverageShsOutDil": 32750433,
        "link": "https://www.sec.gov/Archives/edgar/data/944314/000090480208000021/0000904802-08-000021-index.htm",
        "finalLink": "https://www.sec.gov/Archives/edgar/data/944314/000090480208000021/sss_10q-1108.htm"
    },
    {
        "date": "2008-06-30",
        "symbol": "LSI",
        "reportedCurrency": "USD",
        "cik": "0000944314",
        "fillingDate": "2008-08-08",
        "acceptedDate": "2008-08-08 09:02:44",
        "calendarYear": "2008",
        "period": "Q2",
        "revenue": 50120000,
        "costOfRevenue": 0,
        "grossProfit": 50120000,
        "grossProfitRatio": 1,
        "researchAndDevelopmentExpenses": 0,
        "generalAndAdministrativeExpenses": 4095000,
        "sellingAndMarketingExpenses": 0,
        "sellingGeneralAndAdministrativeExpenses": 4095000,
        "otherExpenses": 0,
        "operatingExpenses": 30781000,
        "costAndExpenses": 30781000,
        "interestIncome": 86000,
        "interestExpense": 8978000,
        "depreciationAndAmortization": 8797000,
        "ebitda": 450,
        "ebitdaratio": 8.9785e-06,
        "operatingIncome": 19339000,
        "operatingIncomeRatio": 0.3858539505,
        "totalOtherIncomeExpensesNet": 0,
        "incomeBeforeTax": 0,
        "incomeBeforeTaxRatio": 0,
        "incomeTaxExpense": 8798000,
        "netIncome": 10541000,
        "netIncomeRatio": 0.2103152434,
        "eps": 0.33,
        "epsdiluted": 0.32,
        "weightedAverageShsOut": 32591259,
        "weightedAverageShsOutDil": 32641336,
        "link": "https://www.sec.gov/Archives/edgar/data/944314/000090480208000018/0000904802-08-000018-index.htm",
        "finalLink": "https://www.sec.gov/Archives/edgar/data/944314/000090480208000018/ss_10q-608.htm"
    },
    {
        "date": "2008-03-31",
        "symbol": "LSI",
        "reportedCurrency": "USD",
        "cik": "0000944314",
        "fillingDate": "2008-05-09",
        "acceptedDate": "2008-05-09 08:47:31",
        "calendarYear": "2008",
        "period": "Q1",
        "revenue": 49837000,
        "costOfRevenue": 0,
        "grossProfit": 49837000,
        "grossProfitRatio": 1,
        "researchAndDevelopmentExpenses": 0,
        "generalAndAdministrativeExpenses": 4125000,
        "sellingAndMarketingExpenses": 0,
        "sellingGeneralAndAdministrativeExpenses": 4125000,
        "otherExpenses": 0,
        "operatingExpenses": 31397000,
        "costAndExpenses": 31397000,
        "interestIncome": 0,
        "interestExpense": 0,
        "depreciationAndAmortization": 8920000,
        "ebitda": 0,
        "ebitdaratio": 0,
        "operatingIncome": 18440000,
        "operatingIncomeRatio": 0.3700062203,
        "totalOtherIncomeExpensesNet": 0,
        "incomeBeforeTax": 0,
        "incomeBeforeTaxRatio": 0,
        "incomeTaxExpense": 9487000,
        "netIncome": 8953000,
        "netIncomeRatio": 0.1796456448,
        "eps": 0.27,
        "epsdiluted": 0.27,
        "weightedAverageShsOut": 32471049,
        "weightedAverageShsOutDil": 32496667,
        "link": "https://www.sec.gov/Archives/edgar/data/944314/000090480208000008/0000904802-08-000008-index.htm",
        "finalLink": "https://www.sec.gov/Archives/edgar/data/944314/000090480208000008/ss_10q-may2008.htm"
    },
    {
        "date": "2007-12-31",
        "symbol": "LSI",
        "reportedCurrency": "USD",
        "cik": "0000944314",
        "fillingDate": "2008-02-28",
        "acceptedDate": "2008-02-28 09:13:12",
        "calendarYear": "2007",
        "period": "Q4",
        "revenue": 50071000,
        "costOfRevenue": -126232000,
        "grossProfit": 176303000,
        "grossProfitRatio": 3.5210600947,
        "researchAndDevelopmentExpenses": 0,
        "generalAndAdministrativeExpenses": 4012000,
        "sellingAndMarketingExpenses": 0,
        "sellingGeneralAndAdministrativeExpenses": 4012000,
        "otherExpenses": 25979000,
        "operatingExpenses": 29992000,
        "costAndExpenses": 29992000,
        "interestIncome": 0,
        "interestExpense": 0,
        "depreciationAndAmortization": 8736000,
        "ebitda": 13126000,
        "ebitdaratio": 0.2621477502,
        "operatingIncome": 20079000,
        "operatingIncomeRatio": 0.401010565,
        "totalOtherIncomeExpensesNet": 19135000,
        "incomeBeforeTax": 39214000,
        "incomeBeforeTaxRatio": 0.7831679016,
        "incomeTaxExpense": 9341000,
        "netIncome": 10738000,
        "netIncomeRatio": 0.2144554732,
        "eps": 0.34,
        "epsdiluted": 0.34,
        "weightedAverageShsOut": 31758977,
        "weightedAverageShsOutDil": 31823222,
        "link": "https://www.sec.gov/Archives/edgar/data/944314/000095015208001491/0000950152-08-001491-index.htm",
        "finalLink": "https://www.sec.gov/Archives/edgar/data/944314/000095015208001491/l29820ae10vk.htm"
    },
    {
        "date": "2007-09-30",
        "symbol": "LSI",
        "reportedCurrency": "USD",
        "cik": "0000944314",
        "fillingDate": "2007-11-02",
        "acceptedDate": "2007-11-02 16:10:25",
        "calendarYear": "2007",
        "period": "Q3",
        "revenue": 50998000,
        "costOfRevenue": 0,
        "grossProfit": 50998000,
        "grossProfitRatio": 1,
        "researchAndDevelopmentExpenses": 0,
        "generalAndAdministrativeExpenses": 3968000,
        "sellingAndMarketingExpenses": 0,
        "sellingGeneralAndAdministrativeExpenses": 3968000,
        "otherExpenses": 0,
        "operatingExpenses": 30508000,
        "costAndExpenses": 30508000,
        "interestIncome": 0,
        "interestExpense": 0,
        "depreciationAndAmortization": 8622000,
        "ebitda": 0,
        "ebitdaratio": 0,
        "operatingIncome": 20490000,
        "operatingIncomeRatio": 0.401780462,
        "totalOtherIncomeExpensesNet": 0,
        "incomeBeforeTax": 0,
        "incomeBeforeTaxRatio": 0,
        "incomeTaxExpense": 9615000,
        "netIncome": 10875000,
        "netIncomeRatio": 0.2132436566,
        "eps": 0.34,
        "epsdiluted": 0.34,
        "weightedAverageShsOut": 32085454,
        "weightedAverageShsOutDil": 32140443,
        "link": "https://www.sec.gov/Archives/edgar/data/944314/000090480207000032/0000904802-07-000032-index.htm",
        "finalLink": "https://www.sec.gov/Archives/edgar/data/944314/000090480207000032/sss_10q-nov2007.htm"
    },
    {
        "date": "2007-06-30",
        "symbol": "LSI",
        "reportedCurrency": "USD",
        "cik": "0000944314",
        "fillingDate": "2007-08-08",
        "acceptedDate": "2007-08-08 16:30:04",
        "calendarYear": "2007",
        "period": "Q2",
        "revenue": 48101000,
        "costOfRevenue": 0,
        "grossProfit": 48101000,
        "grossProfitRatio": 1,
        "researchAndDevelopmentExpenses": 0,
        "generalAndAdministrativeExpenses": 3698000,
        "sellingAndMarketingExpenses": 0,
        "sellingGeneralAndAdministrativeExpenses": 3698000,
        "otherExpenses": 0,
        "operatingExpenses": 31368000,
        "costAndExpenses": 31368000,
        "interestIncome": 0,
        "interestExpense": 0,
        "depreciationAndAmortization": 10373000,
        "ebitda": 27106000,
        "ebitdaratio": 0.5635225879,
        "operatingIncome": 16733000,
        "operatingIncomeRatio": 0.3478721856,
        "totalOtherIncomeExpensesNet": 0,
        "incomeBeforeTax": 0,
        "incomeBeforeTaxRatio": 0,
        "incomeTaxExpense": 8669000,
        "netIncome": 8064000,
        "netIncomeRatio": 0.1676472423,
        "eps": 0.24,
        "epsdiluted": 0.24,
        "weightedAverageShsOut": 30718801,
        "weightedAverageShsOutDil": 30799317,
        "link": "https://www.sec.gov/Archives/edgar/data/944314/000090480207000017/0000904802-07-000017-index.htm",
        "finalLink": "https://www.sec.gov/Archives/edgar/data/944314/000090480207000017/ss10q807.htm"
    },
    {
        "date": "2007-03-31",
        "symbol": "LSI",
        "reportedCurrency": "USD",
        "cik": "0000944314",
        "fillingDate": "2007-05-08",
        "acceptedDate": "2007-05-08 16:30:13",
        "calendarYear": "2007",
        "period": "Q1",
        "revenue": 44600000,
        "costOfRevenue": 0,
        "grossProfit": 44600000,
        "grossProfitRatio": 1,
        "researchAndDevelopmentExpenses": 0,
        "generalAndAdministrativeExpenses": 0,
        "sellingAndMarketingExpenses": 0,
        "sellingGeneralAndAdministrativeExpenses": 3555000,
        "otherExpenses": 0,
        "operatingExpenses": 27382000,
        "costAndExpenses": 27382000,
        "interestIncome": 0,
        "interestExpense": 0,
        "depreciationAndAmortization": 7268000,
        "ebitda": 0,
        "ebitdaratio": 0,
        "operatingIncome": 17218000,
        "operatingIncomeRatio": 0.3860538117,
        "totalOtherIncomeExpensesNet": 0,
        "incomeBeforeTax": 0,
        "incomeBeforeTaxRatio": 0,
        "incomeTaxExpense": 7681000,
        "netIncome": 9537000,
        "netIncomeRatio": 0.2138340807,
        "eps": 0.29,
        "epsdiluted": 0.29,
        "weightedAverageShsOut": 30619885,
        "weightedAverageShsOutDil": 30719484,
        "link": "https://www.sec.gov/Archives/edgar/data/944314/000090480207000009/0000904802-07-000009-index.htm",
        "finalLink": "https://www.sec.gov/Archives/edgar/data/944314/000090480207000009/ss10q507.htm"
    },
    {
        "date": "2006-12-31",
        "symbol": "LSI",
        "reportedCurrency": "USD",
        "cik": "0000944314",
        "fillingDate": "2007-03-01",
        "acceptedDate": "2007-03-01 14:56:44",
        "calendarYear": "2006",
        "period": "Q4",
        "revenue": 44558000,
        "costOfRevenue": -106477000,
        "grossProfit": 151035000,
        "grossProfitRatio": 3.389627003,
        "researchAndDevelopmentExpenses": 0,
        "generalAndAdministrativeExpenses": 3565000,
        "sellingAndMarketingExpenses": 0,
        "sellingGeneralAndAdministrativeExpenses": 3565000,
        "otherExpenses": 22991000,
        "operatingExpenses": 26557000,
        "costAndExpenses": 26557000,
        "interestIncome": 0,
        "interestExpense": 0,
        "depreciationAndAmortization": 7230000,
        "ebitda": 13353000,
        "ebitdaratio": 0.2996768257,
        "operatingIncome": 18001000,
        "operatingIncomeRatio": 0.4039903048,
        "totalOtherIncomeExpensesNet": 18609000,
        "incomeBeforeTax": 36610000,
        "incomeBeforeTaxRatio": 0.8216257462,
        "incomeTaxExpense": 8837000,
        "netIncome": 9164000,
        "netIncomeRatio": 0.2056645271,
        "eps": 0.34,
        "epsdiluted": 0.34,
        "weightedAverageShsOut": 26899244,
        "weightedAverageShsOutDil": 27022703,
        "link": "https://www.sec.gov/Archives/edgar/data/944314/000095015207001678/0000950152-07-001678-index.htm",
        "finalLink": "https://www.sec.gov/Archives/edgar/data/944314/000095015207001678/l24966ae10vk.htm"
    },
    {
        "date": "2006-09-30",
        "symbol": "LSI",
        "reportedCurrency": "USD",
        "cik": "0000944314",
        "fillingDate": "2006-11-07",
        "acceptedDate": "2006-11-07 16:49:38",
        "calendarYear": "2006",
        "period": "Q3",
        "revenue": 44784000,
        "costOfRevenue": 0,
        "grossProfit": 44784000,
        "grossProfitRatio": 1,
        "researchAndDevelopmentExpenses": 0,
        "generalAndAdministrativeExpenses": 3430000,
        "sellingAndMarketingExpenses": 0,
        "sellingGeneralAndAdministrativeExpenses": 3430000,
        "otherExpenses": 0,
        "operatingExpenses": 26388000,
        "costAndExpenses": 26388000,
        "interestIncome": 0,
        "interestExpense": 0,
        "depreciationAndAmortization": 6923000,
        "ebitda": 25964000,
        "ebitdaratio": 0.5797606288,
        "operatingIncome": 18396000,
        "operatingIncomeRatio": 0.4107717042,
        "totalOtherIncomeExpensesNet": -645000,
        "incomeBeforeTax": 17751000,
        "incomeBeforeTaxRatio": 0.396369239,
        "incomeTaxExpense": 8931000,
        "netIncome": 9465000,
        "netIncomeRatio": 0.2113478028,
        "eps": 0.33,
        "epsdiluted": 0.33,
        "weightedAverageShsOut": 26879013,
        "weightedAverageShsOutDil": 26983500,
        "link": "https://www.sec.gov/Archives/edgar/data/944314/000090480206000042/0000904802-06-000042-index.htm",
        "finalLink": "https://www.sec.gov/Archives/edgar/data/944314/000090480206000042/s10q1106.htm"
    },
    {
        "date": "2006-06-30",
        "symbol": "LSI",
        "reportedCurrency": "USD",
        "cik": "0000944314",
        "fillingDate": "2006-08-08",
        "acceptedDate": "2006-08-08 15:43:31",
        "calendarYear": "2006",
        "period": "Q2",
        "revenue": 40296000,
        "costOfRevenue": 0,
        "grossProfit": 40296000,
        "grossProfitRatio": 1,
        "researchAndDevelopmentExpenses": 0,
        "generalAndAdministrativeExpenses": 3662000,
        "sellingAndMarketingExpenses": 0,
        "sellingGeneralAndAdministrativeExpenses": 3662000,
        "otherExpenses": 0,
        "operatingExpenses": 23583000,
        "costAndExpenses": 23583000,
        "interestIncome": 0,
        "interestExpense": 0,
        "depreciationAndAmortization": 6314000,
        "ebitda": 23688000,
        "ebitdaratio": 0.5878499107,
        "operatingIncome": 16713000,
        "operatingIncomeRatio": 0.414755807,
        "totalOtherIncomeExpensesNet": -661000,
        "incomeBeforeTax": 16052000,
        "incomeBeforeTaxRatio": 0.3983521938,
        "incomeTaxExpense": 7327000,
        "netIncome": 9386000,
        "netIncomeRatio": 0.232926345,
        "eps": 0.33,
        "epsdiluted": 0.33,
        "weightedAverageShsOut": 26421906,
        "weightedAverageShsOutDil": 26511189,
        "link": "https://www.sec.gov/Archives/edgar/data/944314/000090480206000034/0000904802-06-000034-index.htm",
        "finalLink": "https://www.sec.gov/Archives/edgar/data/944314/000090480206000034/ss10q806.htm"
    },
    {
        "date": "2006-03-31",
        "symbol": "LSI",
        "reportedCurrency": "USD",
        "cik": "0000944314",
        "fillingDate": "2006-05-08",
        "acceptedDate": "2006-05-08 13:11:44",
        "calendarYear": "2006",
        "period": "Q1",
        "revenue": 36657000,
        "costOfRevenue": 0,
        "grossProfit": 36657000,
        "grossProfitRatio": 1,
        "researchAndDevelopmentExpenses": 0,
        "generalAndAdministrativeExpenses": 0,
        "sellingAndMarketingExpenses": 0,
        "sellingGeneralAndAdministrativeExpenses": 3438000,
        "otherExpenses": 0,
        "operatingExpenses": 22209000,
        "costAndExpenses": 22209000,
        "interestIncome": 0,
        "interestExpense": 0,
        "depreciationAndAmortization": 5873000,
        "ebitda": 0,
        "ebitdaratio": 0,
        "operatingIncome": 14448000,
        "operatingIncomeRatio": 0.3941402733,
        "totalOtherIncomeExpensesNet": -303000,
        "incomeBeforeTax": 14145000,
        "incomeBeforeTaxRatio": 0.3858744578,
        "incomeTaxExpense": 5853000,
        "netIncome": 8595000,
        "netIncomeRatio": 0.234470906,
        "eps": 0.3,
        "epsdiluted": 0.3,
        "weightedAverageShsOut": 26314731,
        "weightedAverageShsOutDil": 26418717,
        "link": "https://www.sec.gov/Archives/edgar/data/944314/000090480206000018/0000904802-06-000018-index.htm",
        "finalLink": "https://www.sec.gov/Archives/edgar/data/944314/000090480206000018/ss10q506.htm"
    },
    {
        "date": "2005-12-31",
        "symbol": "LSI",
        "reportedCurrency": "USD",
        "cik": "0000944314",
        "fillingDate": "2006-03-13",
        "acceptedDate": "2006-03-13 17:19:09",
        "calendarYear": "2005",
        "period": "Q4",
        "revenue": 36147000,
        "costOfRevenue": -89752000,
        "grossProfit": 125899000,
        "grossProfitRatio": 3.4829723075,
        "researchAndDevelopmentExpenses": 0,
        "generalAndAdministrativeExpenses": 4017000,
        "sellingAndMarketingExpenses": 0,
        "sellingGeneralAndAdministrativeExpenses": 4017000,
        "otherExpenses": 17600000,
        "operatingExpenses": 21616000,
        "costAndExpenses": 21616000,
        "interestIncome": 0,
        "interestExpense": 0,
        "depreciationAndAmortization": 5743000,
        "ebitda": 20274000,
        "ebitdaratio": 0.5608764213,
        "operatingIncome": 14531000,
        "operatingIncomeRatio": 0.4019973995,
        "totalOtherIncomeExpensesNet": 20259000,
        "incomeBeforeTax": 34790000,
        "incomeBeforeTaxRatio": 0.9624588486,
        "incomeTaxExpense": 5998000,
        "netIncome": 8533000,
        "netIncomeRatio": 0.2360638504,
        "eps": 0.34,
        "epsdiluted": 0.34,
        "weightedAverageShsOut": 24772702,
        "weightedAverageShsOutDil": 24994168,
        "link": "https://www.sec.gov/Archives/edgar/data/944314/000090480206000007/0000904802-06-000007-index.htm",
        "finalLink": "https://www.sec.gov/Archives/edgar/data/944314/000090480206000007/s10k306.htm"
    },
    {
        "date": "2005-09-30",
        "symbol": "LSI",
        "reportedCurrency": "USD",
        "cik": "0000944314",
        "fillingDate": "2005-11-04",
        "acceptedDate": "2005-11-04 11:40:27",
        "calendarYear": "2005",
        "period": "Q3",
        "revenue": 36003000,
        "costOfRevenue": 0,
        "grossProfit": 36003000,
        "grossProfitRatio": 1,
        "researchAndDevelopmentExpenses": 0,
        "generalAndAdministrativeExpenses": 2945000,
        "sellingAndMarketingExpenses": 0,
        "sellingGeneralAndAdministrativeExpenses": 2945000,
        "otherExpenses": 0,
        "operatingExpenses": 21031000,
        "costAndExpenses": 21031000,
        "interestIncome": 0,
        "interestExpense": 0,
        "depreciationAndAmortization": 5625000,
        "ebitda": 20978000,
        "ebitdaratio": 0.5826736661,
        "operatingIncome": 14972000,
        "operatingIncomeRatio": 0.4158542344,
        "totalOtherIncomeExpensesNet": -380000,
        "incomeBeforeTax": 14592000,
        "incomeBeforeTaxRatio": 0.4052995584,
        "incomeTaxExpense": 5362000,
        "netIncome": 9611000,
        "netIncomeRatio": 0.2669499764,
        "eps": 0.35,
        "epsdiluted": 0.35,
        "weightedAverageShsOut": 24813952,
        "weightedAverageShsOutDil": 24988063,
        "link": "https://www.sec.gov/Archives/edgar/data/944314/000090480205000013/0000904802-05-000013-index.htm",
        "finalLink": "https://www.sec.gov/Archives/edgar/data/944314/000090480205000013/s10q1105.htm"
    },
    {
        "date": "2005-06-30",
        "symbol": "LSI",
        "reportedCurrency": "USD",
        "cik": "0000944314",
        "fillingDate": "2005-08-05",
        "acceptedDate": "2005-08-05 15:11:35",
        "calendarYear": "2005",
        "period": "Q2",
        "revenue": 34007000,
        "costOfRevenue": 0,
        "grossProfit": 34007000,
        "grossProfitRatio": 1,
        "researchAndDevelopmentExpenses": 0,
        "generalAndAdministrativeExpenses": 2955000,
        "sellingAndMarketingExpenses": 0,
        "sellingGeneralAndAdministrativeExpenses": 2955000,
        "otherExpenses": 0,
        "operatingExpenses": 20107000,
        "costAndExpenses": 20107000,
        "interestIncome": 0,
        "interestExpense": 0,
        "depreciationAndAmortization": 5416000,
        "ebitda": 19660000,
        "ebitdaratio": 0.5781162702,
        "operatingIncome": 13900000,
        "operatingIncomeRatio": 0.4087393772,
        "totalOtherIncomeExpensesNet": -344000,
        "incomeBeforeTax": 13556000,
        "incomeBeforeTaxRatio": 0.3986238127,
        "incomeTaxExpense": 5022000,
        "netIncome": 8878000,
        "netIncomeRatio": 0.2610638986,
        "eps": 0.31,
        "epsdiluted": 0.31,
        "weightedAverageShsOut": 24283551,
        "weightedAverageShsOutDil": 24527968,
        "link": "https://www.sec.gov/Archives/edgar/data/944314/000090480205000008/0000904802-05-000008-index.htm",
        "finalLink": "https://www.sec.gov/Archives/edgar/data/944314/000090480205000008/ss10q605.htm"
    },
    {
        "date": "2005-03-31",
        "symbol": "LSI",
        "reportedCurrency": "USD",
        "cik": "0000944314",
        "fillingDate": "2005-05-06",
        "acceptedDate": "2005-05-06 12:45:28",
        "calendarYear": "2005",
        "period": "Q1",
        "revenue": 32149000,
        "costOfRevenue": 0,
        "grossProfit": 32149000,
        "grossProfitRatio": 1,
        "researchAndDevelopmentExpenses": 0,
        "generalAndAdministrativeExpenses": 2947000,
        "sellingAndMarketingExpenses": 0,
        "sellingGeneralAndAdministrativeExpenses": 2947000,
        "otherExpenses": 0,
        "operatingExpenses": 19692000,
        "costAndExpenses": 19692000,
        "interestIncome": 0,
        "interestExpense": 0,
        "depreciationAndAmortization": 5228000,
        "ebitda": 0,
        "ebitdaratio": 0,
        "operatingIncome": 12457000,
        "operatingIncomeRatio": 0.3874770599,
        "totalOtherIncomeExpensesNet": -306000,
        "incomeBeforeTax": 12151000,
        "incomeBeforeTaxRatio": 0.377958879,
        "incomeTaxExpense": 4689000,
        "netIncome": 7768000,
        "netIncomeRatio": 0.2416249339,
        "eps": 0.27,
        "epsdiluted": 0.27,
        "weightedAverageShsOut": 24056440,
        "weightedAverageShsOutDil": 24281772,
        "link": "https://www.sec.gov/Archives/edgar/data/944314/000090480205000003/0000904802-05-000003-index.htm",
        "finalLink": "https://www.sec.gov/Archives/edgar/data/944314/000090480205000003/ss10q505.htm"
    },
    {
        "date": "2004-12-31",
        "symbol": "LSI",
        "reportedCurrency": "USD",
        "cik": "0000944314",
        "fillingDate": "2005-03-15",
        "acceptedDate": "2005-03-15 15:09:37",
        "calendarYear": "2004",
        "period": "Q4",
        "revenue": 32146000,
        "costOfRevenue": 0,
        "grossProfit": 32146000,
        "grossProfitRatio": 1,
        "researchAndDevelopmentExpenses": 0,
        "generalAndAdministrativeExpenses": 3255000,
        "sellingAndMarketingExpenses": 0,
        "sellingGeneralAndAdministrativeExpenses": 3255000,
        "otherExpenses": 0,
        "operatingExpenses": 19415000,
        "costAndExpenses": 19415000,
        "interestIncome": 0,
        "interestExpense": 0,
        "depreciationAndAmortization": 5217000,
        "ebitda": 17948000,
        "ebitdaratio": 0.5583276302,
        "operatingIncome": 12731000,
        "operatingIncomeRatio": 0.396036832,
        "totalOtherIncomeExpensesNet": 0,
        "incomeBeforeTax": 0,
        "incomeBeforeTaxRatio": 0,
        "incomeTaxExpense": 4769000,
        "netIncome": 7962000,
        "netIncomeRatio": 0.2476824488,
        "eps": 0.35,
        "epsdiluted": 0.34,
        "weightedAverageShsOut": 22967224,
        "weightedAverageShsOutDil": 23110122,
        "link": "https://www.sec.gov/Archives/edgar/data/944314/000090480205000001/0000904802-05-000001-index.htm",
        "finalLink": "https://www.sec.gov/Archives/edgar/data/944314/000090480205000001/ss10k305.htm"
    },
    {
        "date": "2004-09-30",
        "symbol": "LSI",
        "reportedCurrency": "USD",
        "cik": "0000944314",
        "fillingDate": "2004-11-05",
        "acceptedDate": "2004-11-05 14:27:09",
        "calendarYear": "2004",
        "period": "Q3",
        "revenue": 32421000,
        "costOfRevenue": 0,
        "grossProfit": 32421000,
        "grossProfitRatio": 1,
        "researchAndDevelopmentExpenses": 0,
        "generalAndAdministrativeExpenses": 2730000,
        "sellingAndMarketingExpenses": 0,
        "sellingGeneralAndAdministrativeExpenses": 2730000,
        "otherExpenses": 0,
        "operatingExpenses": 19701000,
        "costAndExpenses": 19701000,
        "interestIncome": 0,
        "interestExpense": 0,
        "depreciationAndAmortization": 5095000,
        "ebitda": 18156000,
        "ebitdaratio": 0.5600074026,
        "operatingIncome": 12720000,
        "operatingIncomeRatio": 0.3923382993,
        "totalOtherIncomeExpensesNet": -317000,
        "incomeBeforeTax": 12403000,
        "incomeBeforeTaxRatio": 0.382560686,
        "incomeTaxExpense": 4332000,
        "netIncome": 8412000,
        "netIncomeRatio": 0.2594614602,
        "eps": 0.24,
        "epsdiluted": 0.23,
        "weightedAverageShsOut": 23121786,
        "weightedAverageShsOutDil": 23258478,
        "link": "https://www.sec.gov/Archives/edgar/data/944314/000090480204000033/0000904802-04-000033-index.htm",
        "finalLink": "https://www.sec.gov/Archives/edgar/data/944314/000090480204000033/ss10q114.htm"
    },
    {
        "date": "2004-06-30",
        "symbol": "LSI",
        "reportedCurrency": "USD",
        "cik": "0000944314",
        "fillingDate": "2004-08-06",
        "acceptedDate": "2004-08-06 10:42:35",
        "calendarYear": "2004",
        "period": "Q2",
        "revenue": 30292000,
        "costOfRevenue": 7541000,
        "grossProfit": 22751000,
        "grossProfitRatio": 0.7510563845,
        "researchAndDevelopmentExpenses": 0,
        "generalAndAdministrativeExpenses": 2626000,
        "sellingAndMarketingExpenses": 0,
        "sellingGeneralAndAdministrativeExpenses": 2626000,
        "otherExpenses": 0,
        "operatingExpenses": 10225000,
        "costAndExpenses": 17766000,
        "interestIncome": 0,
        "interestExpense": 0,
        "depreciationAndAmortization": 4879000,
        "ebitda": 17716000,
        "ebitdaratio": 0.5848408821,
        "operatingIncome": 12526000,
        "operatingIncomeRatio": 0.4135085171,
        "totalOtherIncomeExpensesNet": -311000,
        "incomeBeforeTax": 12215000,
        "incomeBeforeTaxRatio": 0.40324178,
        "incomeTaxExpense": 4472000,
        "netIncome": 8054000,
        "netIncomeRatio": 0.2658787799,
        "eps": 0.26,
        "epsdiluted": 0.26,
        "weightedAverageShsOut": 22357600,
        "weightedAverageShsOutDil": 22500768,
        "link": "https://www.sec.gov/Archives/edgar/data/944314/000090480204000017/0000904802-04-000017-index.htm",
        "finalLink": "https://www.sec.gov/Archives/edgar/data/944314/000090480204000017/ss10q804.htm"
    },
    {
        "date": "2004-03-31",
        "symbol": "LSI",
        "reportedCurrency": "USD",
        "cik": "0000944314",
        "fillingDate": "2004-05-10",
        "acceptedDate": "2004-05-10 16:34:40",
        "calendarYear": "2004",
        "period": "Q1",
        "revenue": 28584000,
        "costOfRevenue": 7442000,
        "grossProfit": 21142000,
        "grossProfitRatio": 0.7396445564,
        "researchAndDevelopmentExpenses": 0,
        "generalAndAdministrativeExpenses": 2463000,
        "sellingAndMarketingExpenses": 0,
        "sellingGeneralAndAdministrativeExpenses": 2463000,
        "otherExpenses": 0,
        "operatingExpenses": 9918000,
        "costAndExpenses": 17360000,
        "interestIncome": 0,
        "interestExpense": 0,
        "depreciationAndAmortization": 4704000,
        "ebitda": 0,
        "ebitdaratio": 0,
        "operatingIncome": 11224000,
        "operatingIncomeRatio": 0.3926672264,
        "totalOtherIncomeExpensesNet": -345000,
        "incomeBeforeTax": 10879000,
        "incomeBeforeTaxRatio": 0.3805975371,
        "incomeTaxExpense": 3649000,
        "netIncome": 7575000,
        "netIncomeRatio": 0.2650083963,
        "eps": 0.25,
        "epsdiluted": 0.25,
        "weightedAverageShsOut": 21779265,
        "weightedAverageShsOutDil": 22061902,
        "link": "https://www.sec.gov/Archives/edgar/data/944314/000090480204000011/0000904802-04-000011-index.htm",
        "finalLink": "https://www.sec.gov/Archives/edgar/data/944314/000090480204000011/ss10q504.htm"
    },
    {
        "date": "2003-12-31",
        "symbol": "LSI",
        "reportedCurrency": "USD",
        "cik": "0000944314",
        "fillingDate": "2003-12-31",
        "acceptedDate": "2003-12-30 19:00:00",
        "calendarYear": "2003",
        "period": "Q4",
        "revenue": 28997000,
        "costOfRevenue": 0,
        "grossProfit": 28997000,
        "grossProfitRatio": 1,
        "researchAndDevelopmentExpenses": 0,
        "generalAndAdministrativeExpenses": 2441000,
        "sellingAndMarketingExpenses": 0,
        "sellingGeneralAndAdministrativeExpenses": 2441000,
        "otherExpenses": 0,
        "operatingExpenses": 38687000,
        "costAndExpenses": 17333000,
        "interestIncome": 0,
        "interestExpense": 0,
        "depreciationAndAmortization": 4810000,
        "ebitda": 16474000,
        "ebitdaratio": 0.5681277374,
        "operatingIncome": 11664000,
        "operatingIncomeRatio": 0.4022485085,
        "totalOtherIncomeExpensesNet": 0,
        "incomeBeforeTax": 0,
        "incomeBeforeTaxRatio": 0,
        "incomeTaxExpense": 4500000,
        "netIncome": 7164000,
        "netIncomeRatio": 0.2470600407,
        "eps": 0.35,
        "epsdiluted": 0.34,
        "weightedAverageShsOut": 20753887,
        "weightedAverageShsOutDil": 20981620,
        "link": null,
        "finalLink": null
    },
    {
        "date": "2003-09-30",
        "symbol": "LSI",
        "reportedCurrency": "USD",
        "cik": "0000944314",
        "fillingDate": "2003-11-12",
        "acceptedDate": "2003-11-12 08:51:17",
        "calendarYear": "2003",
        "period": "Q3",
        "revenue": 29190000,
        "costOfRevenue": 7600000,
        "grossProfit": 21590000,
        "grossProfitRatio": 0.7396368619,
        "researchAndDevelopmentExpenses": 0,
        "generalAndAdministrativeExpenses": 2509000,
        "sellingAndMarketingExpenses": 0,
        "sellingGeneralAndAdministrativeExpenses": 2509000,
        "otherExpenses": 0,
        "operatingExpenses": 9874000,
        "costAndExpenses": 17474000,
        "interestIncome": 0,
        "interestExpense": 0,
        "depreciationAndAmortization": 4819000,
        "ebitda": 17635000,
        "ebitdaratio": 0.6041452552,
        "operatingIncome": 11716000,
        "operatingIncomeRatio": 0.4013703323,
        "totalOtherIncomeExpensesNet": -1100000,
        "incomeBeforeTax": 10616000,
        "incomeBeforeTaxRatio": 0.3636861939,
        "incomeTaxExpense": 4703000,
        "netIncome": 7013000,
        "netIncomeRatio": 0.2402535115,
        "eps": 0.24,
        "epsdiluted": 0.23,
        "weightedAverageShsOut": 20139799,
        "weightedAverageShsOutDil": 20327754,
        "link": "https://www.sec.gov/Archives/edgar/data/944314/000090480203000021/0000904802-03-000021-index.htm",
        "finalLink": "https://www.sec.gov/Archives/edgar/data/944314/000090480203000021/s10q1103.htm"
    },
    {
        "date": "2003-06-30",
        "symbol": "LSI",
        "reportedCurrency": "USD",
        "cik": "0000944314",
        "fillingDate": "2003-08-11",
        "acceptedDate": "2003-08-11 12:21:10",
        "calendarYear": "2003",
        "period": "Q2",
        "revenue": 27921000,
        "costOfRevenue": 6914000,
        "grossProfit": 21007000,
        "grossProfitRatio": 0.752372766,
        "researchAndDevelopmentExpenses": 0,
        "generalAndAdministrativeExpenses": 2356000,
        "sellingAndMarketingExpenses": 0,
        "sellingGeneralAndAdministrativeExpenses": 2356000,
        "otherExpenses": 0,
        "operatingExpenses": 9545000,
        "costAndExpenses": 16459000,
        "interestIncome": 0,
        "interestExpense": 0,
        "depreciationAndAmortization": 4671000,
        "ebitda": 16575000,
        "ebitdaratio": 0.5936391963,
        "operatingIncome": 11462000,
        "operatingIncomeRatio": 0.4105153827,
        "totalOtherIncomeExpensesNet": -442000,
        "incomeBeforeTax": 11020000,
        "incomeBeforeTaxRatio": 0.3946850041,
        "incomeTaxExpense": 3900000,
        "netIncome": 7562000,
        "netIncomeRatio": 0.2708355718,
        "eps": 0.27,
        "epsdiluted": 0.27,
        "weightedAverageShsOut": 19590318,
        "weightedAverageShsOutDil": 19776409,
        "link": "https://www.sec.gov/Archives/edgar/data/944314/000090480203000016/0000904802-03-000016-index.htm",
        "finalLink": "https://www.sec.gov/Archives/edgar/data/944314/000090480203000016/sss10q803.htm"
    },
    {
        "date": "2003-03-31",
        "symbol": "LSI",
        "reportedCurrency": "USD",
        "cik": "0000944314",
        "fillingDate": "2003-05-12",
        "acceptedDate": "2003-05-12 15:27:08",
        "calendarYear": "2003",
        "period": "Q1",
        "revenue": 27055000,
        "costOfRevenue": 6842000,
        "grossProfit": 20213000,
        "grossProfitRatio": 0.7471077435,
        "researchAndDevelopmentExpenses": 0,
        "generalAndAdministrativeExpenses": 2310000,
        "sellingAndMarketingExpenses": 0,
        "sellingGeneralAndAdministrativeExpenses": 2310000,
        "otherExpenses": 0,
        "operatingExpenses": 9628000,
        "costAndExpenses": 16470000,
        "interestIncome": 0,
        "interestExpense": 0,
        "depreciationAndAmortization": 4680000,
        "ebitda": 0,
        "ebitdaratio": 0,
        "operatingIncome": 10585000,
        "operatingIncomeRatio": 0.3912400665,
        "totalOtherIncomeExpensesNet": -447000,
        "incomeBeforeTax": 10138000,
        "incomeBeforeTaxRatio": 0.3747181667,
        "incomeTaxExpense": 3900000,
        "netIncome": 6685000,
        "netIncomeRatio": 0.2470892626,
        "eps": 0.23,
        "epsdiluted": 0.23,
        "weightedAverageShsOut": 19455409,
        "weightedAverageShsOutDil": 19599847,
        "link": "https://www.sec.gov/Archives/edgar/data/944314/000090480203000012/0000904802-03-000012-index.htm",
        "finalLink": "https://www.sec.gov/Archives/edgar/data/944314/000090480203000012/ss10q503.htm"
    },
    {
        "date": "2002-12-31",
        "symbol": "LSI",
        "reportedCurrency": "USD",
        "cik": "0000944314",
        "fillingDate": "2003-03-27",
        "acceptedDate": "2003-03-27 14:12:27",
        "calendarYear": "2002",
        "period": "Q4",
        "revenue": 26290000,
        "costOfRevenue": -27953000,
        "grossProfit": 54243000,
        "grossProfitRatio": 2.0632559909,
        "researchAndDevelopmentExpenses": 0,
        "generalAndAdministrativeExpenses": 2310000,
        "sellingAndMarketingExpenses": 0,
        "sellingGeneralAndAdministrativeExpenses": 2310000,
        "otherExpenses": 25619000,
        "operatingExpenses": 33530000,
        "costAndExpenses": 15991000,
        "interestIncome": 0,
        "interestExpense": 0,
        "depreciationAndAmortization": 4691000,
        "ebitda": 16328000,
        "ebitdaratio": 0.6210726512,
        "operatingIncome": 10299000,
        "operatingIncomeRatio": 0.391745911,
        "totalOtherIncomeExpensesNet": 16002000,
        "incomeBeforeTax": 26301000,
        "incomeBeforeTaxRatio": 1.00041841,
        "incomeTaxExpense": 3589000,
        "netIncome": 6710000,
        "netIncomeRatio": 0.2552301255,
        "eps": 0.35,
        "epsdiluted": 0.34,
        "weightedAverageShsOut": 19303147,
        "weightedAverageShsOutDil": 19541714,
        "link": "https://www.sec.gov/Archives/edgar/data/944314/000090480203000005/0000904802-03-000005-index.htm",
        "finalLink": "https://www.sec.gov/Archives/edgar/data/944314/000090480203000005/ss10k303.htm"
    },
    {
        "date": "2002-09-30",
        "symbol": "LSI",
        "reportedCurrency": "USD",
        "cik": "0000944314",
        "fillingDate": "2002-11-13",
        "acceptedDate": "2002-11-13 11:24:26",
        "calendarYear": "2002",
        "period": "Q3",
        "revenue": 26340000,
        "costOfRevenue": 6319000,
        "grossProfit": 20021000,
        "grossProfitRatio": 0.7600987092,
        "researchAndDevelopmentExpenses": 0,
        "generalAndAdministrativeExpenses": 2278000,
        "sellingAndMarketingExpenses": 0,
        "sellingGeneralAndAdministrativeExpenses": 2278000,
        "otherExpenses": 0,
        "operatingExpenses": 8952000,
        "costAndExpenses": 15271000,
        "interestIncome": 0,
        "interestExpense": 0,
        "depreciationAndAmortization": 4403000,
        "ebitda": 15472000,
        "ebitdaratio": 0.5873955961,
        "operatingIncome": 11069000,
        "operatingIncomeRatio": 0.4202353834,
        "totalOtherIncomeExpensesNet": 0,
        "incomeBeforeTax": 0,
        "incomeBeforeTaxRatio": 0,
        "incomeTaxExpense": 4232000,
        "netIncome": 6837000,
        "netIncomeRatio": 0.2595671982,
        "eps": 0.26,
        "epsdiluted": 0.25,
        "weightedAverageShsOut": 19442439,
        "weightedAverageShsOutDil": 19685866,
        "link": "https://www.sec.gov/Archives/edgar/data/944314/000090480202000062/0000904802-02-000062-index.htm",
        "finalLink": "https://www.sec.gov/Archives/edgar/data/944314/000090480202000062/s10q1102.htm"
    },
    {
        "date": "2002-06-30",
        "symbol": "LSI",
        "reportedCurrency": "USD",
        "cik": "0000944314",
        "fillingDate": "2002-08-12",
        "acceptedDate": "2002-08-12 13:48:05",
        "calendarYear": "2002",
        "period": "Q2",
        "revenue": 25271000,
        "costOfRevenue": 0,
        "grossProfit": 25271000,
        "grossProfitRatio": 1,
        "researchAndDevelopmentExpenses": 0,
        "generalAndAdministrativeExpenses": 1974000,
        "sellingAndMarketingExpenses": 0,
        "sellingGeneralAndAdministrativeExpenses": 1974000,
        "otherExpenses": 0,
        "operatingExpenses": 14195000,
        "costAndExpenses": 14195000,
        "interestIncome": 0,
        "interestExpense": 0,
        "depreciationAndAmortization": 4202000,
        "ebitda": 15278000,
        "ebitdaratio": 0.6045664991,
        "operatingIncome": 11076000,
        "operatingIncomeRatio": 0.4382889478,
        "totalOtherIncomeExpensesNet": 0,
        "incomeBeforeTax": 0,
        "incomeBeforeTaxRatio": 0,
        "incomeTaxExpense": 4431000,
        "netIncome": 6645000,
        "netIncomeRatio": 0.2629496261,
        "eps": 0.31,
        "epsdiluted": 0.31,
        "weightedAverageShsOut": 18905727,
        "weightedAverageShsOutDil": 19210803,
        "link": "https://www.sec.gov/Archives/edgar/data/944314/000090480202000042/0000904802-02-000042-index.htm",
        "finalLink": "https://www.sec.gov/Archives/edgar/data/944314/000090480202000042/sss10q809.htm"
    },
    {
        "date": "2002-03-31",
        "symbol": "LSI",
        "reportedCurrency": "USD",
        "cik": "0000944314",
        "fillingDate": "2002-05-15",
        "acceptedDate": "2002-05-15 14:35:39",
        "calendarYear": "2002",
        "period": "Q1",
        "revenue": 24249000,
        "costOfRevenue": 5628000,
        "grossProfit": 18621000,
        "grossProfitRatio": 0.767907955,
        "researchAndDevelopmentExpenses": 0,
        "generalAndAdministrativeExpenses": 2024000,
        "sellingAndMarketingExpenses": 0,
        "sellingGeneralAndAdministrativeExpenses": 2024000,
        "otherExpenses": 0,
        "operatingExpenses": 8451000,
        "costAndExpenses": 14079000,
        "interestIncome": 0,
        "interestExpense": 0,
        "depreciationAndAmortization": 4096000,
        "ebitda": 0,
        "ebitdaratio": 0,
        "operatingIncome": 10170000,
        "operatingIncomeRatio": 0.4193987381,
        "totalOtherIncomeExpensesNet": 0,
        "incomeBeforeTax": 0,
        "incomeBeforeTaxRatio": 0,
        "incomeTaxExpense": 4061000,
        "netIncome": 6109000,
        "netIncomeRatio": 0.2519279146,
        "eps": 0.29,
        "epsdiluted": 0.28,
        "weightedAverageShsOut": 18651465,
        "weightedAverageShsOutDil": 18999802,
        "link": "https://www.sec.gov/Archives/edgar/data/944314/000090480202000023/0000904802-02-000023-index.htm",
        "finalLink": "https://www.sec.gov/Archives/edgar/data/944314/000090480202000023/sss10q514.htm"
    },
    {
        "date": "2001-12-31",
        "symbol": "LSI",
        "reportedCurrency": "USD",
        "cik": "0000944314",
        "fillingDate": "2002-03-28",
        "acceptedDate": "2002-03-28 00:00:00",
        "calendarYear": "2001",
        "period": "Q4",
        "revenue": 22728000,
        "costOfRevenue": -7243000,
        "grossProfit": 29971000,
        "grossProfitRatio": 1.3186818022,
        "researchAndDevelopmentExpenses": 0,
        "generalAndAdministrativeExpenses": 3133000,
        "sellingAndMarketingExpenses": 0,
        "sellingGeneralAndAdministrativeExpenses": 3133000,
        "otherExpenses": -17444000,
        "operatingExpenses": 8807000,
        "costAndExpenses": -6419000,
        "interestIncome": 0,
        "interestExpense": 0,
        "depreciationAndAmortization": 3875000,
        "ebitda": 33022000,
        "ebitdaratio": 1.4529215065,
        "operatingIncome": 29147000,
        "operatingIncomeRatio": 1.2824269623,
        "totalOtherIncomeExpensesNet": -20095000,
        "incomeBeforeTax": 24189000,
        "incomeBeforeTaxRatio": 1.064281943,
        "incomeTaxExpense": 24026000,
        "netIncome": 5121000,
        "netIncomeRatio": 0.2253167899,
        "eps": 0.28,
        "epsdiluted": 0.28,
        "weightedAverageShsOut": 18362573,
        "weightedAverageShsOutDil": 18546085,
        "link": "https://www.sec.gov/Archives/edgar/data/944314/000090480202000002/0000904802-02-000002-index.htm",
        "finalLink": "https://www.sec.gov/Archives/edgar/data/944314/000090480202000002/sss10k302.htm"
    },
    {
        "date": "2001-09-30",
        "symbol": "LSI",
        "reportedCurrency": "USD",
        "cik": "0000944314",
        "fillingDate": "2001-11-14",
        "acceptedDate": "2001-11-14 00:00:00",
        "calendarYear": "2001",
        "period": "Q3",
        "revenue": 23615000,
        "costOfRevenue": 5200000,
        "grossProfit": 18415000,
        "grossProfitRatio": 0.779800974,
        "researchAndDevelopmentExpenses": 0,
        "generalAndAdministrativeExpenses": 1593000,
        "sellingAndMarketingExpenses": 0,
        "sellingGeneralAndAdministrativeExpenses": 1593000,
        "otherExpenses": 0,
        "operatingExpenses": 7461000,
        "costAndExpenses": 12661000,
        "interestIncome": 0,
        "interestExpense": 0,
        "depreciationAndAmortization": 3789000,
        "ebitda": 14743000,
        "ebitdaratio": 0.6243065848,
        "operatingIncome": 10954000,
        "operatingIncomeRatio": 0.4638577176,
        "totalOtherIncomeExpensesNet": 0,
        "incomeBeforeTax": 0,
        "incomeBeforeTaxRatio": 0,
        "incomeTaxExpense": 3682000,
        "netIncome": 7272000,
        "netIncomeRatio": 0.3079398687,
        "eps": 0.35,
        "epsdiluted": 0.35,
        "weightedAverageShsOut": 18419973,
        "weightedAverageShsOutDil": 18574146,
        "link": "https://www.sec.gov/Archives/edgar/data/944314/000090480201500054/0000904802-01-500054-index.htm",
        "finalLink": "https://www.sec.gov/Archives/edgar/data/944314/000090480201500054/sss10q1101.htm"
    },
    {
        "date": "2001-06-30",
        "symbol": "LSI",
        "reportedCurrency": "USD",
        "cik": "0000944314",
        "fillingDate": "2001-08-10",
        "acceptedDate": "2001-08-10 00:00:00",
        "calendarYear": "2001",
        "period": "Q2",
        "revenue": 22778000,
        "costOfRevenue": 4856000,
        "grossProfit": 17922000,
        "grossProfitRatio": 0.786811836,
        "researchAndDevelopmentExpenses": 0,
        "generalAndAdministrativeExpenses": 1703000,
        "sellingAndMarketingExpenses": 0,
        "sellingGeneralAndAdministrativeExpenses": 1703000,
        "otherExpenses": 0,
        "operatingExpenses": 7545000,
        "costAndExpenses": 12401000,
        "interestIncome": 0,
        "interestExpense": 0,
        "depreciationAndAmortization": 3723000,
        "ebitda": 14100000,
        "ebitdaratio": 0.619018351,
        "operatingIncome": 10377000,
        "operatingIncomeRatio": 0.4555711652,
        "totalOtherIncomeExpensesNet": 0,
        "incomeBeforeTax": 0,
        "incomeBeforeTaxRatio": 0,
        "incomeTaxExpense": 3941000,
        "netIncome": 6436000,
        "netIncomeRatio": 0.2825533409,
        "eps": 0.31,
        "epsdiluted": 0.31,
        "weightedAverageShsOut": 18292249,
        "weightedAverageShsOutDil": 18410005,
        "link": "https://www.sec.gov/Archives/edgar/data/944314/000090480201500035/0000904802-01-500035-index.htm",
        "finalLink": "https://www.sec.gov/Archives/edgar/data/944314/000090480201500035/sss10q601.htm"
    },
    {
        "date": "2001-03-31",
        "symbol": "LSI",
        "reportedCurrency": "USD",
        "cik": "0000944314",
        "fillingDate": "2001-05-11",
        "acceptedDate": "2001-05-11 00:00:00",
        "calendarYear": "2001",
        "period": "Q1",
        "revenue": 22285000,
        "costOfRevenue": 5168000,
        "grossProfit": 17117000,
        "grossProfitRatio": 0.7680951313,
        "researchAndDevelopmentExpenses": 0,
        "generalAndAdministrativeExpenses": 1598000,
        "sellingAndMarketingExpenses": 0,
        "sellingGeneralAndAdministrativeExpenses": 1598000,
        "otherExpenses": 0,
        "operatingExpenses": 7332000,
        "costAndExpenses": 12500000,
        "interestIncome": 0,
        "interestExpense": 0,
        "depreciationAndAmortization": 3648000,
        "ebitda": 0,
        "ebitdaratio": 0,
        "operatingIncome": 9785000,
        "operatingIncomeRatio": 0.439084586,
        "totalOtherIncomeExpensesNet": 0,
        "incomeBeforeTax": 0,
        "incomeBeforeTaxRatio": 0,
        "incomeTaxExpense": 4424000,
        "netIncome": 5361000,
        "netIncomeRatio": 0.2405654027,
        "eps": 0.25,
        "epsdiluted": 0.25,
        "weightedAverageShsOut": 18097459,
        "weightedAverageShsOutDil": 18113575,
        "link": "https://www.sec.gov/Archives/edgar/data/944314/000090480201500029/0000904802-01-500029-index.htm",
        "finalLink": "https://www.sec.gov/Archives/edgar/data/944314/000090480201500029/sss10q501.htm"
    },
    {
        "date": "2000-12-31",
        "symbol": "LSI",
        "reportedCurrency": "USD",
        "cik": "0000944314",
        "fillingDate": "2001-03-30",
        "acceptedDate": "2001-03-30 00:00:00",
        "calendarYear": "2000",
        "period": "Q4",
        "revenue": 24937000,
        "costOfRevenue": -6909000,
        "grossProfit": 31846000,
        "grossProfitRatio": 1.2770581866,
        "researchAndDevelopmentExpenses": 0,
        "generalAndAdministrativeExpenses": 1445000,
        "sellingAndMarketingExpenses": 0,
        "sellingGeneralAndAdministrativeExpenses": 1445000,
        "otherExpenses": -16671000,
        "operatingExpenses": 6942000,
        "costAndExpenses": -7686000,
        "interestIncome": 0,
        "interestExpense": 0,
        "depreciationAndAmortization": 3714000,
        "ebitda": 36337000,
        "ebitdaratio": 1.4571520231,
        "operatingIncome": 32623000,
        "operatingIncomeRatio": 1.3082167061,
        "totalOtherIncomeExpensesNet": -21366000,
        "incomeBeforeTax": 25707000,
        "incomeBeforeTaxRatio": 1.0308778121,
        "incomeTaxExpense": 24911000,
        "netIncome": 7712000,
        "netIncomeRatio": 0.3092593335,
        "eps": 0.43,
        "epsdiluted": 0.43,
        "weightedAverageShsOut": 18024624,
        "weightedAverageShsOutDil": 18025983,
        "link": "https://www.sec.gov/Archives/edgar/data/944314/000090480201500015/0000904802-01-500015-index.htm",
        "finalLink": "https://www.sec.gov/Archives/edgar/data/944314/000090480201500015/sss10k301.htm"
    },
    {
        "date": "2000-09-30",
        "symbol": "LSI",
        "reportedCurrency": "USD",
        "cik": "0000944314",
        "fillingDate": "2000-11-14",
        "acceptedDate": "2000-11-14 00:00:00",
        "calendarYear": "2000",
        "period": "Q3",
        "revenue": 23486000,
        "costOfRevenue": 5295000,
        "grossProfit": 18191000,
        "grossProfitRatio": 0.7745465384,
        "researchAndDevelopmentExpenses": 0,
        "generalAndAdministrativeExpenses": 1403000,
        "sellingAndMarketingExpenses": 0,
        "sellingGeneralAndAdministrativeExpenses": 1403000,
        "otherExpenses": 0,
        "operatingExpenses": 7077000,
        "costAndExpenses": 12372000,
        "interestIncome": 0,
        "interestExpense": 0,
        "depreciationAndAmortization": 3577000,
        "ebitda": 14692000,
        "ebitdaratio": 0.6255641659,
        "operatingIncome": 11114000,
        "operatingIncomeRatio": 0.4732180874,
        "totalOtherIncomeExpensesNet": 0,
        "incomeBeforeTax": 0,
        "incomeBeforeTaxRatio": 0,
        "incomeTaxExpense": 4918000,
        "netIncome": 6197000,
        "netIncomeRatio": 0.2638593204,
        "eps": 0.31,
        "epsdiluted": 0.31,
        "weightedAverageShsOut": 17992105,
        "weightedAverageShsOutDil": 17994823,
        "link": "https://www.sec.gov/Archives/edgar/data/944314/000090480200500015/0000904802-00-500015-index.htm",
        "finalLink": "https://www.sec.gov/Archives/edgar/data/944314/000090480200500015/sss10q900.htm"
    },
    {
        "date": "2000-06-30",
        "symbol": "LSI",
        "reportedCurrency": "USD",
        "cik": "0000944314",
        "fillingDate": "2000-08-11",
        "acceptedDate": "2000-08-11 00:00:00",
        "calendarYear": "2000",
        "period": "Q2",
        "revenue": 22289000,
        "costOfRevenue": 4595000,
        "grossProfit": 17694000,
        "grossProfitRatio": 0.7938444973,
        "researchAndDevelopmentExpenses": 0,
        "generalAndAdministrativeExpenses": 1482000,
        "sellingAndMarketingExpenses": 0,
        "sellingGeneralAndAdministrativeExpenses": 1482000,
        "otherExpenses": 0,
        "operatingExpenses": 7008000,
        "costAndExpenses": 11603000,
        "interestIncome": 0,
        "interestExpense": 0,
        "depreciationAndAmortization": 3526000,
        "ebitda": 14212000,
        "ebitdaratio": 0.6376239401,
        "operatingIncome": 10686000,
        "operatingIncomeRatio": 0.4794293149,
        "totalOtherIncomeExpensesNet": 0,
        "incomeBeforeTax": 0,
        "incomeBeforeTaxRatio": 0,
        "incomeTaxExpense": 4702000,
        "netIncome": 5984000,
        "netIncomeRatio": 0.2684732379,
        "eps": 0.29,
        "epsdiluted": 0.29,
        "weightedAverageShsOut": 18040063,
        "weightedAverageShsOutDil": 18042421,
        "link": "https://www.sec.gov/Archives/edgar/data/944314/000090480200000034/0000904802-00-000034-index.htm",
        "finalLink": "https://www.sec.gov/Archives/edgar/data/944314/000090480200000034/0000904802-00-000034-0001.txt"
    },
    {
        "date": "2000-03-31",
        "symbol": "LSI",
        "reportedCurrency": "USD",
        "cik": "0000944314",
        "fillingDate": "2000-05-12",
        "acceptedDate": "2000-05-12 00:00:00",
        "calendarYear": "2000",
        "period": "Q1",
        "revenue": 21798000,
        "costOfRevenue": 4737000,
        "grossProfit": 17061000,
        "grossProfitRatio": 0.782686485,
        "researchAndDevelopmentExpenses": 0,
        "generalAndAdministrativeExpenses": 1457000,
        "sellingAndMarketingExpenses": 0,
        "sellingGeneralAndAdministrativeExpenses": 1457000,
        "otherExpenses": 0,
        "operatingExpenses": 6928000,
        "costAndExpenses": 11665000,
        "interestIncome": 0,
        "interestExpense": 0,
        "depreciationAndAmortization": 3456000,
        "ebitda": 13589000,
        "ebitdaratio": 0.623405817,
        "operatingIncome": 10133000,
        "operatingIncomeRatio": 0.4648591614,
        "totalOtherIncomeExpensesNet": 0,
        "incomeBeforeTax": 0,
        "incomeBeforeTaxRatio": 0,
        "incomeTaxExpense": 4319000,
        "netIncome": 5814000,
        "netIncomeRatio": 0.2667217176,
        "eps": 0.28,
        "epsdiluted": 0.28,
        "weightedAverageShsOut": 18352626,
        "weightedAverageShsOutDil": 18352983,
        "link": "https://www.sec.gov/Archives/edgar/data/944314/000090480200000021/0000904802-00-000021-index.html",
        "finalLink": "https://www.sec.gov/Archives/edgar/data/944314/000090480200000021/"
    },
    {
        "date": "1999-12-31",
        "symbol": "LSI",
        "reportedCurrency": "USD",
        "cik": "0000944314",
        "fillingDate": "2000-03-30",
        "acceptedDate": "2000-03-30 00:00:00",
        "calendarYear": "1999",
        "period": "Q4",
        "revenue": 21656000,
        "costOfRevenue": 0,
        "grossProfit": 21656000,
        "grossProfitRatio": 1,
        "researchAndDevelopmentExpenses": 0,
        "generalAndAdministrativeExpenses": 1771000,
        "sellingAndMarketingExpenses": 0,
        "sellingGeneralAndAdministrativeExpenses": 1771000,
        "otherExpenses": 0,
        "operatingExpenses": 70282000,
        "costAndExpenses": 70282000,
        "interestIncome": 0,
        "interestExpense": 0,
        "depreciationAndAmortization": 3438000,
        "ebitda": -45188000,
        "ebitdaratio": -2.0866272627,
        "operatingIncome": -48626000,
        "operatingIncomeRatio": -2.2453823421,
        "totalOtherIncomeExpensesNet": 0,
        "incomeBeforeTax": 0,
        "incomeBeforeTaxRatio": 0,
        "incomeTaxExpense": -54511000,
        "netIncome": 5885000,
        "netIncomeRatio": 0.2717491688,
        "eps": 0.32,
        "epsdiluted": 0.32,
        "weightedAverageShsOut": 18507308,
        "weightedAverageShsOutDil": 18527141,
        "link": "https://www.sec.gov/Archives/edgar/data/944314/000090480200000009/0000904802-00-000009-index.html",
        "finalLink": "https://www.sec.gov/Archives/edgar/data/944314/000090480200000009/"
    },
    {
        "date": "1999-09-30",
        "symbol": "LSI",
        "reportedCurrency": "USD",
        "cik": "0000944314",
        "fillingDate": "1999-11-12",
        "acceptedDate": "1999-11-12 00:00:00",
        "calendarYear": "1999",
        "period": "Q3",
        "revenue": 22500000,
        "costOfRevenue": 0,
        "grossProfit": 22500000,
        "grossProfitRatio": 1,
        "researchAndDevelopmentExpenses": 0,
        "generalAndAdministrativeExpenses": 1300000,
        "sellingAndMarketingExpenses": 0,
        "sellingGeneralAndAdministrativeExpenses": 1300000,
        "otherExpenses": 0,
        "operatingExpenses": -9600000,
        "costAndExpenses": -9600000,
        "interestIncome": 0,
        "interestExpense": 0,
        "depreciationAndAmortization": 3400000,
        "ebitda": 35500000,
        "ebitdaratio": 1.5777777778,
        "operatingIncome": 32100000,
        "operatingIncomeRatio": 1.4266666667,
        "totalOtherIncomeExpensesNet": 0,
        "incomeBeforeTax": 0,
        "incomeBeforeTaxRatio": 0,
        "incomeTaxExpense": 24400000,
        "netIncome": 7700000,
        "netIncomeRatio": 0.3422222222,
        "eps": 0.38,
        "epsdiluted": 0.38,
        "weightedAverageShsOut": 20263158,
        "weightedAverageShsOutDil": 20263158,
        "link": "https://www.sec.gov/Archives/edgar/data/944314/000094431499000016/0000944314-99-000016-index.html",
        "finalLink": "https://www.sec.gov/Archives/edgar/data/944314/000094431499000016/"
    },
    {
        "date": "1999-06-30",
        "symbol": "LSI",
        "reportedCurrency": "USD",
        "cik": "0000944314",
        "fillingDate": "1999-08-12",
        "acceptedDate": "1999-08-12 00:00:00",
        "calendarYear": "1999",
        "period": "Q2",
        "revenue": 20600000,
        "costOfRevenue": 0,
        "grossProfit": 20600000,
        "grossProfitRatio": 1,
        "researchAndDevelopmentExpenses": 0,
        "generalAndAdministrativeExpenses": 1400000,
        "sellingAndMarketingExpenses": 0,
        "sellingGeneralAndAdministrativeExpenses": 1400000,
        "otherExpenses": 0,
        "operatingExpenses": -9000000,
        "costAndExpenses": -9000000,
        "interestIncome": 0,
        "interestExpense": 0,
        "depreciationAndAmortization": 3200000,
        "ebitda": 32800000,
        "ebitdaratio": 1.5922330097,
        "operatingIncome": 29600000,
        "operatingIncomeRatio": 1.4368932039,
        "totalOtherIncomeExpensesNet": 0,
        "incomeBeforeTax": 0,
        "incomeBeforeTaxRatio": 0,
        "incomeTaxExpense": 23400000,
        "netIncome": 6200000,
        "netIncomeRatio": 0.3009708738,
        "eps": 0.33,
        "epsdiluted": 0.33,
        "weightedAverageShsOut": 18600000,
        "weightedAverageShsOutDil": 18600000,
        "link": "https://www.sec.gov/Archives/edgar/data/944314/000094431499000011/0000944314-99-000011-index.html",
        "finalLink": "https://www.sec.gov/Archives/edgar/data/944314/000094431499000011/"
    },
    {
        "date": "1999-03-31",
        "symbol": "LSI",
        "reportedCurrency": "USD",
        "cik": "0000944314",
        "fillingDate": "1999-05-12",
        "acceptedDate": "1999-05-12 00:00:00",
        "calendarYear": "1999",
        "period": "Q1",
        "revenue": 19400000,
        "costOfRevenue": 0,
        "grossProfit": 19400000,
        "grossProfitRatio": 1,
        "researchAndDevelopmentExpenses": 0,
        "generalAndAdministrativeExpenses": 1100000,
        "sellingAndMarketingExpenses": 0,
        "sellingGeneralAndAdministrativeExpenses": 1100000,
        "otherExpenses": 0,
        "operatingExpenses": -8700000,
        "costAndExpenses": -8700000,
        "interestIncome": 0,
        "interestExpense": 0,
        "depreciationAndAmortization": 3100000,
        "ebitda": 31200000,
        "ebitdaratio": 1.6082474227,
        "operatingIncome": 28100000,
        "operatingIncomeRatio": 1.4484536082,
        "totalOtherIncomeExpensesNet": 0,
        "incomeBeforeTax": 0,
        "incomeBeforeTaxRatio": 0,
        "incomeTaxExpense": 22200000,
        "netIncome": 5900000,
        "netIncomeRatio": 0.3041237113,
        "eps": 0.31,
        "epsdiluted": 0.31,
        "weightedAverageShsOut": 18829787,
        "weightedAverageShsOutDil": 18829787,
        "link": "https://www.sec.gov/Archives/edgar/data/944314/000094431499000008/0000944314-99-000008-index.html",
        "finalLink": "https://www.sec.gov/Archives/edgar/data/944314/"
    },
    {
        "date": "1998-12-31",
        "symbol": "LSI",
        "reportedCurrency": "USD",
        "cik": "0000944314",
        "fillingDate": "1999-03-31",
        "acceptedDate": "1999-03-31 00:00:00",
        "calendarYear": "1998",
        "period": "Q4",
        "revenue": 19460000,
        "costOfRevenue": 0,
        "grossProfit": 19460000,
        "grossProfitRatio": 1,
        "researchAndDevelopmentExpenses": 0,
        "generalAndAdministrativeExpenses": 1749000,
        "sellingAndMarketingExpenses": 0,
        "sellingGeneralAndAdministrativeExpenses": 1749000,
        "otherExpenses": 0,
        "operatingExpenses": 55904000,
        "costAndExpenses": 55904000,
        "interestIncome": 0,
        "interestExpense": 0,
        "depreciationAndAmortization": 2903000,
        "ebitda": -33541000,
        "ebitdaratio": -1.7235868448,
        "operatingIncome": -36444000,
        "operatingIncomeRatio": -1.8727646454,
        "totalOtherIncomeExpensesNet": 0,
        "incomeBeforeTax": 0,
        "incomeBeforeTaxRatio": 0,
        "incomeTaxExpense": -42084000,
        "netIncome": 5640000,
        "netIncomeRatio": 0.2898252826,
        "eps": 0.3,
        "epsdiluted": 0.3,
        "weightedAverageShsOut": 18658349,
        "weightedAverageShsOutDil": 18658349,
        "link": "https://www.sec.gov/Archives/edgar/data/944314/000090480299000035/0000904802-99-000035-index.html",
        "finalLink": "https://www.sec.gov/Archives/edgar/data/944314/"
    },
    {
        "date": "1998-09-30",
        "symbol": "LSI",
        "reportedCurrency": "USD",
        "cik": "0000944314",
        "fillingDate": "1998-11-13",
        "acceptedDate": "1998-11-13 00:00:00",
        "calendarYear": "1998",
        "period": "Q3",
        "revenue": 19100000,
        "costOfRevenue": 0,
        "grossProfit": 19100000,
        "grossProfitRatio": 1,
        "researchAndDevelopmentExpenses": 0,
        "generalAndAdministrativeExpenses": 1200000,
        "sellingAndMarketingExpenses": 0,
        "sellingGeneralAndAdministrativeExpenses": 1200000,
        "otherExpenses": 0,
        "operatingExpenses": -8200000,
        "costAndExpenses": -8200000,
        "interestIncome": 0,
        "interestExpense": 0,
        "depreciationAndAmortization": 2900000,
        "ebitda": 30200000,
        "ebitdaratio": 1.5811518325,
        "operatingIncome": 27300000,
        "operatingIncomeRatio": 1.4293193717,
        "totalOtherIncomeExpensesNet": 0,
        "incomeBeforeTax": 0,
        "incomeBeforeTaxRatio": 0,
        "incomeTaxExpense": 21100000,
        "netIncome": 6200000,
        "netIncomeRatio": 0.3246073298,
        "eps": 0.34,
        "epsdiluted": 0.33,
        "weightedAverageShsOut": 18235294,
        "weightedAverageShsOutDil": 18600000,
        "link": "https://www.sec.gov/Archives/edgar/data/944314/000094431498000012/0000944314-98-000012-index.html",
        "finalLink": "https://www.sec.gov/Archives/edgar/data/944314/"
    },
    {
        "date": "1998-06-30",
        "symbol": "LSI",
        "reportedCurrency": "USD",
        "cik": "0000944314",
        "fillingDate": "1998-08-13",
        "acceptedDate": "1998-08-13 00:00:00",
        "calendarYear": "1998",
        "period": "Q2",
        "revenue": 16500000,
        "costOfRevenue": 0,
        "grossProfit": 16500000,
        "grossProfitRatio": 1,
        "researchAndDevelopmentExpenses": 0,
        "generalAndAdministrativeExpenses": 1100000,
        "sellingAndMarketingExpenses": 0,
        "sellingGeneralAndAdministrativeExpenses": 1100000,
        "otherExpenses": 0,
        "operatingExpenses": -7000000,
        "costAndExpenses": -7000000,
        "interestIncome": 0,
        "interestExpense": 0,
        "depreciationAndAmortization": 2400000,
        "ebitda": 25900000,
        "ebitdaratio": 1.5696969697,
        "operatingIncome": 23500000,
        "operatingIncomeRatio": 1.4242424242,
        "totalOtherIncomeExpensesNet": 0,
        "incomeBeforeTax": 0,
        "incomeBeforeTaxRatio": 0,
        "incomeTaxExpense": 17400000,
        "netIncome": 6100000,
        "netIncomeRatio": 0.3696969697,
        "eps": 0.33,
        "epsdiluted": 0.33,
        "weightedAverageShsOut": 18673469,
        "weightedAverageShsOutDil": 18673469,
        "link": "https://www.sec.gov/Archives/edgar/data/944314/000094431498000006/0000944314-98-000006-index.html",
        "finalLink": "https://www.sec.gov/Archives/edgar/data/944314/"
    },
    {
        "date": "1998-03-31",
        "symbol": "LSI",
        "reportedCurrency": "USD",
        "cik": "0000944314",
        "fillingDate": "1998-05-13",
        "acceptedDate": "1998-05-13 00:00:00",
        "calendarYear": "1998",
        "period": "Q1",
        "revenue": 14400000,
        "costOfRevenue": 0,
        "grossProfit": 14400000,
        "grossProfitRatio": 1,
        "researchAndDevelopmentExpenses": 0,
        "generalAndAdministrativeExpenses": 900000,
        "sellingAndMarketingExpenses": 0,
        "sellingGeneralAndAdministrativeExpenses": 900000,
        "otherExpenses": 0,
        "operatingExpenses": -6100000,
        "costAndExpenses": -6100000,
        "interestIncome": 0,
        "interestExpense": 0,
        "depreciationAndAmortization": 2100000,
        "ebitda": 22600000,
        "ebitdaratio": 1.5694444444,
        "operatingIncome": 20500000,
        "operatingIncomeRatio": 1.4236111111,
        "totalOtherIncomeExpensesNet": 0,
        "incomeBeforeTax": 0,
        "incomeBeforeTaxRatio": 0,
        "incomeTaxExpense": 14900000,
        "netIncome": 5600000,
        "netIncomeRatio": 0.3888888889,
        "eps": 0.31,
        "epsdiluted": 0.31,
        "weightedAverageShsOut": 18260870,
        "weightedAverageShsOutDil": 18260870,
        "link": "https://www.sec.gov/Archives/edgar/data/944314/000090480298000049/0000904802-98-000049-index.html",
        "finalLink": "https://www.sec.gov/Archives/edgar/data/944314/"
    },
    {
        "date": "1997-12-31",
        "symbol": "LSI",
        "reportedCurrency": "USD",
        "cik": "0000944314",
        "fillingDate": "1998-03-31",
        "acceptedDate": "1998-03-31 00:00:00",
        "calendarYear": "1997",
        "period": "Q4",
        "revenue": 13354000,
        "costOfRevenue": 0,
        "grossProfit": 13354000,
        "grossProfitRatio": 1,
        "researchAndDevelopmentExpenses": 0,
        "generalAndAdministrativeExpenses": 757000,
        "sellingAndMarketingExpenses": 0,
        "sellingGeneralAndAdministrativeExpenses": 757000,
        "otherExpenses": 0,
        "operatingExpenses": 30783000,
        "costAndExpenses": 30783000,
        "interestIncome": 0,
        "interestExpense": 0,
        "depreciationAndAmortization": 1905000,
        "ebitda": -15524000,
        "ebitdaratio": -1.1624981279,
        "operatingIncome": -17429000,
        "operatingIncomeRatio": -1.3051520144,
        "totalOtherIncomeExpensesNet": 0,
        "incomeBeforeTax": 0,
        "incomeBeforeTaxRatio": 0,
        "incomeTaxExpense": -23348000,
        "netIncome": 5919000,
        "netIncomeRatio": 0.4432379811,
        "eps": 0.33,
        "epsdiluted": 0.33,
        "weightedAverageShsOut": 18032419,
        "weightedAverageShsOutDil": 18077325,
        "link": "https://www.sec.gov/Archives/edgar/data/944314/000090480298000033/0000904802-98-000033-index.html",
        "finalLink": "https://www.sec.gov/Archives/edgar/data/944314/"
    },
    {
        "date": "1997-09-30",
        "symbol": "LSI",
        "reportedCurrency": "USD",
        "cik": "0000944314",
        "fillingDate": "1997-11-13",
        "acceptedDate": "1997-11-13 00:00:00",
        "calendarYear": "1997",
        "period": "Q3",
        "revenue": 13400000,
        "costOfRevenue": 0,
        "grossProfit": 13400000,
        "grossProfitRatio": 1,
        "researchAndDevelopmentExpenses": 0,
        "generalAndAdministrativeExpenses": 700000,
        "sellingAndMarketingExpenses": 0,
        "sellingGeneralAndAdministrativeExpenses": 700000,
        "otherExpenses": 0,
        "operatingExpenses": -5500000,
        "costAndExpenses": -5500000,
        "interestIncome": 0,
        "interestExpense": 0,
        "depreciationAndAmortization": 1900000,
        "ebitda": 20800000,
        "ebitdaratio": 1.552238806,
        "operatingIncome": 18900000,
        "operatingIncomeRatio": 1.4104477612,
        "totalOtherIncomeExpensesNet": 0,
        "incomeBeforeTax": 0,
        "incomeBeforeTaxRatio": 0,
        "incomeTaxExpense": 12500000,
        "netIncome": 6400000,
        "netIncomeRatio": 0.4776119403,
        "eps": 0.35,
        "epsdiluted": 0.35,
        "weightedAverageShsOut": 18461538,
        "weightedAverageShsOutDil": 18461538,
        "link": "https://www.sec.gov/Archives/edgar/data/944314/000094431497000011/0000944314-97-000011-index.html",
        "finalLink": "https://www.sec.gov/Archives/edgar/data/944314/"
    },
    {
        "date": "1997-06-30",
        "symbol": "LSI",
        "reportedCurrency": "USD",
        "cik": "0000944314",
        "fillingDate": "1997-08-14",
        "acceptedDate": "1997-08-14 00:00:00",
        "calendarYear": "1997",
        "period": "Q2",
        "revenue": 11900000,
        "costOfRevenue": 0,
        "grossProfit": 11900000,
        "grossProfitRatio": 1,
        "researchAndDevelopmentExpenses": 0,
        "generalAndAdministrativeExpenses": 600000,
        "sellingAndMarketingExpenses": 0,
        "sellingGeneralAndAdministrativeExpenses": 600000,
        "otherExpenses": 0,
        "operatingExpenses": -4900000,
        "costAndExpenses": -4900000,
        "interestIncome": 0,
        "interestExpense": 0,
        "depreciationAndAmortization": 1700000,
        "ebitda": 18500000,
        "ebitdaratio": 1.5546218487,
        "operatingIncome": 16800000,
        "operatingIncomeRatio": 1.4117647059,
        "totalOtherIncomeExpensesNet": 0,
        "incomeBeforeTax": 0,
        "incomeBeforeTaxRatio": 0,
        "incomeTaxExpense": 10800000,
        "netIncome": 6000000,
        "netIncomeRatio": 0.5042016807,
        "eps": 0.33,
        "epsdiluted": 0.33,
        "weightedAverageShsOut": 18000000,
        "weightedAverageShsOutDil": 18000000,
        "link": "https://www.sec.gov/Archives/edgar/data/944314/000094431497000006/0000944314-97-000006-index.html",
        "finalLink": "https://www.sec.gov/Archives/edgar/data/944314/"
    },
    {
        "date": "1997-03-31",
        "symbol": "LSI",
        "reportedCurrency": "USD",
        "cik": "0000944314",
        "fillingDate": "1997-05-15",
        "acceptedDate": "1997-05-15 00:00:00",
        "calendarYear": "1997",
        "period": "Q1",
        "revenue": 10800000,
        "costOfRevenue": 0,
        "grossProfit": 10800000,
        "grossProfitRatio": 1,
        "researchAndDevelopmentExpenses": 0,
        "generalAndAdministrativeExpenses": 700000,
        "sellingAndMarketingExpenses": 0,
        "sellingGeneralAndAdministrativeExpenses": 700000,
        "otherExpenses": 0,
        "operatingExpenses": -4600000,
        "costAndExpenses": -4600000,
        "interestIncome": 0,
        "interestExpense": 0,
        "depreciationAndAmortization": 1500000,
        "ebitda": 16900000,
        "ebitdaratio": 1.5648148148,
        "operatingIncome": 15400000,
        "operatingIncomeRatio": 1.4259259259,
        "totalOtherIncomeExpensesNet": 0,
        "incomeBeforeTax": 0,
        "incomeBeforeTaxRatio": 0,
        "incomeTaxExpense": 10500000,
        "netIncome": 4900000,
        "netIncomeRatio": 0.4537037037,
        "eps": 0.31,
        "epsdiluted": 0.31,
        "weightedAverageShsOut": 15978261,
        "weightedAverageShsOutDil": 15978261,
        "link": "https://www.sec.gov/Archives/edgar/data/944314/000094431497000002/0000944314-97-000002-index.html",
        "finalLink": "https://www.sec.gov/Archives/edgar/data/944314/"
    },
    {
        "date": "1996-12-31",
        "symbol": "LSI",
        "reportedCurrency": "USD",
        "cik": "0000944314",
        "fillingDate": "1997-03-31",
        "acceptedDate": "1997-03-31 00:00:00",
        "calendarYear": "1996",
        "period": "Q4",
        "revenue": 9597000,
        "costOfRevenue": 0,
        "grossProfit": 9597000,
        "grossProfitRatio": 1,
        "researchAndDevelopmentExpenses": 0,
        "generalAndAdministrativeExpenses": 482000,
        "sellingAndMarketingExpenses": 0,
        "sellingGeneralAndAdministrativeExpenses": 482000,
        "otherExpenses": 0,
        "operatingExpenses": 25891000,
        "costAndExpenses": 25891000,
        "interestIncome": 0,
        "interestExpense": 0,
        "depreciationAndAmortization": 1283000,
        "ebitda": -15011000,
        "ebitdaratio": -1.5641346254,
        "operatingIncome": -16294000,
        "operatingIncomeRatio": -1.6978222361,
        "totalOtherIncomeExpensesNet": 0,
        "incomeBeforeTax": 0,
        "incomeBeforeTaxRatio": 0,
        "incomeTaxExpense": -21553000,
        "netIncome": 5259000,
        "netIncomeRatio": 0.5479837449,
        "eps": 0.37,
        "epsdiluted": 0.37,
        "weightedAverageShsOut": 14235846,
        "weightedAverageShsOutDil": 14235846,
        "link": "https://www.sec.gov/Archives/edgar/data/944314/000090480297000022/0000904802-97-000022-index.html",
        "finalLink": "https://www.sec.gov/Archives/edgar/data/944314/"
    },
    {
        "date": "1996-09-30",
        "symbol": "LSI",
        "reportedCurrency": "USD",
        "cik": "0000944314",
        "fillingDate": "1996-11-14",
        "acceptedDate": "1996-11-14 00:00:00",
        "calendarYear": "1996",
        "period": "Q3",
        "revenue": 9000000,
        "costOfRevenue": 0,
        "grossProfit": 9000000,
        "grossProfitRatio": 1,
        "researchAndDevelopmentExpenses": 0,
        "generalAndAdministrativeExpenses": 700000,
        "sellingAndMarketingExpenses": 0,
        "sellingGeneralAndAdministrativeExpenses": 700000,
        "otherExpenses": 0,
        "operatingExpenses": -3700000,
        "costAndExpenses": -3700000,
        "interestIncome": 0,
        "interestExpense": 0,
        "depreciationAndAmortization": 1300000,
        "ebitda": 14000000,
        "ebitdaratio": 1.5555555556,
        "operatingIncome": 12700000,
        "operatingIncomeRatio": 1.4111111111,
        "totalOtherIncomeExpensesNet": 0,
        "incomeBeforeTax": 0,
        "incomeBeforeTaxRatio": 0,
        "incomeTaxExpense": 9100000,
        "netIncome": 3600000,
        "netIncomeRatio": 0.4,
        "eps": 0.32,
        "epsdiluted": 0.32,
        "weightedAverageShsOut": 11250000,
        "weightedAverageShsOutDil": 11250000,
        "link": "https://www.sec.gov/Archives/edgar/data/944314/000094431496000014/0000944314-96-000014-index.html",
        "finalLink": "https://www.sec.gov/Archives/edgar/data/944314/"
    },
    {
        "date": "1996-06-30",
        "symbol": "LSI",
        "reportedCurrency": "USD",
        "cik": "0000944314",
        "fillingDate": "1996-08-14",
        "acceptedDate": "1996-08-14 00:00:00",
        "calendarYear": "1996",
        "period": "Q2",
        "revenue": 7900000,
        "costOfRevenue": 0,
        "grossProfit": 7900000,
        "grossProfitRatio": 1,
        "researchAndDevelopmentExpenses": 0,
        "generalAndAdministrativeExpenses": 600000,
        "sellingAndMarketingExpenses": 0,
        "sellingGeneralAndAdministrativeExpenses": 600000,
        "otherExpenses": 0,
        "operatingExpenses": -3200000,
        "costAndExpenses": -3200000,
        "interestIncome": 0,
        "interestExpense": 0,
        "depreciationAndAmortization": 1000000,
        "ebitda": 12100000,
        "ebitdaratio": 1.5316455696,
        "operatingIncome": 11100000,
        "operatingIncomeRatio": 1.4050632911,
        "totalOtherIncomeExpensesNet": 0,
        "incomeBeforeTax": 0,
        "incomeBeforeTaxRatio": 0,
        "incomeTaxExpense": 7500000,
        "netIncome": 3600000,
        "netIncomeRatio": 0.4556962025,
        "eps": 0.32,
        "epsdiluted": 0.32,
        "weightedAverageShsOut": 11250000,
        "weightedAverageShsOutDil": 11250000,
        "link": "https://www.sec.gov/Archives/edgar/data/944314/000094431496000005/0000944314-96-000005-index.html",
        "finalLink": "https://www.sec.gov/Archives/edgar/data/944314/"
    },
    {
        "date": "1996-03-31",
        "symbol": "LSI",
        "reportedCurrency": "USD",
        "cik": "0000944314",
        "fillingDate": "1996-05-15",
        "acceptedDate": "1996-05-15 00:00:00",
        "calendarYear": "1996",
        "period": "Q1",
        "revenue": 7000000,
        "costOfRevenue": 0,
        "grossProfit": 7000000,
        "grossProfitRatio": 1,
        "researchAndDevelopmentExpenses": 0,
        "generalAndAdministrativeExpenses": 500000,
        "sellingAndMarketingExpenses": 0,
        "sellingGeneralAndAdministrativeExpenses": 500000,
        "otherExpenses": 0,
        "operatingExpenses": -3000000,
        "costAndExpenses": -3000000,
        "interestIncome": 0,
        "interestExpense": 0,
        "depreciationAndAmortization": 1000000,
        "ebitda": 11000000,
        "ebitdaratio": 1.5714285714,
        "operatingIncome": 10000000,
        "operatingIncomeRatio": 1.4285714286,
        "totalOtherIncomeExpensesNet": 0,
        "incomeBeforeTax": 0,
        "incomeBeforeTaxRatio": 0,
        "incomeTaxExpense": 6800000,
        "netIncome": 3200000,
        "netIncomeRatio": 0.4571428571,
        "eps": 0.28,
        "epsdiluted": 0.28,
        "weightedAverageShsOut": 11428571,
        "weightedAverageShsOutDil": 11428571,
        "link": "https://www.sec.gov/Archives/edgar/data/944314/000094431496000002/0000944314-96-000002-index.html",
        "finalLink": "https://www.sec.gov/Archives/edgar/data/944314/"
    },
    {
        "date": "1995-09-30",
        "symbol": "LSI",
        "reportedCurrency": "USD",
        "cik": "0000944314",
        "fillingDate": "1995-09-30",
        "acceptedDate": "1995-09-29 20:00:00",
        "calendarYear": "1995",
        "period": "Q3",
        "revenue": 6300000,
        "costOfRevenue": 0,
        "grossProfit": 6300000,
        "grossProfitRatio": 1,
        "researchAndDevelopmentExpenses": 0,
        "generalAndAdministrativeExpenses": 0,
        "sellingAndMarketingExpenses": 0,
        "sellingGeneralAndAdministrativeExpenses": 0,
        "otherExpenses": 0,
        "operatingExpenses": -3100000,
        "costAndExpenses": -3100000,
        "interestIncome": 0,
        "interestExpense": 0,
        "depreciationAndAmortization": 1000000,
        "ebitda": 10400000,
        "ebitdaratio": 1.6507936508,
        "operatingIncome": 9400000,
        "operatingIncomeRatio": 1.4920634921,
        "totalOtherIncomeExpensesNet": 0,
        "incomeBeforeTax": 0,
        "incomeBeforeTaxRatio": 0,
        "incomeTaxExpense": 6200000,
        "netIncome": 3200000,
        "netIncomeRatio": 0.5079365079,
        "eps": 0.29,
        "epsdiluted": 0.29,
        "weightedAverageShsOut": 10909091,
        "weightedAverageShsOutDil": 10909091,
        "link": null,
        "finalLink": null
    }
]