[
    {
        "date": "2025-06-30",
        "symbol": "LTC",
        "reportedCurrency": "USD",
        "cik": "0000887905",
        "fillingDate": "2025-08-04",
        "acceptedDate": "2025-08-04 17:02:48",
        "calendarYear": "2025",
        "period": "Q2",
        "revenue": 59330000,
        "costOfRevenue": 18920000,
        "grossProfit": 40410000,
        "grossProfitRatio": 0.6811056801,
        "researchAndDevelopmentExpenses": 0,
        "generalAndAdministrativeExpenses": 8447000,
        "sellingAndMarketingExpenses": -7624000,
        "sellingGeneralAndAdministrativeExpenses": 823000,
        "otherExpenses": 0,
        "operatingExpenses": 823000,
        "costAndExpenses": 19743000,
        "interestIncome": 0,
        "interestExpense": 8014000,
        "depreciationAndAmortization": 8776000,
        "ebitda": 39587000,
        "ebitdaratio": 0.6672341143,
        "operatingIncome": 39587000,
        "operatingIncomeRatio": 0.6672341143,
        "totalOtherIncomeExpensesNet": -23120000,
        "incomeBeforeTax": 16466999,
        "incomeBeforeTaxRatio": 0.2775492837,
        "incomeTaxExpense": -81000,
        "netIncome": 15092000,
        "netIncomeRatio": 0.2543738412,
        "eps": 0.33,
        "epsdiluted": 0.32,
        "weightedAverageShsOut": 45714000,
        "weightedAverageShsOutDil": 46028000,
        "link": "https://www.sec.gov/Archives/edgar/data/887905/000155837025010115/0001558370-25-010115-index.htm",
        "finalLink": "https://www.sec.gov/Archives/edgar/data/887905/000155837025010115/ltc-20250630x10q.htm"
    },
    {
        "date": "2025-03-31",
        "symbol": "LTC",
        "reportedCurrency": "USD",
        "cik": "0000887905",
        "fillingDate": "2025-05-05",
        "acceptedDate": "2025-05-05 16:25:02",
        "calendarYear": "2025",
        "period": "Q1",
        "revenue": 49031000,
        "costOfRevenue": 3107000,
        "grossProfit": 45924000,
        "grossProfitRatio": 0.9366319267,
        "researchAndDevelopmentExpenses": 0,
        "generalAndAdministrativeExpenses": 6971000,
        "sellingAndMarketingExpenses": 0,
        "sellingGeneralAndAdministrativeExpenses": 6971000,
        "otherExpenses": 20397000,
        "operatingExpenses": 27368000,
        "costAndExpenses": 30475000,
        "interestIncome": 0,
        "interestExpense": 7913000,
        "depreciationAndAmortization": 9162000,
        "ebitda": 39296000,
        "ebitdaratio": 0.8014521425,
        "operatingIncome": 18556000,
        "operatingIncomeRatio": 0.3784544472,
        "totalOtherIncomeExpensesNet": 3665000,
        "incomeBeforeTax": 22221000,
        "incomeBeforeTaxRatio": 0.4532030756,
        "incomeTaxExpense": 0,
        "netIncome": 20680000,
        "netIncomeRatio": 0.4217739797,
        "eps": 0.45,
        "epsdiluted": 0.45,
        "weightedAverageShsOut": 45333000,
        "weightedAverageShsOutDil": 45683000,
        "link": "https://www.sec.gov/Archives/edgar/data/887905/000155837025006304/0001558370-25-006304-index.htm",
        "finalLink": "https://www.sec.gov/Archives/edgar/data/887905/000155837025006304/ltc-20250331x10q.htm"
    },
    {
        "date": "2024-12-31",
        "symbol": "LTC",
        "reportedCurrency": "USD",
        "cik": "0000887905",
        "fillingDate": "2025-02-24",
        "acceptedDate": "2025-02-24 17:25:22",
        "calendarYear": "2024",
        "period": "Q4",
        "revenue": 52582000,
        "costOfRevenue": 3114000,
        "grossProfit": 49468000,
        "grossProfitRatio": 0.9407782131,
        "researchAndDevelopmentExpenses": 0,
        "generalAndAdministrativeExpenses": 7227000,
        "sellingAndMarketingExpenses": 0,
        "sellingGeneralAndAdministrativeExpenses": 7227000,
        "otherExpenses": 23354000,
        "operatingExpenses": 30581000,
        "costAndExpenses": 33695000,
        "interestIncome": 0,
        "interestExpense": 8365000,
        "depreciationAndAmortization": 9194000,
        "ebitda": 37149000,
        "ebitdaratio": 0.7064965197,
        "operatingIncome": 18887000,
        "operatingIncomeRatio": 0.3591913583,
        "totalOtherIncomeExpensesNet": 703000,
        "incomeBeforeTax": 19590000,
        "incomeBeforeTaxRatio": 0.3725609524,
        "incomeTaxExpense": 0,
        "netIncome": 18083000,
        "netIncomeRatio": 0.3439009547,
        "eps": 0.4,
        "epsdiluted": 0.39,
        "weightedAverageShsOut": 45025000,
        "weightedAverageShsOutDil": 45523000,
        "link": "https://www.sec.gov/Archives/edgar/data/887905/000155837025001395/0001558370-25-001395-index.htm",
        "finalLink": "https://www.sec.gov/Archives/edgar/data/887905/000155837025001395/ltc-20241231x10k.htm"
    },
    {
        "date": "2024-09-30",
        "symbol": "LTC",
        "reportedCurrency": "USD",
        "cik": "0000887905",
        "fillingDate": "2024-10-28",
        "acceptedDate": "2024-10-28 16:24:00",
        "calendarYear": "2024",
        "period": "Q3",
        "revenue": 55783000,
        "costOfRevenue": 3186000,
        "grossProfit": 52597000,
        "grossProfitRatio": 0.9428858254,
        "researchAndDevelopmentExpenses": 0,
        "generalAndAdministrativeExpenses": 6765000,
        "sellingAndMarketingExpenses": 0,
        "sellingGeneralAndAdministrativeExpenses": 6765000,
        "otherExpenses": 15662000,
        "operatingExpenses": 22427000,
        "costAndExpenses": 25613000,
        "interestIncome": 0,
        "interestExpense": 10023000,
        "depreciationAndAmortization": 9054000,
        "ebitda": 49939000,
        "ebitdaratio": 0.8952369001,
        "operatingIncome": 30170000,
        "operatingIncomeRatio": 0.5408457774,
        "totalOtherIncomeExpensesNet": 692000,
        "incomeBeforeTax": 30862000,
        "incomeBeforeTaxRatio": 0.5532509904,
        "incomeTaxExpense": 0,
        "netIncome": 29366000,
        "netIncomeRatio": 0.5264327842,
        "eps": 0.66,
        "epsdiluted": 0.66,
        "weightedAverageShsOut": 43868000,
        "weightedAverageShsOutDil": 44394000,
        "link": "https://www.sec.gov/Archives/edgar/data/887905/000155837024013751/0001558370-24-013751-index.htm",
        "finalLink": "https://www.sec.gov/Archives/edgar/data/887905/000155837024013751/ltc-20240930x10q.htm"
    },
    {
        "date": "2024-06-30",
        "symbol": "LTC",
        "reportedCurrency": "USD",
        "cik": "0000887905",
        "fillingDate": "2024-07-29",
        "acceptedDate": "2024-07-29 17:20:32",
        "calendarYear": "2024",
        "period": "Q2",
        "revenue": 50116000,
        "costOfRevenue": 3247000,
        "grossProfit": 46869000,
        "grossProfitRatio": 0.9352103121,
        "researchAndDevelopmentExpenses": 0,
        "generalAndAdministrativeExpenses": 6760000,
        "sellingAndMarketingExpenses": 0,
        "sellingGeneralAndAdministrativeExpenses": 6760000,
        "otherExpenses": 21042000,
        "operatingExpenses": 27802000,
        "costAndExpenses": 31049000,
        "interestIncome": 0,
        "interestExpense": 10903000,
        "depreciationAndAmortization": 9024000,
        "ebitda": 39665000,
        "ebitdaratio": 0.791463804,
        "operatingIncome": 19067000,
        "operatingIncomeRatio": 0.380457339,
        "totalOtherIncomeExpensesNet": 671000,
        "incomeBeforeTax": 19738000,
        "incomeBeforeTaxRatio": 0.3938462766,
        "incomeTaxExpense": 0,
        "netIncome": 19361000,
        "netIncomeRatio": 0.3863237289,
        "eps": 0.44,
        "epsdiluted": 0.44,
        "weightedAverageShsOut": 43171000,
        "weightedAverageShsOutDil": 43463000,
        "link": "https://www.sec.gov/Archives/edgar/data/887905/000155837024010291/0001558370-24-010291-index.htm",
        "finalLink": "https://www.sec.gov/Archives/edgar/data/887905/000155837024010291/ltc-20240630x10q.htm"
    },
    {
        "date": "2024-03-31",
        "symbol": "LTC",
        "reportedCurrency": "USD",
        "cik": "0000887905",
        "fillingDate": "2024-04-29",
        "acceptedDate": "2024-04-29 16:19:57",
        "calendarYear": "2024",
        "period": "Q1",
        "revenue": 51366000,
        "costOfRevenue": 3383000,
        "grossProfit": 47983000,
        "grossProfitRatio": 0.9341393139,
        "researchAndDevelopmentExpenses": 0,
        "generalAndAdministrativeExpenses": 6491000,
        "sellingAndMarketingExpenses": 0,
        "sellingGeneralAndAdministrativeExpenses": 6491000,
        "otherExpenses": 17179000,
        "operatingExpenses": 23670000,
        "costAndExpenses": 27053000,
        "interestIncome": 0,
        "interestExpense": 11045000,
        "depreciationAndAmortization": 9095000,
        "ebitda": 44829000,
        "ebitdaratio": 0.8727368298,
        "operatingIncome": 24313000,
        "operatingIncomeRatio": 0.473328661,
        "totalOtherIncomeExpensesNet": 376000,
        "incomeBeforeTax": 24689000,
        "incomeBeforeTaxRatio": 0.4806486781,
        "incomeTaxExpense": 0,
        "netIncome": 24230000,
        "netIncomeRatio": 0.4717128061,
        "eps": 0.56,
        "epsdiluted": 0.56,
        "weightedAverageShsOut": 42891000,
        "weightedAverageShsOutDil": 43032000,
        "link": "https://www.sec.gov/Archives/edgar/data/887905/000155837024006117/0001558370-24-006117-index.htm",
        "finalLink": "https://www.sec.gov/Archives/edgar/data/887905/000155837024006117/ltc-20240331x10q.htm"
    },
    {
        "date": "2023-12-31",
        "symbol": "LTC",
        "reportedCurrency": "USD",
        "cik": "0000887905",
        "fillingDate": "2024-02-15",
        "acceptedDate": "2024-02-15 17:28:45",
        "calendarYear": "2023",
        "period": "Q4",
        "revenue": 50195000,
        "costOfRevenue": 3518000,
        "grossProfit": 46677000,
        "grossProfitRatio": 0.929913338,
        "researchAndDevelopmentExpenses": 0,
        "generalAndAdministrativeExpenses": 5942000,
        "sellingAndMarketingExpenses": 0,
        "sellingGeneralAndAdministrativeExpenses": 5942000,
        "otherExpenses": 12442000,
        "operatingExpenses": 18384000,
        "costAndExpenses": 21902000,
        "interestIncome": 0,
        "interestExpense": 12419000,
        "depreciationAndAmortization": 9331000,
        "ebitda": 50420000,
        "ebitdaratio": 1.0044825182,
        "operatingIncome": 28293000,
        "operatingIncomeRatio": 0.5636617193,
        "totalOtherIncomeExpensesNet": 377000,
        "incomeBeforeTax": 28670000,
        "incomeBeforeTaxRatio": 0.5711724275,
        "incomeTaxExpense": 0,
        "netIncome": 28230000,
        "netIncomeRatio": 0.5624066142,
        "eps": 0.67,
        "epsdiluted": 0.67,
        "weightedAverageShsOut": 41701000,
        "weightedAverageShsOutDil": 42046000,
        "link": "https://www.sec.gov/Archives/edgar/data/887905/000155837024001256/0001558370-24-001256-index.htm",
        "finalLink": "https://www.sec.gov/Archives/edgar/data/887905/000155837024001256/ltc-20231231x10k.htm"
    },
    {
        "date": "2023-09-30",
        "symbol": "LTC",
        "reportedCurrency": "USD",
        "cik": "0000887905",
        "fillingDate": "2023-10-26",
        "acceptedDate": "2023-10-26 16:21:36",
        "calendarYear": "2023",
        "period": "Q3",
        "revenue": 49303000,
        "costOfRevenue": 3271000,
        "grossProfit": 46032000,
        "grossProfitRatio": 0.9336551528,
        "researchAndDevelopmentExpenses": 0,
        "generalAndAdministrativeExpenses": 5959000,
        "sellingAndMarketingExpenses": 0,
        "sellingGeneralAndAdministrativeExpenses": 5959000,
        "otherExpenses": 17821000,
        "operatingExpenses": 23780000,
        "costAndExpenses": 27051000,
        "interestIncome": 0,
        "interestExpense": 12674000,
        "depreciationAndAmortization": 9499000,
        "ebitda": 44800000,
        "ebitdaratio": 0.9086668154,
        "operatingIncome": 22252000,
        "operatingIncomeRatio": 0.451331562,
        "totalOtherIncomeExpensesNet": 375000,
        "incomeBeforeTax": 22627000,
        "incomeBeforeTaxRatio": 0.45893759,
        "incomeTaxExpense": 0,
        "netIncome": 22197000,
        "netIncomeRatio": 0.4502160112,
        "eps": 0.54,
        "epsdiluted": 0.54,
        "weightedAverageShsOut": 41153000,
        "weightedAverageShsOutDil": 41211000,
        "link": "https://www.sec.gov/Archives/edgar/data/887905/000155837023016867/0001558370-23-016867-index.htm",
        "finalLink": "https://www.sec.gov/Archives/edgar/data/887905/000155837023016867/ltc-20230930x10q.htm"
    },
    {
        "date": "2023-06-30",
        "symbol": "LTC",
        "reportedCurrency": "USD",
        "cik": "0000887905",
        "fillingDate": "2023-07-27",
        "acceptedDate": "2023-07-27 16:26:21",
        "calendarYear": "2023",
        "period": "Q2",
        "revenue": 48246000,
        "costOfRevenue": 3187000,
        "grossProfit": 45059000,
        "grossProfitRatio": 0.9339427103,
        "researchAndDevelopmentExpenses": 0,
        "generalAndAdministrativeExpenses": 6091000,
        "sellingAndMarketingExpenses": 0,
        "sellingGeneralAndAdministrativeExpenses": 6091000,
        "otherExpenses": 32740000,
        "operatingExpenses": 38831000,
        "costAndExpenses": 42018000,
        "interestIncome": 0,
        "interestExpense": 11312000,
        "depreciationAndAmortization": 9376000,
        "ebitda": 27292000,
        "ebitdaratio": 0.5656842018,
        "operatingIncome": 6228000,
        "operatingIncomeRatio": 0.1290884218,
        "totalOtherIncomeExpensesNet": 376000,
        "incomeBeforeTax": 6604000,
        "incomeBeforeTaxRatio": 0.136881814,
        "incomeTaxExpense": 0,
        "netIncome": 6174000,
        "netIncomeRatio": 0.1279691581,
        "eps": 0.15,
        "epsdiluted": 0.15,
        "weightedAverageShsOut": 41145000,
        "weightedAverageShsOutDil": 41232000,
        "link": "https://www.sec.gov/Archives/edgar/data/887905/000155837023012418/0001558370-23-012418-index.htm",
        "finalLink": "https://www.sec.gov/Archives/edgar/data/887905/000155837023012418/ltc-20230630x10q.htm"
    },
    {
        "date": "2023-03-31",
        "symbol": "LTC",
        "reportedCurrency": "USD",
        "cik": "0000887905",
        "fillingDate": "2023-04-27",
        "acceptedDate": "2023-04-27 16:23:06",
        "calendarYear": "2023",
        "period": "Q1",
        "revenue": 49500000,
        "costOfRevenue": 3293000,
        "grossProfit": 46207000,
        "grossProfitRatio": 0.9334747475,
        "researchAndDevelopmentExpenses": 0,
        "generalAndAdministrativeExpenses": 6294000,
        "sellingAndMarketingExpenses": 0,
        "sellingGeneralAndAdministrativeExpenses": 6294000,
        "otherExpenses": 6728000,
        "operatingExpenses": 13022000,
        "costAndExpenses": 16315000,
        "interestIncome": 0,
        "interestExpense": 10609000,
        "depreciationAndAmortization": 9210000,
        "ebitda": 53380000,
        "ebitdaratio": 1.0783838384,
        "operatingIncome": 33185000,
        "operatingIncomeRatio": 0.6704040404,
        "totalOtherIncomeExpensesNet": 376000,
        "incomeBeforeTax": 33561000,
        "incomeBeforeTaxRatio": 0.678,
        "incomeTaxExpense": 0,
        "netIncome": 33134000,
        "netIncomeRatio": 0.6693737374,
        "eps": 0.8,
        "epsdiluted": 0.8,
        "weightedAverageShsOut": 41082000,
        "weightedAverageShsOutDil": 41189000,
        "link": "https://www.sec.gov/Archives/edgar/data/887905/000155837023007076/0001558370-23-007076-index.htm",
        "finalLink": "https://www.sec.gov/Archives/edgar/data/887905/000155837023007076/ltc-20230331x10q.htm"
    },
    {
        "date": "2022-12-31",
        "symbol": "LTC",
        "reportedCurrency": "USD",
        "cik": "0000887905",
        "fillingDate": "2023-02-16",
        "acceptedDate": "2023-02-16 09:11:52",
        "calendarYear": "2022",
        "period": "Q4",
        "revenue": 47839000,
        "costOfRevenue": 3306000,
        "grossProfit": 44533000,
        "grossProfitRatio": 0.9308932043,
        "researchAndDevelopmentExpenses": 0,
        "generalAndAdministrativeExpenses": 6299000,
        "sellingAndMarketingExpenses": 0,
        "sellingGeneralAndAdministrativeExpenses": 6299000,
        "otherExpenses": 20413000,
        "operatingExpenses": 26712000,
        "costAndExpenses": 30018000,
        "interestIncome": 0,
        "interestExpense": 8830000,
        "depreciationAndAmortization": 9294000,
        "ebitda": 36322000,
        "ebitdaratio": 0.7592550011,
        "operatingIncome": 17821000,
        "operatingIncomeRatio": 0.3725203286,
        "totalOtherIncomeExpensesNet": 377000,
        "incomeBeforeTax": 18198000,
        "incomeBeforeTaxRatio": 0.3804009281,
        "incomeTaxExpense": 0,
        "netIncome": 17939000,
        "netIncomeRatio": 0.3749869353,
        "eps": 0.44,
        "epsdiluted": 0.44,
        "weightedAverageShsOut": 40596000,
        "weightedAverageShsOutDil": 40769000,
        "link": "https://www.sec.gov/Archives/edgar/data/887905/000155837023001423/0001558370-23-001423-index.htm",
        "finalLink": "https://www.sec.gov/Archives/edgar/data/887905/000155837023001423/ltc-20221231x10k.htm"
    },
    {
        "date": "2022-09-30",
        "symbol": "LTC",
        "reportedCurrency": "USD",
        "cik": "0000887905",
        "fillingDate": "2022-10-27",
        "acceptedDate": "2022-10-27 16:36:02",
        "calendarYear": "2022",
        "period": "Q3",
        "revenue": 43503000,
        "costOfRevenue": 4179000,
        "grossProfit": 39324000,
        "grossProfitRatio": 0.9039376595,
        "researchAndDevelopmentExpenses": 0,
        "generalAndAdministrativeExpenses": 5888000,
        "sellingAndMarketingExpenses": 0,
        "sellingGeneralAndAdministrativeExpenses": 5888000,
        "otherExpenses": 20423000,
        "operatingExpenses": 26311000,
        "costAndExpenses": 30490000,
        "interestIncome": 0,
        "interestExpense": 7941000,
        "depreciationAndAmortization": 9385000,
        "ebitda": 30715000,
        "ebitdaratio": 0.7060432614,
        "operatingIncome": 13013000,
        "operatingIncomeRatio": 0.2991287957,
        "totalOtherIncomeExpensesNet": 376000,
        "incomeBeforeTax": 13389000,
        "incomeBeforeTaxRatio": 0.3077718778,
        "incomeTaxExpense": 0,
        "netIncome": 13290000,
        "netIncomeRatio": 0.3054961727,
        "eps": 0.33,
        "epsdiluted": 0.32,
        "weightedAverageShsOut": 40270000,
        "weightedAverageShsOutDil": 40552000,
        "link": "https://www.sec.gov/Archives/edgar/data/887905/000155837022015515/0001558370-22-015515-index.htm",
        "finalLink": "https://www.sec.gov/Archives/edgar/data/887905/000155837022015515/ltc-20220930x10q.htm"
    },
    {
        "date": "2022-06-30",
        "symbol": "LTC",
        "reportedCurrency": "USD",
        "cik": "0000887905",
        "fillingDate": "2022-07-28",
        "acceptedDate": "2022-07-28 16:49:53",
        "calendarYear": "2022",
        "period": "Q2",
        "revenue": 43024000,
        "costOfRevenue": 4019000,
        "grossProfit": 39005000,
        "grossProfitRatio": 0.9065870212,
        "researchAndDevelopmentExpenses": 0,
        "generalAndAdministrativeExpenses": 5711000,
        "sellingAndMarketingExpenses": 0,
        "sellingGeneralAndAdministrativeExpenses": 5711000,
        "otherExpenses": -20820000,
        "operatingExpenses": -15109000,
        "costAndExpenses": -11090000,
        "interestIncome": 0,
        "interestExpense": 7523000,
        "depreciationAndAmortization": 9379000,
        "ebitda": 71392000,
        "ebitdaratio": 1.6593529193,
        "operatingIncome": 54114000,
        "operatingIncomeRatio": 1.257763109,
        "totalOtherIncomeExpensesNet": 376000,
        "incomeBeforeTax": 54490000,
        "incomeBeforeTaxRatio": 1.2665024173,
        "incomeTaxExpense": 0,
        "netIncome": 54383000,
        "netIncomeRatio": 1.2640154332,
        "eps": 1.37,
        "epsdiluted": 1.36,
        "weightedAverageShsOut": 39492000,
        "weightedAverageShsOutDil": 39665000,
        "link": "https://www.sec.gov/Archives/edgar/data/887905/000155837022011285/0001558370-22-011285-index.htm",
        "finalLink": "https://www.sec.gov/Archives/edgar/data/887905/000155837022011285/ltc-20220630x10q.htm"
    },
    {
        "date": "2022-03-31",
        "symbol": "LTC",
        "reportedCurrency": "USD",
        "cik": "0000887905",
        "fillingDate": "2022-04-28",
        "acceptedDate": "2022-04-28 16:44:37",
        "calendarYear": "2022",
        "period": "Q1",
        "revenue": 40787000,
        "costOfRevenue": 3982000,
        "grossProfit": 36805000,
        "grossProfitRatio": 0.9023708535,
        "researchAndDevelopmentExpenses": 0,
        "generalAndAdministrativeExpenses": 5808000,
        "sellingAndMarketingExpenses": 0,
        "sellingGeneralAndAdministrativeExpenses": 5808000,
        "otherExpenses": 16865000,
        "operatingExpenses": 22673000,
        "costAndExpenses": 26655000,
        "interestIncome": 0,
        "interestExpense": 7143000,
        "depreciationAndAmortization": 9438000,
        "ebitda": 31088000,
        "ebitdaratio": 0.7622036433,
        "operatingIncome": 14132000,
        "operatingIncomeRatio": 0.346482948,
        "totalOtherIncomeExpensesNet": 375000,
        "incomeBeforeTax": 14507000,
        "incomeBeforeTaxRatio": 0.355677054,
        "incomeTaxExpense": 0,
        "netIncome": 14412000,
        "netIncomeRatio": 0.3533478805,
        "eps": 0.36,
        "epsdiluted": 0.36,
        "weightedAverageShsOut": 39199000,
        "weightedAverageShsOutDil": 39349000,
        "link": "https://www.sec.gov/Archives/edgar/data/887905/000155837022006315/0001558370-22-006315-index.htm",
        "finalLink": "https://www.sec.gov/Archives/edgar/data/887905/000155837022006315/ltc-20220331x10q.htm"
    },
    {
        "date": "2021-12-31",
        "symbol": "LTC",
        "reportedCurrency": "USD",
        "cik": "0000887905",
        "fillingDate": "2022-02-17",
        "acceptedDate": "2022-02-17 17:24:41",
        "calendarYear": "2021",
        "period": "Q4",
        "revenue": 39441000,
        "costOfRevenue": 3679000,
        "grossProfit": 35762000,
        "grossProfitRatio": 0.906721432,
        "researchAndDevelopmentExpenses": 0,
        "generalAndAdministrativeExpenses": 5772000,
        "sellingAndMarketingExpenses": 0,
        "sellingGeneralAndAdministrativeExpenses": 5772000,
        "otherExpenses": 17436000,
        "operatingExpenses": 23208000,
        "costAndExpenses": 26887000,
        "interestIncome": 0,
        "interestExpense": 6933000,
        "depreciationAndAmortization": 9449000,
        "ebitda": 29312000,
        "ebitdaratio": 0.7431860247,
        "operatingIncome": 12554000,
        "operatingIncomeRatio": 0.3182982176,
        "totalOtherIncomeExpensesNet": 376000,
        "incomeBeforeTax": 12930000,
        "incomeBeforeTaxRatio": 0.3278314444,
        "incomeTaxExpense": 0,
        "netIncome": 12838000,
        "netIncomeRatio": 0.3254988464,
        "eps": 0.32,
        "epsdiluted": 0.32,
        "weightedAverageShsOut": 39177000,
        "weightedAverageShsOutDil": 39177000,
        "link": "https://www.sec.gov/Archives/edgar/data/887905/000155837022001362/0001558370-22-001362-index.htm",
        "finalLink": "https://www.sec.gov/Archives/edgar/data/887905/000155837022001362/ltc-20211231x10k.htm"
    },
    {
        "date": "2021-09-30",
        "symbol": "LTC",
        "reportedCurrency": "USD",
        "cik": "0000887905",
        "fillingDate": "2021-10-28",
        "acceptedDate": "2021-10-28 16:24:04",
        "calendarYear": "2021",
        "period": "Q3",
        "revenue": 37472000,
        "costOfRevenue": 3932000,
        "grossProfit": 33540000,
        "grossProfitRatio": 0.8950683177,
        "researchAndDevelopmentExpenses": 0,
        "generalAndAdministrativeExpenses": 5318000,
        "sellingAndMarketingExpenses": 0,
        "sellingGeneralAndAdministrativeExpenses": 5318000,
        "otherExpenses": 17484000,
        "operatingExpenses": 22802000,
        "costAndExpenses": 26734000,
        "interestIncome": 0,
        "interestExpense": 6610000,
        "depreciationAndAmortization": 9462000,
        "ebitda": 27186000,
        "ebitdaratio": 0.7255017079,
        "operatingIncome": 10738000,
        "operatingIncomeRatio": 0.2865606319,
        "totalOtherIncomeExpensesNet": 376000,
        "incomeBeforeTax": 11114000,
        "incomeBeforeTaxRatio": 0.2965947908,
        "incomeTaxExpense": 0,
        "netIncome": 11022000,
        "netIncomeRatio": 0.2941396243,
        "eps": 0.28,
        "epsdiluted": 0.28,
        "weightedAverageShsOut": 39177000,
        "weightedAverageShsOutDil": 39177000,
        "link": "https://www.sec.gov/Archives/edgar/data/887905/000155837021013726/0001558370-21-013726-index.htm",
        "finalLink": "https://www.sec.gov/Archives/edgar/data/887905/000155837021013726/ltc-20210930x10q.htm"
    },
    {
        "date": "2021-06-30",
        "symbol": "LTC",
        "reportedCurrency": "USD",
        "cik": "0000887905",
        "fillingDate": "2021-07-29",
        "acceptedDate": "2021-07-29 16:36:41",
        "calendarYear": "2021",
        "period": "Q2",
        "revenue": 38129000,
        "costOfRevenue": 3800000,
        "grossProfit": 34329000,
        "grossProfitRatio": 0.9003383252,
        "researchAndDevelopmentExpenses": 0,
        "generalAndAdministrativeExpenses": 5337000,
        "sellingAndMarketingExpenses": 0,
        "sellingGeneralAndAdministrativeExpenses": 5337000,
        "otherExpenses": 11038000,
        "operatingExpenses": 16375000,
        "costAndExpenses": 20175000,
        "interestIncome": 0,
        "interestExpense": 6860000,
        "depreciationAndAmortization": 9508000,
        "ebitda": 34698000,
        "ebitdaratio": 0.9100159983,
        "operatingIncome": 17954000,
        "operatingIncomeRatio": 0.4708751869,
        "totalOtherIncomeExpensesNet": 376000,
        "incomeBeforeTax": 18330000,
        "incomeBeforeTaxRatio": 0.4807364473,
        "incomeTaxExpense": 0,
        "netIncome": 18239000,
        "netIncomeRatio": 0.4783498125,
        "eps": 0.46,
        "epsdiluted": 0.46,
        "weightedAverageShsOut": 39169000,
        "weightedAverageShsOutDil": 39170000,
        "link": "https://www.sec.gov/Archives/edgar/data/887905/000155837021009610/0001558370-21-009610-index.htm",
        "finalLink": "https://www.sec.gov/Archives/edgar/data/887905/000155837021009610/ltc-20210630x10q.htm"
    },
    {
        "date": "2021-03-31",
        "symbol": "LTC",
        "reportedCurrency": "USD",
        "cik": "0000887905",
        "fillingDate": "2021-04-29",
        "acceptedDate": "2021-04-29 16:31:33",
        "calendarYear": "2021",
        "period": "Q1",
        "revenue": 40280000,
        "costOfRevenue": 3981000,
        "grossProfit": 36299000,
        "grossProfitRatio": 0.9011668322,
        "researchAndDevelopmentExpenses": 0,
        "generalAndAdministrativeExpenses": 5033000,
        "sellingAndMarketingExpenses": 0,
        "sellingGeneralAndAdministrativeExpenses": 5033000,
        "otherExpenses": 17705000,
        "operatingExpenses": 22738000,
        "costAndExpenses": 26719000,
        "interestIncome": 0,
        "interestExpense": 6972000,
        "depreciationAndAmortization": 9877000,
        "ebitda": 30699000,
        "ebitdaratio": 0.7621400199,
        "operatingIncome": 13561000,
        "operatingIncomeRatio": 0.3366683217,
        "totalOtherIncomeExpensesNet": 289000,
        "incomeBeforeTax": 13850000,
        "incomeBeforeTaxRatio": 0.3438430983,
        "incomeTaxExpense": 0,
        "netIncome": 13762000,
        "netIncomeRatio": 0.3416583913,
        "eps": 0.35,
        "epsdiluted": 0.35,
        "weightedAverageShsOut": 39100000,
        "weightedAverageShsOutDil": 39179000,
        "link": "https://www.sec.gov/Archives/edgar/data/887905/000155837021005274/0001558370-21-005274-index.htm",
        "finalLink": "https://www.sec.gov/Archives/edgar/data/887905/000155837021005274/ltc-20210331x10q.htm"
    },
    {
        "date": "2020-12-31",
        "symbol": "LTC",
        "reportedCurrency": "USD",
        "cik": "0000887905",
        "fillingDate": "2021-02-18",
        "acceptedDate": "2021-02-18 17:21:01",
        "calendarYear": "2020",
        "period": "Q4",
        "revenue": 46273000,
        "costOfRevenue": 3380000,
        "grossProfit": 42893000,
        "grossProfitRatio": 0.9269552439,
        "researchAndDevelopmentExpenses": 0,
        "generalAndAdministrativeExpenses": 5216000,
        "sellingAndMarketingExpenses": 0,
        "sellingGeneralAndAdministrativeExpenses": 5216000,
        "otherExpenses": 20019000,
        "operatingExpenses": 25235000,
        "costAndExpenses": 28615000,
        "interestIncome": 0,
        "interestExpense": 7088000,
        "depreciationAndAmortization": 9839000,
        "ebitda": 34592000,
        "ebitdaratio": 0.7475633739,
        "operatingIncome": 17658000,
        "operatingIncomeRatio": 0.3816048235,
        "totalOtherIncomeExpensesNet": 7000,
        "incomeBeforeTax": 17665000,
        "incomeBeforeTaxRatio": 0.3817560997,
        "incomeTaxExpense": 0,
        "netIncome": 17573000,
        "netIncomeRatio": 0.3797678992,
        "eps": 0.45,
        "epsdiluted": 0.45,
        "weightedAverageShsOut": 39062000,
        "weightedAverageShsOutDil": 39147000,
        "link": "https://www.sec.gov/Archives/edgar/data/887905/000155837021001231/0001558370-21-001231-index.htm",
        "finalLink": "https://www.sec.gov/Archives/edgar/data/887905/000155837021001231/ltc-20201231x10k.htm"
    },
    {
        "date": "2020-09-30",
        "symbol": "LTC",
        "reportedCurrency": "USD",
        "cik": "0000887905",
        "fillingDate": "2020-10-29",
        "acceptedDate": "2020-10-29 16:42:46",
        "calendarYear": "2020",
        "period": "Q3",
        "revenue": 38173000,
        "costOfRevenue": 3351000,
        "grossProfit": 34822000,
        "grossProfitRatio": 0.9122154402,
        "researchAndDevelopmentExpenses": 0,
        "generalAndAdministrativeExpenses": 4814000,
        "sellingAndMarketingExpenses": 0,
        "sellingGeneralAndAdministrativeExpenses": 4814000,
        "otherExpenses": 18099000,
        "operatingExpenses": 22913000,
        "costAndExpenses": 26264000,
        "interestIncome": 0,
        "interestExpense": 7361000,
        "depreciationAndAmortization": 9766000,
        "ebitda": 29465000,
        "ebitdaratio": 0.7718806486,
        "operatingIncome": 11909000,
        "operatingIncomeRatio": 0.3119744322,
        "totalOtherIncomeExpensesNet": 429000,
        "incomeBeforeTax": 12338000,
        "incomeBeforeTaxRatio": 0.323212742,
        "incomeTaxExpense": 0,
        "netIncome": 12217000,
        "netIncomeRatio": 0.3200429623,
        "eps": 0.31,
        "epsdiluted": 0.31,
        "weightedAverageShsOut": 39061000,
        "weightedAverageShsOutDil": 39112000,
        "link": "https://www.sec.gov/Archives/edgar/data/887905/000155837020012055/0001558370-20-012055-index.htm",
        "finalLink": "https://www.sec.gov/Archives/edgar/data/887905/000155837020012055/ltc-20200930x10q.htm"
    },
    {
        "date": "2020-06-30",
        "symbol": "LTC",
        "reportedCurrency": "USD",
        "cik": "0000887905",
        "fillingDate": "2020-07-30",
        "acceptedDate": "2020-07-30 19:23:05",
        "calendarYear": "2020",
        "period": "Q2",
        "revenue": 28481000,
        "costOfRevenue": 4111000,
        "grossProfit": 24370000,
        "grossProfitRatio": 0.8556581581,
        "researchAndDevelopmentExpenses": 0,
        "generalAndAdministrativeExpenses": 4580000,
        "sellingAndMarketingExpenses": 0,
        "sellingGeneralAndAdministrativeExpenses": 4580000,
        "otherExpenses": 17218000,
        "operatingExpenses": 21798000,
        "costAndExpenses": 25909000,
        "interestIncome": 0,
        "interestExpense": 7546000,
        "depreciationAndAmortization": 9797000,
        "ebitda": 19295000,
        "ebitdaratio": 0.67746919,
        "operatingIncome": 2572000,
        "operatingIncomeRatio": 0.0903058179,
        "totalOtherIncomeExpensesNet": -620000,
        "incomeBeforeTax": 1952000,
        "incomeBeforeTaxRatio": 0.0685369193,
        "incomeTaxExpense": 0,
        "netIncome": 1870000,
        "netIncomeRatio": 0.065657807,
        "eps": 0.0454,
        "epsdiluted": 0.0454,
        "weightedAverageShsOut": 39055000,
        "weightedAverageShsOutDil": 39137000,
        "link": "https://www.sec.gov/Archives/edgar/data/887905/000155837020008767/0001558370-20-008767-index.htm",
        "finalLink": "https://www.sec.gov/Archives/edgar/data/887905/000155837020008767/ltc-20200630x10q.htm"
    },
    {
        "date": "2020-03-31",
        "symbol": "LTC",
        "reportedCurrency": "USD",
        "cik": "0000887905",
        "fillingDate": "2020-05-04",
        "acceptedDate": "2020-05-04 06:31:18",
        "calendarYear": "2020",
        "period": "Q1",
        "revenue": 46410000,
        "costOfRevenue": 4223000,
        "grossProfit": 42187000,
        "grossProfitRatio": 0.9090066796,
        "researchAndDevelopmentExpenses": 0,
        "generalAndAdministrativeExpenses": 5100000,
        "sellingAndMarketingExpenses": 0,
        "sellingGeneralAndAdministrativeExpenses": 5100000,
        "otherExpenses": -26404000,
        "operatingExpenses": -21304000,
        "costAndExpenses": -17081000,
        "interestIncome": 0,
        "interestExpense": 7710000,
        "depreciationAndAmortization": 9669000,
        "ebitda": 81101000,
        "ebitdaratio": 1.7474897651,
        "operatingIncome": 63491000,
        "operatingIncomeRatio": 1.3680456798,
        "totalOtherIncomeExpensesNet": 231000,
        "incomeBeforeTax": 63722000,
        "incomeBeforeTaxRatio": 1.3730230554,
        "incomeTaxExpense": 0,
        "netIncome": 63633000,
        "netIncomeRatio": 1.3711053652,
        "eps": 1.6,
        "epsdiluted": 1.6,
        "weightedAverageShsOut": 39539000,
        "weightedAverageShsOutDil": 39541000,
        "link": "https://www.sec.gov/Archives/edgar/data/887905/000155837020004970/0001558370-20-004970-index.htm",
        "finalLink": "https://www.sec.gov/Archives/edgar/data/887905/000155837020004970/ltc-20200504x10q.htm"
    },
    {
        "date": "2019-12-31",
        "symbol": "LTC",
        "reportedCurrency": "USD",
        "cik": "0000887905",
        "fillingDate": "2020-02-20",
        "acceptedDate": "2020-02-20 16:54:41",
        "calendarYear": "2019",
        "period": "Q4",
        "revenue": 46463000,
        "costOfRevenue": 4189000,
        "grossProfit": 42274000,
        "grossProfitRatio": 0.9098422401,
        "researchAndDevelopmentExpenses": 0,
        "generalAndAdministrativeExpenses": 4541000,
        "sellingAndMarketingExpenses": 0,
        "sellingGeneralAndAdministrativeExpenses": 4541000,
        "otherExpenses": 22128000,
        "operatingExpenses": 26669000,
        "costAndExpenses": 30858000,
        "interestIncome": 0,
        "interestExpense": 7578000,
        "depreciationAndAmortization": 9817000,
        "ebitda": 30026000,
        "ebitdaratio": 0.6462346383,
        "operatingIncome": 15605000,
        "operatingIncomeRatio": 0.3358586402,
        "totalOtherIncomeExpensesNet": -2974000,
        "incomeBeforeTax": 12631000,
        "incomeBeforeTaxRatio": 0.2718507199,
        "incomeTaxExpense": 0,
        "netIncome": 12542000,
        "netIncomeRatio": 0.2699352173,
        "eps": 0.31,
        "epsdiluted": 0.31,
        "weightedAverageShsOut": 39588000,
        "weightedAverageShsOutDil": 39775000,
        "link": "https://www.sec.gov/Archives/edgar/data/887905/000155837020001096/0001558370-20-001096-index.htm",
        "finalLink": "https://www.sec.gov/Archives/edgar/data/887905/000155837020001096/ltc-20191231x10kd9bbf1.htm"
    },
    {
        "date": "2019-09-30",
        "symbol": "LTC",
        "reportedCurrency": "USD",
        "cik": "0000887905",
        "fillingDate": "2019-10-31",
        "acceptedDate": "2019-10-31 16:37:33",
        "calendarYear": "2019",
        "period": "Q3",
        "revenue": 47119000,
        "costOfRevenue": 4270000,
        "grossProfit": 42849000,
        "grossProfitRatio": 0.9093783824,
        "researchAndDevelopmentExpenses": 0,
        "generalAndAdministrativeExpenses": 4745000,
        "sellingAndMarketingExpenses": 0,
        "sellingGeneralAndAdministrativeExpenses": 4745000,
        "otherExpenses": 11584000,
        "operatingExpenses": 16329000,
        "costAndExpenses": 20599000,
        "interestIncome": 0,
        "interestExpense": 7827000,
        "depreciationAndAmortization": 9932000,
        "ebitda": 45039000,
        "ebitdaratio": 0.9558564486,
        "operatingIncome": 26520000,
        "operatingIncomeRatio": 0.5628302808,
        "totalOtherIncomeExpensesNet": 760000,
        "incomeBeforeTax": 27280000,
        "incomeBeforeTaxRatio": 0.5789596553,
        "incomeTaxExpense": 0,
        "netIncome": 27192000,
        "netIncomeRatio": 0.5770920435,
        "eps": 0.68,
        "epsdiluted": 0.68,
        "weightedAverageShsOut": 39586000,
        "weightedAverageShsOutDil": 39965000,
        "link": "https://www.sec.gov/Archives/edgar/data/887905/000155837019009585/0001558370-19-009585-index.htm",
        "finalLink": "https://www.sec.gov/Archives/edgar/data/887905/000155837019009585/ltc-20190930x10q735a5d.htm"
    },
    {
        "date": "2019-06-30",
        "symbol": "LTC",
        "reportedCurrency": "USD",
        "cik": "0000887905",
        "fillingDate": "2019-08-08",
        "acceptedDate": "2019-08-08 16:59:23",
        "calendarYear": "2019",
        "period": "Q2",
        "revenue": 46266000,
        "costOfRevenue": 3910000,
        "grossProfit": 42356000,
        "grossProfitRatio": 0.9154886958,
        "researchAndDevelopmentExpenses": 0,
        "generalAndAdministrativeExpenses": 4596000,
        "sellingAndMarketingExpenses": 0,
        "sellingGeneralAndAdministrativeExpenses": 4596000,
        "otherExpenses": 17354000,
        "operatingExpenses": 21950000,
        "costAndExpenses": 25860000,
        "interestIncome": 0,
        "interestExpense": 7710000,
        "depreciationAndAmortization": 9860000,
        "ebitda": 38104000,
        "ebitdaratio": 0.8235853543,
        "operatingIncome": 20406000,
        "operatingIncomeRatio": 0.4410582285,
        "totalOtherIncomeExpensesNet": 128000,
        "incomeBeforeTax": 20534000,
        "incomeBeforeTaxRatio": 0.443824839,
        "incomeTaxExpense": 0,
        "netIncome": 20446000,
        "netIncomeRatio": 0.4419227943,
        "eps": 0.51,
        "epsdiluted": 0.51,
        "weightedAverageShsOut": 39577000,
        "weightedAverageShsOutDil": 39769000,
        "link": "https://www.sec.gov/Archives/edgar/data/887905/000155837019007741/0001558370-19-007741-index.htm",
        "finalLink": "https://www.sec.gov/Archives/edgar/data/887905/000155837019007741/ltc-20190630x10q.htm"
    },
    {
        "date": "2019-03-31",
        "symbol": "LTC",
        "reportedCurrency": "USD",
        "cik": "0000887905",
        "fillingDate": "2019-05-09",
        "acceptedDate": "2019-05-09 16:53:55",
        "calendarYear": "2019",
        "period": "Q1",
        "revenue": 45456000,
        "costOfRevenue": 4386000,
        "grossProfit": 41070000,
        "grossProfitRatio": 0.9035110876,
        "researchAndDevelopmentExpenses": 0,
        "generalAndAdministrativeExpenses": 4571000,
        "sellingAndMarketingExpenses": 0,
        "sellingGeneralAndAdministrativeExpenses": 4571000,
        "otherExpenses": 17157000,
        "operatingExpenses": 21728000,
        "costAndExpenses": 26114000,
        "interestIncome": 0,
        "interestExpense": 7467000,
        "depreciationAndAmortization": 9607000,
        "ebitda": 37501000,
        "ebitdaratio": 0.8249956001,
        "operatingIncome": 19342000,
        "operatingIncomeRatio": 0.4255103837,
        "totalOtherIncomeExpensesNet": 1085000,
        "incomeBeforeTax": 20427000,
        "incomeBeforeTaxRatio": 0.4493796199,
        "incomeTaxExpense": 0,
        "netIncome": 20346000,
        "netIncomeRatio": 0.4475976769,
        "eps": 0.51,
        "epsdiluted": 0.51,
        "weightedAverageShsOut": 39532000,
        "weightedAverageShsOutDil": 39874000,
        "link": "https://www.sec.gov/Archives/edgar/data/887905/000155837019004717/0001558370-19-004717-index.htm",
        "finalLink": "https://www.sec.gov/Archives/edgar/data/887905/000155837019004717/ltc-20190331x10q.htm"
    },
    {
        "date": "2018-12-31",
        "symbol": "LTC",
        "reportedCurrency": "USD",
        "cik": "0000887905",
        "fillingDate": "2019-02-28",
        "acceptedDate": "2019-02-28 16:47:53",
        "calendarYear": "2018",
        "period": "Q4",
        "revenue": 43587000,
        "costOfRevenue": 7215000,
        "grossProfit": 36372000,
        "grossProfitRatio": 0.834468993,
        "researchAndDevelopmentExpenses": 0,
        "generalAndAdministrativeExpenses": 4801000,
        "sellingAndMarketingExpenses": 0,
        "sellingGeneralAndAdministrativeExpenses": 4801000,
        "otherExpenses": -61210000,
        "operatingExpenses": -56409000,
        "costAndExpenses": -49194000,
        "interestIncome": 0,
        "interestExpense": 7215000,
        "depreciationAndAmortization": 9396000,
        "ebitda": 47455000,
        "ebitdaratio": 1.0887420561,
        "operatingIncome": 92781000,
        "operatingIncomeRatio": 2.1286392732,
        "totalOtherIncomeExpensesNet": -61937000,
        "incomeBeforeTax": 30844000,
        "incomeBeforeTaxRatio": 0.7076421869,
        "incomeTaxExpense": 0,
        "netIncome": 30766000,
        "netIncomeRatio": 0.7058526625,
        "eps": 0.78,
        "epsdiluted": 0.77,
        "weightedAverageShsOut": 39501000,
        "weightedAverageShsOutDil": 39864000,
        "link": "https://www.sec.gov/Archives/edgar/data/887905/000155837019001333/0001558370-19-001333-index.htm",
        "finalLink": "https://www.sec.gov/Archives/edgar/data/887905/000155837019001333/ltc-20181231x10k.htm"
    },
    {
        "date": "2018-09-30",
        "symbol": "LTC",
        "reportedCurrency": "USD",
        "cik": "0000887905",
        "fillingDate": "2018-11-05",
        "acceptedDate": "2018-11-05 16:37:58",
        "calendarYear": "2018",
        "period": "Q3",
        "revenue": 41776000,
        "costOfRevenue": 0,
        "grossProfit": 41776000,
        "grossProfitRatio": 1,
        "researchAndDevelopmentExpenses": 0,
        "generalAndAdministrativeExpenses": 4879000,
        "sellingAndMarketingExpenses": 0,
        "sellingGeneralAndAdministrativeExpenses": 4879000,
        "otherExpenses": 2706000,
        "operatingExpenses": 7585000,
        "costAndExpenses": 7585000,
        "interestIncome": 0,
        "interestExpense": 7497000,
        "depreciationAndAmortization": 9447000,
        "ebitda": 51881000,
        "ebitdaratio": 1.241885293,
        "operatingIncome": 34191000,
        "operatingIncomeRatio": 0.8184364228,
        "totalOtherIncomeExpensesNet": 746000,
        "incomeBeforeTax": 34937000,
        "incomeBeforeTaxRatio": 0.8362935657,
        "incomeTaxExpense": 0,
        "netIncome": 34920000,
        "netIncomeRatio": 0.8358866335,
        "eps": 0.88,
        "epsdiluted": 0.88,
        "weightedAverageShsOut": 39487000,
        "weightedAverageShsOutDil": 39865000,
        "link": "https://www.sec.gov/Archives/edgar/data/887905/000155837018008489/0001558370-18-008489-index.htm",
        "finalLink": "https://www.sec.gov/Archives/edgar/data/887905/000155837018008489/ltc-20180930x10q.htm"
    },
    {
        "date": "2018-06-30",
        "symbol": "LTC",
        "reportedCurrency": "USD",
        "cik": "0000887905",
        "fillingDate": "2018-08-08",
        "acceptedDate": "2018-08-08 16:36:06",
        "calendarYear": "2018",
        "period": "Q2",
        "revenue": 41472000,
        "costOfRevenue": 0,
        "grossProfit": 41472000,
        "grossProfitRatio": 1,
        "researchAndDevelopmentExpenses": 0,
        "generalAndAdministrativeExpenses": 4716000,
        "sellingAndMarketingExpenses": 0,
        "sellingGeneralAndAdministrativeExpenses": 4716000,
        "otherExpenses": -31454000,
        "operatingExpenses": -26738000,
        "costAndExpenses": -26738000,
        "interestIncome": 0,
        "interestExpense": 7655000,
        "depreciationAndAmortization": 9268000,
        "ebitda": 85859000,
        "ebitdaratio": 2.0702883873,
        "operatingIncome": 68210000,
        "operatingIncomeRatio": 1.6447241512,
        "totalOtherIncomeExpensesNet": 726000,
        "incomeBeforeTax": 68936000,
        "incomeBeforeTaxRatio": 1.6622299383,
        "incomeTaxExpense": 0,
        "netIncome": 68936000,
        "netIncomeRatio": 1.6622299383,
        "eps": 1.74,
        "epsdiluted": 1.73,
        "weightedAverageShsOut": 39471000,
        "weightedAverageShsOutDil": 39765000,
        "link": "https://www.sec.gov/Archives/edgar/data/887905/000155837018006773/0001558370-18-006773-index.htm",
        "finalLink": "https://www.sec.gov/Archives/edgar/data/887905/000155837018006773/ltc-20180630x10q.htm"
    },
    {
        "date": "2018-03-31",
        "symbol": "LTC",
        "reportedCurrency": "USD",
        "cik": "0000887905",
        "fillingDate": "2018-05-09",
        "acceptedDate": "2018-05-09 17:07:06",
        "calendarYear": "2018",
        "period": "Q1",
        "revenue": 41810000,
        "costOfRevenue": 0,
        "grossProfit": 41810000,
        "grossProfitRatio": 1,
        "researchAndDevelopmentExpenses": 0,
        "generalAndAdministrativeExpenses": 4797000,
        "sellingAndMarketingExpenses": 0,
        "sellingGeneralAndAdministrativeExpenses": 4797000,
        "otherExpenses": 17285000,
        "operatingExpenses": 22082000,
        "costAndExpenses": 22082000,
        "interestIncome": 0,
        "interestExpense": 7829000,
        "depreciationAndAmortization": 9444000,
        "ebitda": 37632000,
        "ebitdaratio": 0.9000717532,
        "operatingIncome": 19728000,
        "operatingIncomeRatio": 0.47184884,
        "totalOtherIncomeExpensesNet": 631000,
        "incomeBeforeTax": 20359000,
        "incomeBeforeTaxRatio": 0.4869409232,
        "incomeTaxExpense": 0,
        "netIncome": 20359000,
        "netIncomeRatio": 0.4869409232,
        "eps": 0.51,
        "epsdiluted": 0.51,
        "weightedAverageShsOut": 39451000,
        "weightedAverageShsOutDil": 39454000,
        "link": "https://www.sec.gov/Archives/edgar/data/887905/000155837018004511/0001558370-18-004511-index.htm",
        "finalLink": "https://www.sec.gov/Archives/edgar/data/887905/000155837018004511/ltc-20180331x10q.htm"
    },
    {
        "date": "2017-12-31",
        "symbol": "LTC",
        "reportedCurrency": "USD",
        "cik": "0000887905",
        "fillingDate": "2018-03-01",
        "acceptedDate": "2018-03-01 17:08:11",
        "calendarYear": "2017",
        "period": "Q4",
        "revenue": 41729000,
        "costOfRevenue": 7683000,
        "grossProfit": 34046000,
        "grossProfitRatio": 0.8158834384,
        "researchAndDevelopmentExpenses": 0,
        "generalAndAdministrativeExpenses": 4243000,
        "sellingAndMarketingExpenses": 0,
        "sellingGeneralAndAdministrativeExpenses": 4243000,
        "otherExpenses": 9357000,
        "operatingExpenses": 13600000,
        "costAndExpenses": 21283000,
        "interestIncome": 0,
        "interestExpense": 7683000,
        "depreciationAndAmortization": 9424000,
        "ebitda": 36941000,
        "ebitdaratio": 0.8852596516,
        "operatingIncome": 20446000,
        "operatingIncomeRatio": 0.4899710034,
        "totalOtherIncomeExpensesNet": -612000,
        "incomeBeforeTax": 19834000,
        "incomeBeforeTaxRatio": 0.4753049438,
        "incomeTaxExpense": 0,
        "netIncome": 19834000,
        "netIncomeRatio": 0.4753049438,
        "eps": 0.5,
        "epsdiluted": 0.5,
        "weightedAverageShsOut": 39429000,
        "weightedAverageShsOutDil": 39645000,
        "link": "https://www.sec.gov/Archives/edgar/data/887905/000155837018001403/0001558370-18-001403-index.htm",
        "finalLink": "https://www.sec.gov/Archives/edgar/data/887905/000155837018001403/ltc-20171231x10k.htm"
    },
    {
        "date": "2017-09-30",
        "symbol": "LTC",
        "reportedCurrency": "USD",
        "cik": "0000887905",
        "fillingDate": "2017-11-08",
        "acceptedDate": "2017-11-08 16:37:19",
        "calendarYear": "2017",
        "period": "Q3",
        "revenue": 41246000,
        "costOfRevenue": 7644000,
        "grossProfit": 33602000,
        "grossProfitRatio": 0.814672938,
        "researchAndDevelopmentExpenses": 0,
        "generalAndAdministrativeExpenses": 4144000,
        "sellingAndMarketingExpenses": 0,
        "sellingGeneralAndAdministrativeExpenses": 4144000,
        "otherExpenses": 9457000,
        "operatingExpenses": 13601000,
        "costAndExpenses": 21245000,
        "interestIncome": 0,
        "interestExpense": 7644000,
        "depreciationAndAmortization": 9519000,
        "ebitda": 37779000,
        "ebitdaratio": 0.9159433642,
        "operatingIncome": 20001000,
        "operatingIncomeRatio": 0.4849197498,
        "totalOtherIncomeExpensesNet": 615000,
        "incomeBeforeTax": 20616000,
        "incomeBeforeTaxRatio": 0.4998302866,
        "incomeTaxExpense": 0,
        "netIncome": 20616000,
        "netIncomeRatio": 0.4998302866,
        "eps": 0.52,
        "epsdiluted": 0.52,
        "weightedAverageShsOut": 39428000,
        "weightedAverageShsOutDil": 39748000,
        "link": "https://www.sec.gov/Archives/edgar/data/887905/000155837017008562/0001558370-17-008562-index.htm",
        "finalLink": "https://www.sec.gov/Archives/edgar/data/887905/000155837017008562/ltc-20170930x10q.htm"
    },
    {
        "date": "2017-06-30",
        "symbol": "LTC",
        "reportedCurrency": "USD",
        "cik": "0000887905",
        "fillingDate": "2017-08-09",
        "acceptedDate": "2017-08-09 16:23:32",
        "calendarYear": "2017",
        "period": "Q2",
        "revenue": 42468000,
        "costOfRevenue": 7151000,
        "grossProfit": 35317000,
        "grossProfitRatio": 0.831614392,
        "researchAndDevelopmentExpenses": 0,
        "generalAndAdministrativeExpenses": 4386000,
        "sellingAndMarketingExpenses": 0,
        "sellingGeneralAndAdministrativeExpenses": 4386000,
        "otherExpenses": 11183000,
        "operatingExpenses": 15569000,
        "costAndExpenses": 22720000,
        "interestIncome": 0,
        "interestExpense": 7151000,
        "depreciationAndAmortization": 9308000,
        "ebitda": 41836000,
        "ebitdaratio": 0.9851182066,
        "operatingIncome": 19748000,
        "operatingIncomeRatio": 0.4650089479,
        "totalOtherIncomeExpensesNet": 5629000,
        "incomeBeforeTax": 25377000,
        "incomeBeforeTaxRatio": 0.5975558067,
        "incomeTaxExpense": 0,
        "netIncome": 25377000,
        "netIncomeRatio": 0.5975558067,
        "eps": 0.64,
        "epsdiluted": 0.64,
        "weightedAverageShsOut": 39414000,
        "weightedAverageShsOutDil": 39794000,
        "link": "https://www.sec.gov/Archives/edgar/data/887905/000155837017006430/0001558370-17-006430-index.htm",
        "finalLink": "https://www.sec.gov/Archives/edgar/data/887905/000155837017006430/ltc-20170630x10q.htm"
    },
    {
        "date": "2017-03-31",
        "symbol": "LTC",
        "reportedCurrency": "USD",
        "cik": "0000887905",
        "fillingDate": "2017-05-08",
        "acceptedDate": "2017-05-08 17:03:05",
        "calendarYear": "2017",
        "period": "Q1",
        "revenue": 42622000,
        "costOfRevenue": 7471000,
        "grossProfit": 35151000,
        "grossProfitRatio": 0.8247149359,
        "researchAndDevelopmentExpenses": 0,
        "generalAndAdministrativeExpenses": 4740000,
        "sellingAndMarketingExpenses": 0,
        "sellingGeneralAndAdministrativeExpenses": 4740000,
        "otherExpenses": 9343000,
        "operatingExpenses": 14083000,
        "costAndExpenses": 21554000,
        "interestIncome": 0,
        "interestExpense": 7471000,
        "depreciationAndAmortization": 9359000,
        "ebitda": 38343000,
        "ebitdaratio": 0.8996058374,
        "operatingIncome": 21068000,
        "operatingIncomeRatio": 0.494298719,
        "totalOtherIncomeExpensesNet": 445000,
        "incomeBeforeTax": 21513000,
        "incomeBeforeTaxRatio": 0.5047393365,
        "incomeTaxExpense": 0,
        "netIncome": 21513000,
        "netIncomeRatio": 0.5047393365,
        "eps": 0.54,
        "epsdiluted": 0.54,
        "weightedAverageShsOut": 39366000,
        "weightedAverageShsOutDil": 39612000,
        "link": "https://www.sec.gov/Archives/edgar/data/887905/000155837017003813/0001558370-17-003813-index.htm",
        "finalLink": "https://www.sec.gov/Archives/edgar/data/887905/000155837017003813/ltc-20170331x10q.htm"
    },
    {
        "date": "2016-12-31",
        "symbol": "LTC",
        "reportedCurrency": "USD",
        "cik": "0000887905",
        "fillingDate": "2017-02-22",
        "acceptedDate": "2017-02-22 17:05:16",
        "calendarYear": "2016",
        "period": "Q4",
        "revenue": 42141000,
        "costOfRevenue": 6856000,
        "grossProfit": 35285000,
        "grossProfitRatio": 0.8373080848,
        "researchAndDevelopmentExpenses": 0,
        "generalAndAdministrativeExpenses": 4548000,
        "sellingAndMarketingExpenses": 0,
        "sellingGeneralAndAdministrativeExpenses": 4548000,
        "otherExpenses": 10370000,
        "operatingExpenses": 14918000,
        "costAndExpenses": 21774000,
        "interestIncome": 0,
        "interestExpense": 6856000,
        "depreciationAndAmortization": 9309000,
        "ebitda": 36831000,
        "ebitdaratio": 0.8739944472,
        "operatingIncome": 20367000,
        "operatingIncomeRatio": 0.483306044,
        "totalOtherIncomeExpensesNet": 299000,
        "incomeBeforeTax": 20666000,
        "incomeBeforeTaxRatio": 0.4904012719,
        "incomeTaxExpense": 0,
        "netIncome": 20666000,
        "netIncomeRatio": 0.4904012719,
        "eps": 0.53,
        "epsdiluted": 0.53,
        "weightedAverageShsOut": 39065000,
        "weightedAverageShsOutDil": 39260000,
        "link": "https://www.sec.gov/Archives/edgar/data/887905/000155837017000791/0001558370-17-000791-index.htm",
        "finalLink": "https://www.sec.gov/Archives/edgar/data/887905/000155837017000791/ltc-20161231x10k.htm"
    },
    {
        "date": "2016-09-30",
        "symbol": "LTC",
        "reportedCurrency": "USD",
        "cik": "0000887905",
        "fillingDate": "2016-11-02",
        "acceptedDate": "2016-11-02 17:03:26",
        "calendarYear": "2016",
        "period": "Q3",
        "revenue": 40842000,
        "costOfRevenue": 6836000,
        "grossProfit": 34006000,
        "grossProfitRatio": 0.83262328,
        "researchAndDevelopmentExpenses": 0,
        "generalAndAdministrativeExpenses": 4464000,
        "sellingAndMarketingExpenses": 0,
        "sellingGeneralAndAdministrativeExpenses": 4464000,
        "otherExpenses": 9200000,
        "operatingExpenses": 13664000,
        "costAndExpenses": 20500000,
        "interestIncome": 0,
        "interestExpense": 6836000,
        "depreciationAndAmortization": 9155000,
        "ebitda": 38402000,
        "ebitdaratio": 0.940257578,
        "operatingIncome": 20342000,
        "operatingIncomeRatio": 0.4980657167,
        "totalOtherIncomeExpensesNet": 2069000,
        "incomeBeforeTax": 22411000,
        "incomeBeforeTaxRatio": 0.5487243524,
        "incomeTaxExpense": 0,
        "netIncome": 22411000,
        "netIncomeRatio": 0.5487243524,
        "eps": 0.57,
        "epsdiluted": 0.57,
        "weightedAverageShsOut": 39057000,
        "weightedAverageShsOutDil": 39335000,
        "link": "https://www.sec.gov/Archives/edgar/data/887905/000155837016009091/0001558370-16-009091-index.htm",
        "finalLink": "https://www.sec.gov/Archives/edgar/data/887905/000155837016009091/ltc-20160930x10q.htm"
    },
    {
        "date": "2016-06-30",
        "symbol": "LTC",
        "reportedCurrency": "USD",
        "cik": "0000887905",
        "fillingDate": "2016-08-01",
        "acceptedDate": "2016-08-01 16:37:21",
        "calendarYear": "2016",
        "period": "Q2",
        "revenue": 39996000,
        "costOfRevenue": 6750000,
        "grossProfit": 33246000,
        "grossProfitRatio": 0.8312331233,
        "researchAndDevelopmentExpenses": 0,
        "generalAndAdministrativeExpenses": 4117000,
        "sellingAndMarketingExpenses": 0,
        "sellingGeneralAndAdministrativeExpenses": 4117000,
        "otherExpenses": 9029000,
        "operatingExpenses": 13146000,
        "costAndExpenses": 19896000,
        "interestIncome": 0,
        "interestExpense": 6750000,
        "depreciationAndAmortization": 8907000,
        "ebitda": 37837000,
        "ebitdaratio": 0.946019602,
        "operatingIncome": 20100000,
        "operatingIncomeRatio": 0.502550255,
        "totalOtherIncomeExpensesNet": 2080000,
        "incomeBeforeTax": 22180000,
        "incomeBeforeTaxRatio": 0.5545554555,
        "incomeTaxExpense": 0,
        "netIncome": 22180000,
        "netIncomeRatio": 0.5545554555,
        "eps": 0.58,
        "epsdiluted": 0.58,
        "weightedAverageShsOut": 37969000,
        "weightedAverageShsOutDil": 38164000,
        "link": "https://www.sec.gov/Archives/edgar/data/887905/000155837016007058/0001558370-16-007058-index.htm",
        "finalLink": "https://www.sec.gov/Archives/edgar/data/887905/000155837016007058/ltc-20160630x10q.htm"
    },
    {
        "date": "2016-03-31",
        "symbol": "LTC",
        "reportedCurrency": "USD",
        "cik": "0000887905",
        "fillingDate": "2016-05-02",
        "acceptedDate": "2016-05-02 17:14:11",
        "calendarYear": "2016",
        "period": "Q1",
        "revenue": 38604000,
        "costOfRevenue": 6000000,
        "grossProfit": 32604000,
        "grossProfitRatio": 0.8445756916,
        "researchAndDevelopmentExpenses": 0,
        "generalAndAdministrativeExpenses": 4283000,
        "sellingAndMarketingExpenses": 0,
        "sellingGeneralAndAdministrativeExpenses": 4283000,
        "otherExpenses": 8735000,
        "operatingExpenses": 13018000,
        "costAndExpenses": 19018000,
        "interestIncome": 0,
        "interestExpense": 6000000,
        "depreciationAndAmortization": 8561000,
        "ebitda": 34419000,
        "ebitdaratio": 0.8915915449,
        "operatingIncome": 19586000,
        "operatingIncomeRatio": 0.5073567506,
        "totalOtherIncomeExpensesNet": 272000,
        "incomeBeforeTax": 19858000,
        "incomeBeforeTaxRatio": 0.5144026526,
        "incomeTaxExpense": 0,
        "netIncome": 19858000,
        "netIncomeRatio": 0.5144026526,
        "eps": 0.53,
        "epsdiluted": 0.53,
        "weightedAverageShsOut": 37446000,
        "weightedAverageShsOutDil": 37459000,
        "link": "https://www.sec.gov/Archives/edgar/data/887905/000155837016005127/0001558370-16-005127-index.htm",
        "finalLink": "https://www.sec.gov/Archives/edgar/data/887905/000155837016005127/ltc-20160331x10q.htm"
    },
    {
        "date": "2015-12-31",
        "symbol": "LTC",
        "reportedCurrency": "USD",
        "cik": "0000887905",
        "fillingDate": "2016-02-22",
        "acceptedDate": "2016-02-22 08:08:33",
        "calendarYear": "2015",
        "period": "Q4",
        "revenue": 37393000,
        "costOfRevenue": 5581000,
        "grossProfit": 31812000,
        "grossProfitRatio": 0.8507474661,
        "researchAndDevelopmentExpenses": 0,
        "generalAndAdministrativeExpenses": 3954000,
        "sellingAndMarketingExpenses": 0,
        "sellingGeneralAndAdministrativeExpenses": 3954000,
        "otherExpenses": 10766000,
        "operatingExpenses": 14720000,
        "costAndExpenses": 20301000,
        "interestIncome": 0,
        "interestExpense": 5581000,
        "depreciationAndAmortization": 8310000,
        "ebitda": 31845000,
        "ebitdaratio": 0.8516299842,
        "operatingIncome": 17092000,
        "operatingIncomeRatio": 0.4570908994,
        "totalOtherIncomeExpensesNet": 862000,
        "incomeBeforeTax": 17954000,
        "incomeBeforeTaxRatio": 0.4801433423,
        "incomeTaxExpense": 0,
        "netIncome": 17954000,
        "netIncomeRatio": 0.4801433423,
        "eps": 0.49,
        "epsdiluted": 0.48,
        "weightedAverageShsOut": 36433000,
        "weightedAverageShsOutDil": 37358000,
        "link": "https://www.sec.gov/Archives/edgar/data/887905/000155837016003321/0001558370-16-003321-index.htm",
        "finalLink": "https://www.sec.gov/Archives/edgar/data/887905/000155837016003321/ltc-20151231x10k.htm"
    },
    {
        "date": "2015-09-30",
        "symbol": "LTC",
        "reportedCurrency": "USD",
        "cik": "0000887905",
        "fillingDate": "2015-11-02",
        "acceptedDate": "2015-11-02 16:34:04",
        "calendarYear": "2015",
        "period": "Q3",
        "revenue": 34943000,
        "costOfRevenue": 4296000,
        "grossProfit": 30647000,
        "grossProfitRatio": 0.8770569213,
        "researchAndDevelopmentExpenses": 0,
        "generalAndAdministrativeExpenses": 3708000,
        "sellingAndMarketingExpenses": 0,
        "sellingGeneralAndAdministrativeExpenses": 3708000,
        "otherExpenses": 7966000,
        "operatingExpenses": 11674000,
        "costAndExpenses": 15970000,
        "interestIncome": 0,
        "interestExpense": 4296000,
        "depreciationAndAmortization": 7365000,
        "ebitda": 31308000,
        "ebitdaratio": 0.8959734425,
        "operatingIncome": 18973000,
        "operatingIncomeRatio": 0.5429699797,
        "totalOtherIncomeExpensesNet": 674000,
        "incomeBeforeTax": 19647000,
        "incomeBeforeTaxRatio": 0.5622585353,
        "incomeTaxExpense": 0,
        "netIncome": 19647000,
        "netIncomeRatio": 0.5622585353,
        "eps": 0.53,
        "epsdiluted": 0.52,
        "weightedAverageShsOut": 35341000,
        "weightedAverageShsOutDil": 37352000,
        "link": "https://www.sec.gov/Archives/edgar/data/887905/000155837015002117/0001558370-15-002117-index.htm",
        "finalLink": "https://www.sec.gov/Archives/edgar/data/887905/000155837015002117/ltc-20150930x10q.htm"
    },
    {
        "date": "2015-06-30",
        "symbol": "LTC",
        "reportedCurrency": "USD",
        "cik": "0000887905",
        "fillingDate": "2015-08-05",
        "acceptedDate": "2015-08-05 17:01:51",
        "calendarYear": "2015",
        "period": "Q2",
        "revenue": 32387000,
        "costOfRevenue": 3854000,
        "grossProfit": 28533000,
        "grossProfitRatio": 0.8810016365,
        "researchAndDevelopmentExpenses": 0,
        "generalAndAdministrativeExpenses": 3938000,
        "sellingAndMarketingExpenses": 0,
        "sellingGeneralAndAdministrativeExpenses": 3938000,
        "otherExpenses": 7420000,
        "operatingExpenses": 11358000,
        "costAndExpenses": 15212000,
        "interestIncome": 0,
        "interestExpense": 3854000,
        "depreciationAndAmortization": 6977000,
        "ebitda": 28759000,
        "ebitdaratio": 0.887979745,
        "operatingIncome": 17175000,
        "operatingIncomeRatio": 0.5303053694,
        "totalOtherIncomeExpensesNet": 753000,
        "incomeBeforeTax": 17928000,
        "incomeBeforeTaxRatio": 0.5535554389,
        "incomeTaxExpense": 0,
        "netIncome": 17928000,
        "netIncomeRatio": 0.5535554389,
        "eps": 0.48,
        "epsdiluted": 0.48,
        "weightedAverageShsOut": 35299000,
        "weightedAverageShsOutDil": 37311000,
        "link": "https://www.sec.gov/Archives/edgar/data/887905/000155837015001419/0001558370-15-001419-index.htm",
        "finalLink": "https://www.sec.gov/Archives/edgar/data/887905/000155837015001419/ltc-20150630x10q.htm"
    },
    {
        "date": "2015-03-31",
        "symbol": "LTC",
        "reportedCurrency": "USD",
        "cik": "0000887905",
        "fillingDate": "2015-04-30",
        "acceptedDate": "2015-04-30 17:17:45",
        "calendarYear": "2015",
        "period": "Q1",
        "revenue": 31480000,
        "costOfRevenue": 3766000,
        "grossProfit": 27714000,
        "grossProfitRatio": 0.8803684879,
        "researchAndDevelopmentExpenses": 0,
        "generalAndAdministrativeExpenses": 3499000,
        "sellingAndMarketingExpenses": 0,
        "sellingGeneralAndAdministrativeExpenses": 3499000,
        "otherExpenses": 6779000,
        "operatingExpenses": 10278000,
        "costAndExpenses": 14044000,
        "interestIncome": 0,
        "interestExpense": 3766000,
        "depreciationAndAmortization": 6779000,
        "ebitda": 28097000,
        "ebitdaratio": 0.8925349428,
        "operatingIncome": 17436000,
        "operatingIncomeRatio": 0.5538754765,
        "totalOtherIncomeExpensesNet": 116000,
        "incomeBeforeTax": 17552000,
        "incomeBeforeTaxRatio": 0.5575603558,
        "incomeTaxExpense": 0,
        "netIncome": 17552000,
        "netIncomeRatio": 0.5575603558,
        "eps": 0.47,
        "epsdiluted": 0.47,
        "weightedAverageShsOut": 35277000,
        "weightedAverageShsOutDil": 37292000,
        "link": "https://www.sec.gov/Archives/edgar/data/887905/000155837015000650/0001558370-15-000650-index.htm",
        "finalLink": "https://www.sec.gov/Archives/edgar/data/887905/000155837015000650/ltc-20150331x10q.htm"
    },
    {
        "date": "2014-12-31",
        "symbol": "LTC",
        "reportedCurrency": "USD",
        "cik": "0000887905",
        "fillingDate": "2015-02-26",
        "acceptedDate": "2015-02-26 17:10:55",
        "calendarYear": "2014",
        "period": "Q4",
        "revenue": 30755000,
        "costOfRevenue": 3683000,
        "grossProfit": 27072000,
        "grossProfitRatio": 0.8802471143,
        "researchAndDevelopmentExpenses": 0,
        "generalAndAdministrativeExpenses": 3265000,
        "sellingAndMarketingExpenses": 0,
        "sellingGeneralAndAdministrativeExpenses": 3265000,
        "otherExpenses": 6626000,
        "operatingExpenses": 9891000,
        "costAndExpenses": 13574000,
        "interestIncome": 0,
        "interestExpense": 3683000,
        "depreciationAndAmortization": 6594000,
        "ebitda": 31277000,
        "ebitdaratio": 1.0169728499,
        "operatingIncome": 17181000,
        "operatingIncomeRatio": 0.5586408714,
        "totalOtherIncomeExpensesNet": 3819000,
        "incomeBeforeTax": 21000000,
        "incomeBeforeTaxRatio": 0.6828158023,
        "incomeTaxExpense": 0,
        "netIncome": 21000000,
        "netIncomeRatio": 0.6828158023,
        "eps": 0.6,
        "epsdiluted": 0.6,
        "weightedAverageShsOut": 34680000,
        "weightedAverageShsOutDil": 35277000,
        "link": "https://www.sec.gov/Archives/edgar/data/887905/000155837015000199/0001558370-15-000199-index.htm",
        "finalLink": "https://www.sec.gov/Archives/edgar/data/887905/000155837015000199/ltc-20141231x10k.htm"
    },
    {
        "date": "2014-09-30",
        "symbol": "LTC",
        "reportedCurrency": "USD",
        "cik": "0000887905",
        "fillingDate": "2014-11-03",
        "acceptedDate": "2014-11-03 17:02:24",
        "calendarYear": "2014",
        "period": "Q3",
        "revenue": 29541000,
        "costOfRevenue": 3170000,
        "grossProfit": 26371000,
        "grossProfitRatio": 0.8926915135,
        "researchAndDevelopmentExpenses": 0,
        "generalAndAdministrativeExpenses": 2872000,
        "sellingAndMarketingExpenses": 0,
        "sellingGeneralAndAdministrativeExpenses": 2872000,
        "otherExpenses": 6377000,
        "operatingExpenses": 9249000,
        "costAndExpenses": 12419000,
        "interestIncome": 0,
        "interestExpense": 3170000,
        "depreciationAndAmortization": 6335000,
        "ebitda": 26627000,
        "ebitdaratio": 0.9013574354,
        "operatingIncome": 17122000,
        "operatingIncomeRatio": 0.5796012322,
        "totalOtherIncomeExpensesNet": 0,
        "incomeBeforeTax": 17122000,
        "incomeBeforeTaxRatio": 0.5796012322,
        "incomeTaxExpense": 0,
        "netIncome": 17122000,
        "netIncomeRatio": 0.5796012322,
        "eps": 0.47,
        "epsdiluted": 0.46,
        "weightedAverageShsOut": 34605000,
        "weightedAverageShsOutDil": 36629000,
        "link": "https://www.sec.gov/Archives/edgar/data/887905/000110465914076017/0001104659-14-076017-index.htm",
        "finalLink": "https://www.sec.gov/Archives/edgar/data/887905/000110465914076017/a14-19612_110q.htm"
    },
    {
        "date": "2014-06-30",
        "symbol": "LTC",
        "reportedCurrency": "USD",
        "cik": "0000887905",
        "fillingDate": "2014-08-06",
        "acceptedDate": "2014-08-06 17:02:32",
        "calendarYear": "2014",
        "period": "Q2",
        "revenue": 29227000,
        "costOfRevenue": 3088000,
        "grossProfit": 26139000,
        "grossProfitRatio": 0.8943442707,
        "researchAndDevelopmentExpenses": 0,
        "generalAndAdministrativeExpenses": 2693000,
        "sellingAndMarketingExpenses": 0,
        "sellingGeneralAndAdministrativeExpenses": 2693000,
        "otherExpenses": 6313000,
        "operatingExpenses": 9006000,
        "costAndExpenses": 12094000,
        "interestIncome": 0,
        "interestExpense": 3088000,
        "depreciationAndAmortization": 6302000,
        "ebitda": 27663000,
        "ebitdaratio": 0.9464878366,
        "operatingIncome": 17133000,
        "operatingIncomeRatio": 0.5862045369,
        "totalOtherIncomeExpensesNet": 1140000,
        "incomeBeforeTax": 18273000,
        "incomeBeforeTaxRatio": 0.6252095665,
        "incomeTaxExpense": 0,
        "netIncome": 18273000,
        "netIncomeRatio": 0.6252095665,
        "eps": 0.5,
        "epsdiluted": 0.5,
        "weightedAverageShsOut": 34597000,
        "weightedAverageShsOutDil": 36621000,
        "link": "https://www.sec.gov/Archives/edgar/data/887905/000110465914057649/0001104659-14-057649-index.htm",
        "finalLink": "https://www.sec.gov/Archives/edgar/data/887905/000110465914057649/a14-13848_110q.htm"
    },
    {
        "date": "2014-03-31",
        "symbol": "LTC",
        "reportedCurrency": "USD",
        "cik": "0000887905",
        "fillingDate": "2014-05-06",
        "acceptedDate": "2014-05-06 17:03:40",
        "calendarYear": "2014",
        "period": "Q1",
        "revenue": 29438000,
        "costOfRevenue": 3187000,
        "grossProfit": 26251000,
        "grossProfitRatio": 0.8917385692,
        "researchAndDevelopmentExpenses": 0,
        "generalAndAdministrativeExpenses": 2949000,
        "sellingAndMarketingExpenses": 0,
        "sellingGeneralAndAdministrativeExpenses": 2949000,
        "otherExpenses": 6298000,
        "operatingExpenses": 9247000,
        "costAndExpenses": 12434000,
        "interestIncome": 0,
        "interestExpense": 3187000,
        "depreciationAndAmortization": 6298000,
        "ebitda": 26489000,
        "ebitdaratio": 0.8998233576,
        "operatingIncome": 17004000,
        "operatingIncomeRatio": 0.5776207623,
        "totalOtherIncomeExpensesNet": 0,
        "incomeBeforeTax": 17004000,
        "incomeBeforeTaxRatio": 0.5776207623,
        "incomeTaxExpense": 0,
        "netIncome": 17004000,
        "netIncomeRatio": 0.5776207623,
        "eps": 0.47,
        "epsdiluted": 0.46,
        "weightedAverageShsOut": 34586000,
        "weightedAverageShsOutDil": 36611000,
        "link": "https://www.sec.gov/Archives/edgar/data/887905/000110465914035274/0001104659-14-035274-index.htm",
        "finalLink": "https://www.sec.gov/Archives/edgar/data/887905/000110465914035274/a14-7480_110q.htm"
    },
    {
        "date": "2013-12-31",
        "symbol": "LTC",
        "reportedCurrency": "USD",
        "cik": "0000887905",
        "fillingDate": "2014-02-20",
        "acceptedDate": "2014-02-20 17:09:01",
        "calendarYear": "2013",
        "period": "Q4",
        "revenue": 28593000,
        "costOfRevenue": 2852000,
        "grossProfit": 25741000,
        "grossProfitRatio": 0.9002553072,
        "researchAndDevelopmentExpenses": 0,
        "generalAndAdministrativeExpenses": 2674000,
        "sellingAndMarketingExpenses": 0,
        "sellingGeneralAndAdministrativeExpenses": 2674000,
        "otherExpenses": 23067000,
        "operatingExpenses": 25741000,
        "costAndExpenses": 28593000,
        "interestIncome": 0,
        "interestExpense": 2852000,
        "depreciationAndAmortization": 6237000,
        "ebitda": 23739000,
        "ebitdaratio": 0.8302381702,
        "operatingIncome": 17502000,
        "operatingIncomeRatio": 0.6121078586,
        "totalOtherIncomeExpensesNet": -2852000,
        "incomeBeforeTax": 14650000,
        "incomeBeforeTaxRatio": 0.5123631658,
        "incomeTaxExpense": 0,
        "netIncome": 14650000,
        "netIncomeRatio": 0.5123631658,
        "eps": 0.42,
        "epsdiluted": 0.42,
        "weightedAverageShsOut": 34569000,
        "weightedAverageShsOutDil": 34586000,
        "link": "https://www.sec.gov/Archives/edgar/data/887905/000104746914001101/0001047469-14-001101-index.htm",
        "finalLink": "https://www.sec.gov/Archives/edgar/data/887905/000104746914001101/a2218315z10-k.htm"
    },
    {
        "date": "2013-09-30",
        "symbol": "LTC",
        "reportedCurrency": "USD",
        "cik": "0000887905",
        "fillingDate": "2013-11-04",
        "acceptedDate": "2013-11-04 17:02:27",
        "calendarYear": "2013",
        "period": "Q3",
        "revenue": 25825000,
        "costOfRevenue": 2581000,
        "grossProfit": 23244000,
        "grossProfitRatio": 0.9000580833,
        "researchAndDevelopmentExpenses": 0,
        "generalAndAdministrativeExpenses": 2676000,
        "sellingAndMarketingExpenses": 0,
        "sellingGeneralAndAdministrativeExpenses": 2676000,
        "otherExpenses": 6139000,
        "operatingExpenses": 8815000,
        "costAndExpenses": 11396000,
        "interestIncome": 0,
        "interestExpense": 2581000,
        "depreciationAndAmortization": 6202000,
        "ebitda": 23212000,
        "ebitdaratio": 0.8988189739,
        "operatingIncome": 14429000,
        "operatingIncomeRatio": 0.5587221684,
        "totalOtherIncomeExpensesNet": 0,
        "incomeBeforeTax": 14429000,
        "incomeBeforeTaxRatio": 0.5587221684,
        "incomeTaxExpense": 0,
        "netIncome": 17286000,
        "netIncomeRatio": 0.6693514037,
        "eps": 0.47,
        "epsdiluted": 0.47,
        "weightedAverageShsOut": 34553000,
        "weightedAverageShsOutDil": 36580000,
        "link": "https://www.sec.gov/Archives/edgar/data/887905/000110465913080585/0001104659-13-080585-index.htm",
        "finalLink": "https://www.sec.gov/Archives/edgar/data/887905/000110465913080585/a13-19525_110q.htm"
    },
    {
        "date": "2013-06-30",
        "symbol": "LTC",
        "reportedCurrency": "USD",
        "cik": "0000887905",
        "fillingDate": "2013-08-08",
        "acceptedDate": "2013-08-08 17:04:06",
        "calendarYear": "2013",
        "period": "Q2",
        "revenue": 25681000,
        "costOfRevenue": 2798000,
        "grossProfit": 22883000,
        "grossProfitRatio": 0.8910478564,
        "researchAndDevelopmentExpenses": 0,
        "generalAndAdministrativeExpenses": 2869000,
        "sellingAndMarketingExpenses": 0,
        "sellingGeneralAndAdministrativeExpenses": 2869000,
        "otherExpenses": 6124000,
        "operatingExpenses": 8993000,
        "costAndExpenses": 11791000,
        "interestIncome": 0,
        "interestExpense": 2798000,
        "depreciationAndAmortization": 6131000,
        "ebitda": 22819000,
        "ebitdaratio": 0.8885557416,
        "operatingIncome": 13890000,
        "operatingIncomeRatio": 0.5408667887,
        "totalOtherIncomeExpensesNet": 0,
        "incomeBeforeTax": 13890000,
        "incomeBeforeTaxRatio": 0.5408667887,
        "incomeTaxExpense": 0,
        "netIncome": 12903000,
        "netIncomeRatio": 0.5024337059,
        "eps": 0.36,
        "epsdiluted": 0.36,
        "weightedAverageShsOut": 32913000,
        "weightedAverageShsOutDil": 32946000,
        "link": "https://www.sec.gov/Archives/edgar/data/887905/000110465913061784/0001104659-13-061784-index.htm",
        "finalLink": "https://www.sec.gov/Archives/edgar/data/887905/000110465913061784/a13-13599_110q.htm"
    },
    {
        "date": "2013-03-31",
        "symbol": "LTC",
        "reportedCurrency": "USD",
        "cik": "0000887905",
        "fillingDate": "2013-04-30",
        "acceptedDate": "2013-04-30 17:03:43",
        "calendarYear": "2013",
        "period": "Q1",
        "revenue": 25663000,
        "costOfRevenue": 3133000,
        "grossProfit": 22530000,
        "grossProfitRatio": 0.8779176246,
        "researchAndDevelopmentExpenses": 0,
        "generalAndAdministrativeExpenses": 3418000,
        "sellingAndMarketingExpenses": 0,
        "sellingGeneralAndAdministrativeExpenses": 3418000,
        "otherExpenses": 19112000,
        "operatingExpenses": 22530000,
        "costAndExpenses": 25663000,
        "interestIncome": 0,
        "interestExpense": 3133000,
        "depreciationAndAmortization": 6136000,
        "ebitda": 22245000,
        "ebitdaratio": 0.866812142,
        "operatingIncome": 16109000,
        "operatingIncomeRatio": 0.6277130499,
        "totalOtherIncomeExpensesNet": -3133000,
        "incomeBeforeTax": 12976000,
        "incomeBeforeTaxRatio": 0.5056306745,
        "incomeTaxExpense": 0,
        "netIncome": 12976000,
        "netIncomeRatio": 0.5056306745,
        "eps": 0.4,
        "epsdiluted": 0.4,
        "weightedAverageShsOut": 30365000,
        "weightedAverageShsOutDil": 30399000,
        "link": "https://www.sec.gov/Archives/edgar/data/887905/000110465913035323/0001104659-13-035323-index.htm",
        "finalLink": "https://www.sec.gov/Archives/edgar/data/887905/000110465913035323/a13-7055_110q.htm"
    },
    {
        "date": "2012-12-31",
        "symbol": "LTC",
        "reportedCurrency": "USD",
        "cik": "0000887905",
        "fillingDate": "2013-02-21",
        "acceptedDate": "2013-02-21 17:05:12",
        "calendarYear": "2012",
        "period": "Q4",
        "revenue": 24512000,
        "costOfRevenue": 0,
        "grossProfit": 0,
        "grossProfitRatio": 0,
        "researchAndDevelopmentExpenses": 0,
        "generalAndAdministrativeExpenses": 0,
        "sellingAndMarketingExpenses": 0,
        "sellingGeneralAndAdministrativeExpenses": 2914000,
        "otherExpenses": 21598000,
        "operatingExpenses": 24512000,
        "costAndExpenses": 24512000,
        "interestIncome": 0,
        "interestExpense": 2907000,
        "depreciationAndAmortization": 5692000,
        "ebitda": 20990000,
        "ebitdaratio": 0.8563152742,
        "operatingIncome": 15906000,
        "operatingIncomeRatio": 0.648906658,
        "totalOtherIncomeExpensesNet": -15906000,
        "incomeBeforeTax": 0,
        "incomeBeforeTaxRatio": 0,
        "incomeTaxExpense": 0,
        "netIncome": 12771000,
        "netIncomeRatio": 0.5210101175,
        "eps": 0.42,
        "epsdiluted": 0.42,
        "weightedAverageShsOut": 30295000,
        "weightedAverageShsOutDil": 30365000,
        "link": "https://www.sec.gov/Archives/edgar/data/887905/000104746913001403/0001047469-13-001403-index.htm",
        "finalLink": "https://www.sec.gov/Archives/edgar/data/887905/000104746913001403/a2212881z10-k.htm"
    },
    {
        "date": "2012-09-30",
        "symbol": "LTC",
        "reportedCurrency": "USD",
        "cik": "0000887905",
        "fillingDate": "2012-11-08",
        "acceptedDate": "2012-11-08 17:03:56",
        "calendarYear": "2012",
        "period": "Q3",
        "revenue": 23402000,
        "costOfRevenue": 2988000,
        "grossProfit": 20414000,
        "grossProfitRatio": 0.8723186052,
        "researchAndDevelopmentExpenses": 0,
        "generalAndAdministrativeExpenses": 2370000,
        "sellingAndMarketingExpenses": 0,
        "sellingGeneralAndAdministrativeExpenses": 2370000,
        "otherExpenses": 18044000,
        "operatingExpenses": 20414000,
        "costAndExpenses": 23402000,
        "interestIncome": 0,
        "interestExpense": 2988000,
        "depreciationAndAmortization": 5925000,
        "ebitda": 21164000,
        "ebitdaratio": 0.9043671481,
        "operatingIncome": 15239000,
        "operatingIncomeRatio": 0.6511836595,
        "totalOtherIncomeExpensesNet": -2988000,
        "incomeBeforeTax": 12251000,
        "incomeBeforeTaxRatio": 0.5235022648,
        "incomeTaxExpense": 0,
        "netIncome": 12495000,
        "netIncomeRatio": 0.533928724,
        "eps": 0.38,
        "epsdiluted": 0.38,
        "weightedAverageShsOut": 30253000,
        "weightedAverageShsOutDil": 30293000,
        "link": "https://www.sec.gov/Archives/edgar/data/887905/000110465912076064/0001104659-12-076064-index.htm",
        "finalLink": "https://www.sec.gov/Archives/edgar/data/887905/000110465912076064/a12-19882_110q.htm"
    },
    {
        "date": "2012-06-30",
        "symbol": "LTC",
        "reportedCurrency": "USD",
        "cik": "0000887905",
        "fillingDate": "2012-08-07",
        "acceptedDate": "2012-08-07 09:34:10",
        "calendarYear": "2012",
        "period": "Q2",
        "revenue": 23055000,
        "costOfRevenue": 2004000,
        "grossProfit": 21051000,
        "grossProfitRatio": 0.9130774236,
        "researchAndDevelopmentExpenses": 0,
        "generalAndAdministrativeExpenses": 2604000,
        "sellingAndMarketingExpenses": 0,
        "sellingGeneralAndAdministrativeExpenses": 2604000,
        "otherExpenses": 18447000,
        "operatingExpenses": 21051000,
        "costAndExpenses": 23055000,
        "interestIncome": 0,
        "interestExpense": 2004000,
        "depreciationAndAmortization": 5369000,
        "ebitda": 20465000,
        "ebitdaratio": 0.8876599436,
        "operatingIncome": 15096000,
        "operatingIncomeRatio": 0.6547820429,
        "totalOtherIncomeExpensesNet": -2004000,
        "incomeBeforeTax": 13092000,
        "incomeBeforeTaxRatio": 0.5678594665,
        "incomeTaxExpense": 0,
        "netIncome": 13103000,
        "netIncomeRatio": 0.5683365864,
        "eps": 0.4,
        "epsdiluted": 0.4,
        "weightedAverageShsOut": 30213000,
        "weightedAverageShsOutDil": 30258000,
        "link": "https://www.sec.gov/Archives/edgar/data/887905/000110465912054977/0001104659-12-054977-index.htm",
        "finalLink": "https://www.sec.gov/Archives/edgar/data/887905/000110465912054977/a12-13654_110q.htm"
    },
    {
        "date": "2012-03-31",
        "symbol": "LTC",
        "reportedCurrency": "USD",
        "cik": "0000887905",
        "fillingDate": "2012-05-07",
        "acceptedDate": "2012-05-07 17:02:52",
        "calendarYear": "2012",
        "period": "Q1",
        "revenue": 22640000,
        "costOfRevenue": 2033000,
        "grossProfit": 20607000,
        "grossProfitRatio": 0.9102031802,
        "researchAndDevelopmentExpenses": 0,
        "generalAndAdministrativeExpenses": 2524000,
        "sellingAndMarketingExpenses": 0,
        "sellingGeneralAndAdministrativeExpenses": 2524000,
        "otherExpenses": 18083000,
        "operatingExpenses": 20607000,
        "costAndExpenses": 22640000,
        "interestIncome": 0,
        "interestExpense": 2033000,
        "depreciationAndAmortization": 5167000,
        "ebitda": 20116000,
        "ebitdaratio": 0.8885159011,
        "operatingIncome": 14949000,
        "operatingIncomeRatio": 0.6602915194,
        "totalOtherIncomeExpensesNet": -2033000,
        "incomeBeforeTax": 12916000,
        "incomeBeforeTaxRatio": 0.5704946996,
        "incomeTaxExpense": 0,
        "netIncome": 12921000,
        "netIncomeRatio": 0.5707155477,
        "eps": 0.4,
        "epsdiluted": 0.4,
        "weightedAverageShsOut": 30189000,
        "weightedAverageShsOutDil": 30234000,
        "link": "https://www.sec.gov/Archives/edgar/data/887905/000110465912033881/0001104659-12-033881-index.htm",
        "finalLink": "https://www.sec.gov/Archives/edgar/data/887905/000110465912033881/a12-6561_110q.htm"
    },
    {
        "date": "2011-12-31",
        "symbol": "LTC",
        "reportedCurrency": "USD",
        "cik": "0000887905",
        "fillingDate": "2012-02-27",
        "acceptedDate": "2012-02-27 17:06:59",
        "calendarYear": "2011",
        "period": "Q4",
        "revenue": 22298000,
        "costOfRevenue": 0,
        "grossProfit": 0,
        "grossProfitRatio": 0,
        "researchAndDevelopmentExpenses": 0,
        "generalAndAdministrativeExpenses": 0,
        "sellingAndMarketingExpenses": 0,
        "sellingGeneralAndAdministrativeExpenses": 2358000,
        "otherExpenses": 19940000,
        "operatingExpenses": 22298000,
        "costAndExpenses": 22298000,
        "interestIncome": 0,
        "interestExpense": 1993000,
        "depreciationAndAmortization": 5141000,
        "ebitda": 19938000,
        "ebitdaratio": 0.8941609113,
        "operatingIncome": 14797000,
        "operatingIncomeRatio": 0.6636021168,
        "totalOtherIncomeExpensesNet": -14797000,
        "incomeBeforeTax": 0,
        "incomeBeforeTaxRatio": 0,
        "incomeTaxExpense": 0,
        "netIncome": 12557000,
        "netIncomeRatio": 0.5631446767,
        "eps": 0.42,
        "epsdiluted": 0.42,
        "weightedAverageShsOut": 30154000,
        "weightedAverageShsOutDil": 30189000,
        "link": "https://www.sec.gov/Archives/edgar/data/887905/000104746912001628/0001047469-12-001628-index.htm",
        "finalLink": "https://www.sec.gov/Archives/edgar/data/887905/000104746912001628/a2207357z10-k.htm"
    },
    {
        "date": "2011-09-30",
        "symbol": "LTC",
        "reportedCurrency": "USD",
        "cik": "0000887905",
        "fillingDate": "2011-11-02",
        "acceptedDate": "2011-11-02 17:02:18",
        "calendarYear": "2011",
        "period": "Q3",
        "revenue": 21431000,
        "costOfRevenue": 0,
        "grossProfit": 0,
        "grossProfitRatio": 0,
        "researchAndDevelopmentExpenses": 0,
        "generalAndAdministrativeExpenses": 0,
        "sellingAndMarketingExpenses": 0,
        "sellingGeneralAndAdministrativeExpenses": 2180000,
        "otherExpenses": 19251000,
        "operatingExpenses": 21431000,
        "costAndExpenses": 21431000,
        "interestIncome": 0,
        "interestExpense": 1794000,
        "depreciationAndAmortization": 4974000,
        "ebitda": 19276000,
        "ebitdaratio": 0.8994447296,
        "operatingIncome": 14302000,
        "operatingIncomeRatio": 0.6673510335,
        "totalOtherIncomeExpensesNet": -14302000,
        "incomeBeforeTax": 0,
        "incomeBeforeTaxRatio": 0,
        "incomeTaxExpense": 0,
        "netIncome": 12375000,
        "netIncomeRatio": 0.5774345574,
        "eps": 0.38,
        "epsdiluted": 0.38,
        "weightedAverageShsOut": 30137000,
        "weightedAverageShsOutDil": 30156000,
        "link": "https://www.sec.gov/Archives/edgar/data/887905/000110465911060135/0001104659-11-060135-index.htm",
        "finalLink": "https://www.sec.gov/Archives/edgar/data/887905/000110465911060135/a11-25665_110q.htm"
    },
    {
        "date": "2011-06-30",
        "symbol": "LTC",
        "reportedCurrency": "USD",
        "cik": "0000887905",
        "fillingDate": "2011-08-08",
        "acceptedDate": "2011-08-08 17:02:11",
        "calendarYear": "2011",
        "period": "Q2",
        "revenue": 21180000,
        "costOfRevenue": 0,
        "grossProfit": 0,
        "grossProfitRatio": 0,
        "researchAndDevelopmentExpenses": 0,
        "generalAndAdministrativeExpenses": 0,
        "sellingAndMarketingExpenses": 0,
        "sellingGeneralAndAdministrativeExpenses": 2323000,
        "otherExpenses": 18857000,
        "operatingExpenses": 21180000,
        "costAndExpenses": 21180000,
        "interestIncome": 0,
        "interestExpense": 1543000,
        "depreciationAndAmortization": 4987000,
        "ebitda": 18926000,
        "ebitdaratio": 0.893578848,
        "operatingIncome": 13939000,
        "operatingIncomeRatio": 0.6581208687,
        "totalOtherIncomeExpensesNet": -13939000,
        "incomeBeforeTax": 0,
        "incomeBeforeTaxRatio": 0,
        "incomeTaxExpense": 0,
        "netIncome": 12214000,
        "netIncomeRatio": 0.5766761095,
        "eps": 0.38,
        "epsdiluted": 0.37,
        "weightedAverageShsOut": 30135000,
        "weightedAverageShsOutDil": 30168000,
        "link": "https://www.sec.gov/Archives/edgar/data/887905/000110465911044915/0001104659-11-044915-index.htm",
        "finalLink": "https://www.sec.gov/Archives/edgar/data/887905/000110465911044915/a11-13862_110q.htm"
    },
    {
        "date": "2011-03-31",
        "symbol": "LTC",
        "reportedCurrency": "USD",
        "cik": "0000887905",
        "fillingDate": "2011-05-04",
        "acceptedDate": "2011-05-04 17:02:04",
        "calendarYear": "2011",
        "period": "Q1",
        "revenue": 20253000,
        "costOfRevenue": 0,
        "grossProfit": 0,
        "grossProfitRatio": 0,
        "researchAndDevelopmentExpenses": 0,
        "generalAndAdministrativeExpenses": 0,
        "sellingAndMarketingExpenses": 0,
        "sellingGeneralAndAdministrativeExpenses": 2314000,
        "otherExpenses": 17939000,
        "operatingExpenses": 20253000,
        "costAndExpenses": 20253000,
        "interestIncome": 0,
        "interestExpense": 1104000,
        "depreciationAndAmortization": 4521000,
        "ebitda": 18028000,
        "ebitdaratio": 0.8901397324,
        "operatingIncome": 13507000,
        "operatingIncomeRatio": 0.6669135437,
        "totalOtherIncomeExpensesNet": -13507000,
        "incomeBeforeTax": 0,
        "incomeBeforeTaxRatio": 0,
        "incomeTaxExpense": 0,
        "netIncome": 12106000,
        "netIncomeRatio": 0.5977386066,
        "eps": 0.2,
        "epsdiluted": 0.2,
        "weightedAverageShsOut": 26310000,
        "weightedAverageShsOutDil": 26340000,
        "link": "https://www.sec.gov/Archives/edgar/data/887905/000110465911025803/0001104659-11-025803-index.htm",
        "finalLink": "https://www.sec.gov/Archives/edgar/data/887905/000110465911025803/a11-8985_110q.htm"
    },
    {
        "date": "2010-12-31",
        "symbol": "LTC",
        "reportedCurrency": "USD",
        "cik": "0000887905",
        "fillingDate": "2011-02-23",
        "acceptedDate": "2011-02-23 17:04:52",
        "calendarYear": "2010",
        "period": "Q4",
        "revenue": 19979000,
        "costOfRevenue": 0,
        "grossProfit": 0,
        "grossProfitRatio": 0,
        "researchAndDevelopmentExpenses": 0,
        "generalAndAdministrativeExpenses": 0,
        "sellingAndMarketingExpenses": 0,
        "sellingGeneralAndAdministrativeExpenses": 2338000,
        "otherExpenses": 17641000,
        "operatingExpenses": 19979000,
        "costAndExpenses": 19979000,
        "interestIncome": 0,
        "interestExpense": 981000,
        "depreciationAndAmortization": 4162000,
        "ebitda": 17103000,
        "ebitdaratio": 0.8560488513,
        "operatingIncome": 12941000,
        "operatingIncomeRatio": 0.6477301166,
        "totalOtherIncomeExpensesNet": -12941000,
        "incomeBeforeTax": 0,
        "incomeBeforeTaxRatio": 0,
        "incomeTaxExpense": 0,
        "netIncome": 12244000,
        "netIncomeRatio": 0.6128434857,
        "eps": 0.47,
        "epsdiluted": 0.47,
        "weightedAverageShsOut": 26103000,
        "weightedAverageShsOutDil": 26310000,
        "link": "https://www.sec.gov/Archives/edgar/data/887905/000104746911001202/0001047469-11-001202-index.htm",
        "finalLink": "https://www.sec.gov/Archives/edgar/data/887905/000104746911001202/a2202129z10-k.htm"
    },
    {
        "date": "2010-09-30",
        "symbol": "LTC",
        "reportedCurrency": "USD",
        "cik": "0000887905",
        "fillingDate": "2010-10-25",
        "acceptedDate": "2010-10-25 17:00:14",
        "calendarYear": "2010",
        "period": "Q3",
        "revenue": 18359000,
        "costOfRevenue": 0,
        "grossProfit": 0,
        "grossProfitRatio": 0,
        "researchAndDevelopmentExpenses": 0,
        "generalAndAdministrativeExpenses": 0,
        "sellingAndMarketingExpenses": 0,
        "sellingGeneralAndAdministrativeExpenses": 1896000,
        "otherExpenses": 16463000,
        "operatingExpenses": 18359000,
        "costAndExpenses": 18359000,
        "interestIncome": 0,
        "interestExpense": 852000,
        "depreciationAndAmortization": 4073000,
        "ebitda": 16466000,
        "ebitdaratio": 0.8968898088,
        "operatingIncome": 12393000,
        "operatingIncomeRatio": 0.6750367667,
        "totalOtherIncomeExpensesNet": -12393000,
        "incomeBeforeTax": 0,
        "incomeBeforeTaxRatio": 0,
        "incomeTaxExpense": 0,
        "netIncome": 11514000,
        "netIncomeRatio": 0.627158342,
        "eps": 0.22,
        "epsdiluted": 0.22,
        "weightedAverageShsOut": 24930000,
        "weightedAverageShsOutDil": 24945000,
        "link": "https://www.sec.gov/Archives/edgar/data/887905/000110465910053533/0001104659-10-053533-index.htm",
        "finalLink": "https://www.sec.gov/Archives/edgar/data/887905/000110465910053533/a10-17368_110q.htm"
    },
    {
        "date": "2010-06-30",
        "symbol": "LTC",
        "reportedCurrency": "USD",
        "cik": "0000887905",
        "fillingDate": "2010-08-02",
        "acceptedDate": "2010-08-02 09:30:47",
        "calendarYear": "2010",
        "period": "Q2",
        "revenue": 17925000,
        "costOfRevenue": 0,
        "grossProfit": 0,
        "grossProfitRatio": 0,
        "researchAndDevelopmentExpenses": 0,
        "generalAndAdministrativeExpenses": 0,
        "sellingAndMarketingExpenses": 0,
        "sellingGeneralAndAdministrativeExpenses": 1872000,
        "otherExpenses": 16053000,
        "operatingExpenses": 17925000,
        "costAndExpenses": 17925000,
        "interestIncome": 0,
        "interestExpense": 419000,
        "depreciationAndAmortization": 4014000,
        "ebitda": 16136000,
        "ebitdaratio": 0.900195258,
        "operatingIncome": 12122000,
        "operatingIncomeRatio": 0.6762622036,
        "totalOtherIncomeExpensesNet": -12122000,
        "incomeBeforeTax": 0,
        "incomeBeforeTaxRatio": 0,
        "incomeTaxExpense": 0,
        "netIncome": 11582000,
        "netIncomeRatio": 0.6461366806,
        "eps": 0.33,
        "epsdiluted": 0.33,
        "weightedAverageShsOut": 23643000,
        "weightedAverageShsOutDil": 23743000,
        "link": "https://www.sec.gov/Archives/edgar/data/887905/000110465910040964/0001104659-10-040964-index.htm",
        "finalLink": "https://www.sec.gov/Archives/edgar/data/887905/000110465910040964/a10-12718_110q.htm"
    },
    {
        "date": "2010-03-31",
        "symbol": "LTC",
        "reportedCurrency": "USD",
        "cik": "0000887905",
        "fillingDate": "2010-05-03",
        "acceptedDate": "2010-05-03 17:01:00",
        "calendarYear": "2010",
        "period": "Q1",
        "revenue": 17736000,
        "costOfRevenue": 0,
        "grossProfit": 0,
        "grossProfitRatio": 0,
        "researchAndDevelopmentExpenses": 0,
        "generalAndAdministrativeExpenses": 0,
        "sellingAndMarketingExpenses": 0,
        "sellingGeneralAndAdministrativeExpenses": 1973000,
        "otherExpenses": 15763000,
        "operatingExpenses": 17736000,
        "costAndExpenses": 17736000,
        "interestIncome": 0,
        "interestExpense": 401000,
        "depreciationAndAmortization": 3860000,
        "ebitda": 14775000,
        "ebitdaratio": 0.8330514208,
        "operatingIncome": 10915000,
        "operatingIncomeRatio": 0.6154149752,
        "totalOtherIncomeExpensesNet": -10915000,
        "incomeBeforeTax": 0,
        "incomeBeforeTaxRatio": 0,
        "incomeTaxExpense": 0,
        "netIncome": 10522000,
        "netIncomeRatio": 0.5932566531,
        "eps": 0.29,
        "epsdiluted": 0.29,
        "weightedAverageShsOut": 23283000,
        "weightedAverageShsOutDil": 23384000,
        "link": "https://www.sec.gov/Archives/edgar/data/887905/000110465910024683/0001104659-10-024683-index.htm",
        "finalLink": "https://www.sec.gov/Archives/edgar/data/887905/000110465910024683/a10-5871_110q.htm"
    },
    {
        "date": "2009-12-31",
        "symbol": "LTC",
        "reportedCurrency": "USD",
        "cik": "0000887905",
        "fillingDate": "2010-02-24",
        "acceptedDate": "2010-02-24 17:14:06",
        "calendarYear": "2009",
        "period": "Q4",
        "revenue": 17465000,
        "costOfRevenue": 0,
        "grossProfit": 0,
        "grossProfitRatio": 0,
        "researchAndDevelopmentExpenses": 0,
        "generalAndAdministrativeExpenses": 0,
        "sellingAndMarketingExpenses": 0,
        "sellingGeneralAndAdministrativeExpenses": 2102000,
        "otherExpenses": 15363000,
        "operatingExpenses": 17465000,
        "costAndExpenses": 17465000,
        "interestIncome": 0,
        "interestExpense": 372000,
        "depreciationAndAmortization": 3733000,
        "ebitda": 15161000,
        "ebitdaratio": 0.8680790152,
        "operatingIncome": 11428000,
        "operatingIncomeRatio": 0.6543372459,
        "totalOtherIncomeExpensesNet": -11428000,
        "incomeBeforeTax": 0,
        "incomeBeforeTaxRatio": 0,
        "incomeTaxExpense": 0,
        "netIncome": 10989000,
        "netIncomeRatio": 0.6292012597,
        "eps": 0.47,
        "epsdiluted": 0.47,
        "weightedAverageShsOut": 23147000,
        "weightedAverageShsOutDil": 23283000,
        "link": "https://www.sec.gov/Archives/edgar/data/887905/000104746910001256/0001047469-10-001256-index.htm",
        "finalLink": "https://www.sec.gov/Archives/edgar/data/887905/000104746910001256/a2196557z10-k.htm"
    },
    {
        "date": "2009-09-30",
        "symbol": "LTC",
        "reportedCurrency": "USD",
        "cik": "0000887905",
        "fillingDate": "2009-11-05",
        "acceptedDate": "2009-11-05 17:00:39",
        "calendarYear": "2009",
        "period": "Q3",
        "revenue": 17199000,
        "costOfRevenue": 0,
        "grossProfit": 0,
        "grossProfitRatio": 0,
        "researchAndDevelopmentExpenses": 0,
        "generalAndAdministrativeExpenses": 0,
        "sellingAndMarketingExpenses": 0,
        "sellingGeneralAndAdministrativeExpenses": 1766000,
        "otherExpenses": 15433000,
        "operatingExpenses": 17199000,
        "costAndExpenses": 17199000,
        "interestIncome": 0,
        "interestExpense": 340000,
        "depreciationAndAmortization": 3694000,
        "ebitda": 15304000,
        "ebitdaratio": 0.8898191755,
        "operatingIncome": 11610000,
        "operatingIncomeRatio": 0.6750392465,
        "totalOtherIncomeExpensesNet": -11610000,
        "incomeBeforeTax": 0,
        "incomeBeforeTaxRatio": 0,
        "incomeTaxExpense": 0,
        "netIncome": 11250000,
        "netIncomeRatio": 0.654107797,
        "eps": 0.32,
        "epsdiluted": 0.32,
        "weightedAverageShsOut": 23108000,
        "weightedAverageShsOutDil": 23193000,
        "link": "https://www.sec.gov/Archives/edgar/data/887905/000110465909062996/0001104659-09-062996-index.htm",
        "finalLink": "https://www.sec.gov/Archives/edgar/data/887905/000110465909062996/a09-30914_110q.htm"
    },
    {
        "date": "2009-06-30",
        "symbol": "LTC",
        "reportedCurrency": "USD",
        "cik": "0000887905",
        "fillingDate": "2009-08-05",
        "acceptedDate": "2009-08-05 17:23:02",
        "calendarYear": "2009",
        "period": "Q2",
        "revenue": 17385000,
        "costOfRevenue": 0,
        "grossProfit": 0,
        "grossProfitRatio": 0,
        "researchAndDevelopmentExpenses": 0,
        "generalAndAdministrativeExpenses": 0,
        "sellingAndMarketingExpenses": 0,
        "sellingGeneralAndAdministrativeExpenses": 1918000,
        "otherExpenses": 15467000,
        "operatingExpenses": 17385000,
        "costAndExpenses": 17385000,
        "interestIncome": 0,
        "interestExpense": 814000,
        "depreciationAndAmortization": 3694000,
        "ebitda": 15248000,
        "ebitdaratio": 0.8770779408,
        "operatingIncome": 11554000,
        "operatingIncomeRatio": 0.664595916,
        "totalOtherIncomeExpensesNet": -11554000,
        "incomeBeforeTax": 0,
        "incomeBeforeTaxRatio": 0,
        "incomeTaxExpense": 0,
        "netIncome": 10664000,
        "netIncomeRatio": 0.6134023584,
        "eps": 0.3,
        "epsdiluted": 0.3,
        "weightedAverageShsOut": 23081000,
        "weightedAverageShsOutDil": 23163000,
        "link": "https://www.sec.gov/Archives/edgar/data/887905/000110465909047424/0001104659-09-047424-index.htm",
        "finalLink": "https://www.sec.gov/Archives/edgar/data/887905/000110465909047424/a09-18557_110q.htm"
    },
    {
        "date": "2009-03-31",
        "symbol": "LTC",
        "reportedCurrency": "USD",
        "cik": "0000887905",
        "fillingDate": "2009-05-11",
        "acceptedDate": "2009-05-08 20:25:14",
        "calendarYear": "2009",
        "period": "Q1",
        "revenue": 17716000,
        "costOfRevenue": 0,
        "grossProfit": 0,
        "grossProfitRatio": 0,
        "researchAndDevelopmentExpenses": 0,
        "generalAndAdministrativeExpenses": 1885000,
        "sellingAndMarketingExpenses": -152000,
        "sellingGeneralAndAdministrativeExpenses": 1733000,
        "otherExpenses": 15983000,
        "operatingExpenses": 17716000,
        "costAndExpenses": 17716000,
        "interestIncome": 0,
        "interestExpense": 892000,
        "depreciationAndAmortization": 3701000,
        "ebitda": 15831000,
        "ebitdaratio": 0.8935990065,
        "operatingIncome": 12130000,
        "operatingIncomeRatio": 0.684691804,
        "totalOtherIncomeExpensesNet": -12130000,
        "incomeBeforeTax": 0,
        "incomeBeforeTaxRatio": 0,
        "incomeTaxExpense": 0,
        "netIncome": 11161000,
        "netIncomeRatio": 0.6299954843,
        "eps": 0.35,
        "epsdiluted": 0.35,
        "weightedAverageShsOut": 23059000,
        "weightedAverageShsOutDil": 23141000,
        "link": "https://www.sec.gov/Archives/edgar/data/887905/000110465909031178/0001104659-09-031178-index.htm",
        "finalLink": "https://www.sec.gov/Archives/edgar/data/887905/000110465909031178/a09-11157_110q.htm"
    },
    {
        "date": "2008-12-31",
        "symbol": "LTC",
        "reportedCurrency": "USD",
        "cik": "0000887905",
        "fillingDate": "2009-02-25",
        "acceptedDate": "2009-02-25 17:03:58",
        "calendarYear": "2008",
        "period": "Q4",
        "revenue": 16660000,
        "costOfRevenue": 0,
        "grossProfit": 0,
        "grossProfitRatio": 0,
        "researchAndDevelopmentExpenses": 0,
        "generalAndAdministrativeExpenses": 0,
        "sellingAndMarketingExpenses": 0,
        "sellingGeneralAndAdministrativeExpenses": 0,
        "otherExpenses": 6769000,
        "operatingExpenses": 6769000,
        "costAndExpenses": 6769000,
        "interestIncome": 0,
        "interestExpense": 0,
        "depreciationAndAmortization": 3793000,
        "ebitda": 17798000,
        "ebitdaratio": 1.0683073229,
        "operatingIncome": 9891000,
        "operatingIncomeRatio": 0.593697479,
        "totalOtherIncomeExpensesNet": -9891000,
        "incomeBeforeTax": 0,
        "incomeBeforeTaxRatio": 0,
        "incomeTaxExpense": 0,
        "netIncome": 9814000,
        "netIncomeRatio": 0.5890756303,
        "eps": 0.43,
        "epsdiluted": 0.43,
        "weightedAverageShsOut": 23046000,
        "weightedAverageShsOutDil": 23059000,
        "link": "https://www.sec.gov/Archives/edgar/data/887905/000104746909001825/0001047469-09-001825-index.htm",
        "finalLink": "https://www.sec.gov/Archives/edgar/data/887905/000104746909001825/a2190887z10-k.htm"
    },
    {
        "date": "2008-09-30",
        "symbol": "LTC",
        "reportedCurrency": "USD",
        "cik": "0000887905",
        "fillingDate": "2008-11-05",
        "acceptedDate": "2008-11-05 17:00:26",
        "calendarYear": "2008",
        "period": "Q3",
        "revenue": 16999000,
        "costOfRevenue": 0,
        "grossProfit": 0,
        "grossProfitRatio": 0,
        "researchAndDevelopmentExpenses": 0,
        "generalAndAdministrativeExpenses": 0,
        "sellingAndMarketingExpenses": 0,
        "sellingGeneralAndAdministrativeExpenses": 1680000,
        "otherExpenses": 4615000,
        "operatingExpenses": 6295000,
        "costAndExpenses": 6295000,
        "interestIncome": 0,
        "interestExpense": 900000,
        "depreciationAndAmortization": 3745000,
        "ebitda": 15349000,
        "ebitdaratio": 0.9029354668,
        "operatingIncome": 10704000,
        "operatingIncomeRatio": 0.6296840991,
        "totalOtherIncomeExpensesNet": -10704000,
        "incomeBeforeTax": 0,
        "incomeBeforeTaxRatio": 0,
        "incomeTaxExpense": 0,
        "netIncome": 10628000,
        "netIncomeRatio": 0.6252132478,
        "eps": 0.29,
        "epsdiluted": 0.29,
        "weightedAverageShsOut": 23019000,
        "weightedAverageShsOutDil": 23142000,
        "link": "https://www.sec.gov/Archives/edgar/data/887905/000110465908068244/0001104659-08-068244-index.htm",
        "finalLink": "https://www.sec.gov/Archives/edgar/data/887905/000110465908068244/a08-25462_110q.htm"
    },
    {
        "date": "2008-06-30",
        "symbol": "LTC",
        "reportedCurrency": "USD",
        "cik": "0000887905",
        "fillingDate": "2008-07-31",
        "acceptedDate": "2008-07-31 09:31:06",
        "calendarYear": "2008",
        "period": "Q2",
        "revenue": 17851000,
        "costOfRevenue": 0,
        "grossProfit": 0,
        "grossProfitRatio": 0,
        "researchAndDevelopmentExpenses": 0,
        "generalAndAdministrativeExpenses": 0,
        "sellingAndMarketingExpenses": 0,
        "sellingGeneralAndAdministrativeExpenses": 1592000,
        "otherExpenses": 4805000,
        "operatingExpenses": 6397000,
        "costAndExpenses": 6397000,
        "interestIncome": 0,
        "interestExpense": 1085000,
        "depreciationAndAmortization": 3730000,
        "ebitda": 16269000,
        "ebitdaratio": 0.9113775139,
        "operatingIncome": 11454000,
        "operatingIncomeRatio": 0.6416447258,
        "totalOtherIncomeExpensesNet": -11454000,
        "incomeBeforeTax": 0,
        "incomeBeforeTaxRatio": 0,
        "incomeTaxExpense": 0,
        "netIncome": 11377000,
        "netIncomeRatio": 0.6373312419,
        "eps": 0.33,
        "epsdiluted": 0.33,
        "weightedAverageShsOut": 22969000,
        "weightedAverageShsOutDil": 23099000,
        "link": "https://www.sec.gov/Archives/edgar/data/887905/000110465908048800/0001104659-08-048800-index.htm",
        "finalLink": "https://www.sec.gov/Archives/edgar/data/887905/000110465908048800/a08-18771_110q.htm"
    },
    {
        "date": "2008-03-31",
        "symbol": "LTC",
        "reportedCurrency": "USD",
        "cik": "0000887905",
        "fillingDate": "2008-04-30",
        "acceptedDate": "2008-04-30 17:08:38",
        "calendarYear": "2008",
        "period": "Q1",
        "revenue": 17847000,
        "costOfRevenue": 0,
        "grossProfit": 0,
        "grossProfitRatio": 0,
        "researchAndDevelopmentExpenses": 0,
        "generalAndAdministrativeExpenses": 1836000,
        "sellingAndMarketingExpenses": 0,
        "sellingGeneralAndAdministrativeExpenses": 1836000,
        "otherExpenses": 3692000,
        "operatingExpenses": 5528000,
        "costAndExpenses": 5528000,
        "interestIncome": 0,
        "interestExpense": 1176000,
        "depreciationAndAmortization": 3692000,
        "ebitda": 16011000,
        "ebitdaratio": 0.8971255673,
        "operatingIncome": 12319000,
        "operatingIncomeRatio": 0.6902560654,
        "totalOtherIncomeExpensesNet": -12319000,
        "incomeBeforeTax": 0,
        "incomeBeforeTaxRatio": 0,
        "incomeTaxExpense": 0,
        "netIncome": 11158000,
        "netIncomeRatio": 0.6252031154,
        "eps": 0.36,
        "epsdiluted": 0.36,
        "weightedAverageShsOut": 22862000,
        "weightedAverageShsOutDil": 23015000,
        "link": "https://www.sec.gov/Archives/edgar/data/887905/000110465908028479/0001104659-08-028479-index.htm",
        "finalLink": "https://www.sec.gov/Archives/edgar/data/887905/000110465908028479/a08-11393_110q.htm"
    },
    {
        "date": "2007-12-31",
        "symbol": "LTC",
        "reportedCurrency": "USD",
        "cik": "0000887905",
        "fillingDate": "2008-03-13",
        "acceptedDate": "2008-03-13 13:18:01",
        "calendarYear": "2007",
        "period": "Q4",
        "revenue": 18022000,
        "costOfRevenue": 0,
        "grossProfit": 0,
        "grossProfitRatio": 0,
        "researchAndDevelopmentExpenses": 0,
        "generalAndAdministrativeExpenses": 0,
        "sellingAndMarketingExpenses": 0,
        "sellingGeneralAndAdministrativeExpenses": 0,
        "otherExpenses": 5501000,
        "operatingExpenses": 5501000,
        "costAndExpenses": 5501000,
        "interestIncome": 0,
        "interestExpense": 0,
        "depreciationAndAmortization": 3618000,
        "ebitda": 16139000,
        "ebitdaratio": 0.8955165908,
        "operatingIncome": 12521000,
        "operatingIncomeRatio": 0.6947619576,
        "totalOtherIncomeExpensesNet": -12521000,
        "incomeBeforeTax": 0,
        "incomeBeforeTaxRatio": 0,
        "incomeTaxExpense": 0,
        "netIncome": 11106000,
        "netIncomeRatio": 0.6162468095,
        "eps": 0.49,
        "epsdiluted": 0.49,
        "weightedAverageShsOut": 22750000,
        "weightedAverageShsOutDil": 22862000,
        "link": "https://www.sec.gov/Archives/edgar/data/887905/000104746908002665/0001047469-08-002665-index.htm",
        "finalLink": "https://www.sec.gov/Archives/edgar/data/887905/000104746908002665/a2183536z10-k.htm"
    },
    {
        "date": "2007-09-30",
        "symbol": "LTC",
        "reportedCurrency": "USD",
        "cik": "0000887905",
        "fillingDate": "2007-11-02",
        "acceptedDate": "2007-11-02 15:49:56",
        "calendarYear": "2007",
        "period": "Q3",
        "revenue": 18246000,
        "costOfRevenue": 0,
        "grossProfit": 0,
        "grossProfitRatio": 0,
        "researchAndDevelopmentExpenses": 0,
        "generalAndAdministrativeExpenses": 0,
        "sellingAndMarketingExpenses": 0,
        "sellingGeneralAndAdministrativeExpenses": 0,
        "otherExpenses": 6726000,
        "operatingExpenses": 6726000,
        "costAndExpenses": 6726000,
        "interestIncome": 0,
        "interestExpense": 0,
        "depreciationAndAmortization": 3605000,
        "ebitda": 15125000,
        "ebitdaratio": 0.8289488107,
        "operatingIncome": 11520000,
        "operatingIncomeRatio": 0.6313712595,
        "totalOtherIncomeExpensesNet": -11520000,
        "incomeBeforeTax": 0,
        "incomeBeforeTaxRatio": 0,
        "incomeTaxExpense": 0,
        "netIncome": 11421000,
        "netIncomeRatio": 0.6259454127,
        "eps": 0.31,
        "epsdiluted": 0.31,
        "weightedAverageShsOut": 23105000,
        "weightedAverageShsOutDil": 23105000,
        "link": "https://www.sec.gov/Archives/edgar/data/887905/000110465907079289/0001104659-07-079289-index.htm",
        "finalLink": "https://www.sec.gov/Archives/edgar/data/887905/000110465907079289/a07-25650_110q.htm"
    },
    {
        "date": "2007-06-30",
        "symbol": "LTC",
        "reportedCurrency": "USD",
        "cik": "0000887905",
        "fillingDate": "2007-08-08",
        "acceptedDate": "2007-08-08 14:08:44",
        "calendarYear": "2007",
        "period": "Q2",
        "revenue": 19793000,
        "costOfRevenue": 0,
        "grossProfit": 0,
        "grossProfitRatio": 0,
        "researchAndDevelopmentExpenses": 0,
        "generalAndAdministrativeExpenses": 0,
        "sellingAndMarketingExpenses": 0,
        "sellingGeneralAndAdministrativeExpenses": 0,
        "otherExpenses": 6851000,
        "operatingExpenses": 6851000,
        "costAndExpenses": 6851000,
        "interestIncome": 0,
        "interestExpense": 0,
        "depreciationAndAmortization": 3562000,
        "ebitda": 16504000,
        "ebitdaratio": 0.833830142,
        "operatingIncome": 12942000,
        "operatingIncomeRatio": 0.6538675289,
        "totalOtherIncomeExpensesNet": -12942000,
        "incomeBeforeTax": 0,
        "incomeBeforeTaxRatio": 0,
        "incomeTaxExpense": 0,
        "netIncome": 12843000,
        "netIncomeRatio": 0.6488657606,
        "eps": 0.37,
        "epsdiluted": 0.36,
        "weightedAverageShsOut": 23529000,
        "weightedAverageShsOutDil": 23913889,
        "link": "https://www.sec.gov/Archives/edgar/data/887905/000110465907060131/0001104659-07-060131-index.htm",
        "finalLink": "https://www.sec.gov/Archives/edgar/data/887905/000110465907060131/a07-18964_110q.htm"
    },
    {
        "date": "2007-03-31",
        "symbol": "LTC",
        "reportedCurrency": "USD",
        "cik": "0000887905",
        "fillingDate": "2007-05-09",
        "acceptedDate": "2007-05-09 13:23:22",
        "calendarYear": "2007",
        "period": "Q1",
        "revenue": 18729000,
        "costOfRevenue": 0,
        "grossProfit": 0,
        "grossProfitRatio": 0,
        "researchAndDevelopmentExpenses": 0,
        "generalAndAdministrativeExpenses": 0,
        "sellingAndMarketingExpenses": 0,
        "sellingGeneralAndAdministrativeExpenses": 0,
        "otherExpenses": 5146000,
        "operatingExpenses": 5146000,
        "costAndExpenses": 5146000,
        "interestIncome": 0,
        "interestExpense": 0,
        "depreciationAndAmortization": 3541000,
        "ebitda": 17124000,
        "ebitdaratio": 0.9143040205,
        "operatingIncome": 13583000,
        "operatingIncomeRatio": 0.7252389343,
        "totalOtherIncomeExpensesNet": -13583000,
        "incomeBeforeTax": 0,
        "incomeBeforeTaxRatio": 0,
        "incomeTaxExpense": 0,
        "netIncome": 12385000,
        "netIncomeRatio": 0.6612739602,
        "eps": 0.35,
        "epsdiluted": 0.35,
        "weightedAverageShsOut": 23480000,
        "weightedAverageShsOutDil": 23480000,
        "link": "https://www.sec.gov/Archives/edgar/data/887905/000110465907037422/0001104659-07-037422-index.htm",
        "finalLink": "https://www.sec.gov/Archives/edgar/data/887905/000110465907037422/a07-10939_110q.htm"
    },
    {
        "date": "2006-12-31",
        "symbol": "LTC",
        "reportedCurrency": "USD",
        "cik": "0000887905",
        "fillingDate": "2007-02-22",
        "acceptedDate": "2007-02-22 16:09:11",
        "calendarYear": "2006",
        "period": "Q4",
        "revenue": 18375000,
        "costOfRevenue": 0,
        "grossProfit": 0,
        "grossProfitRatio": 0,
        "researchAndDevelopmentExpenses": 0,
        "generalAndAdministrativeExpenses": 0,
        "sellingAndMarketingExpenses": 0,
        "sellingGeneralAndAdministrativeExpenses": 0,
        "otherExpenses": 5241000,
        "operatingExpenses": 5241000,
        "costAndExpenses": 5241000,
        "interestIncome": 0,
        "interestExpense": 0,
        "depreciationAndAmortization": 3504000,
        "ebitda": 16638000,
        "ebitdaratio": 0.9054693878,
        "operatingIncome": 13134000,
        "operatingIncomeRatio": 0.7147755102,
        "totalOtherIncomeExpensesNet": -13134000,
        "incomeBeforeTax": 0,
        "incomeBeforeTaxRatio": 0,
        "incomeTaxExpense": 0,
        "netIncome": 11948000,
        "netIncomeRatio": 0.6502312925,
        "eps": 0.51,
        "epsdiluted": 0.51,
        "weightedAverageShsOut": 23480000,
        "weightedAverageShsOutDil": 23480000,
        "link": "https://www.sec.gov/Archives/edgar/data/887905/000110465907013131/0001104659-07-013131-index.htm",
        "finalLink": "https://www.sec.gov/Archives/edgar/data/887905/000110465907013131/a07-3039_110k.htm"
    },
    {
        "date": "2006-09-30",
        "symbol": "LTC",
        "reportedCurrency": "USD",
        "cik": "0000887905",
        "fillingDate": "2006-11-02",
        "acceptedDate": "2006-11-02 15:01:02",
        "calendarYear": "2006",
        "period": "Q3",
        "revenue": 18131000,
        "costOfRevenue": 0,
        "grossProfit": 0,
        "grossProfitRatio": 0,
        "researchAndDevelopmentExpenses": 0,
        "generalAndAdministrativeExpenses": 0,
        "sellingAndMarketingExpenses": 0,
        "sellingGeneralAndAdministrativeExpenses": 0,
        "otherExpenses": 5831000,
        "operatingExpenses": 5831000,
        "costAndExpenses": 5831000,
        "interestIncome": 0,
        "interestExpense": 0,
        "depreciationAndAmortization": 3524000,
        "ebitda": 15824000,
        "ebitdaratio": 0.8727593624,
        "operatingIncome": 12300000,
        "operatingIncomeRatio": 0.6783961171,
        "totalOtherIncomeExpensesNet": -12300000,
        "incomeBeforeTax": 0,
        "incomeBeforeTaxRatio": 0,
        "incomeTaxExpense": 0,
        "netIncome": 11110000,
        "netIncomeRatio": 0.6127626717,
        "eps": 0.29,
        "epsdiluted": 0.29,
        "weightedAverageShsOut": 23319000,
        "weightedAverageShsOutDil": 23319000,
        "link": "https://www.sec.gov/Archives/edgar/data/887905/000110465906070672/0001104659-06-070672-index.htm",
        "finalLink": "https://www.sec.gov/Archives/edgar/data/887905/000110465906070672/a06-21809_110q.htm"
    },
    {
        "date": "2006-06-30",
        "symbol": "LTC",
        "reportedCurrency": "USD",
        "cik": "0000887905",
        "fillingDate": "2006-08-02",
        "acceptedDate": "2006-08-02 13:19:53",
        "calendarYear": "2006",
        "period": "Q2",
        "revenue": 18646000,
        "costOfRevenue": 0,
        "grossProfit": 0,
        "grossProfitRatio": 0,
        "researchAndDevelopmentExpenses": 0,
        "generalAndAdministrativeExpenses": 0,
        "sellingAndMarketingExpenses": 0,
        "sellingGeneralAndAdministrativeExpenses": 0,
        "otherExpenses": 4913000,
        "operatingExpenses": 4913000,
        "costAndExpenses": 4913000,
        "interestIncome": 0,
        "interestExpense": 0,
        "depreciationAndAmortization": 3431000,
        "ebitda": 17164000,
        "ebitdaratio": 0.9205191462,
        "operatingIncome": 13733000,
        "operatingIncomeRatio": 0.7365118524,
        "totalOtherIncomeExpensesNet": -13733000,
        "incomeBeforeTax": 0,
        "incomeBeforeTaxRatio": 0,
        "incomeTaxExpense": 0,
        "netIncome": 11989000,
        "netIncomeRatio": 0.6429797276,
        "eps": 0.33,
        "epsdiluted": 0.33,
        "weightedAverageShsOut": 23339000,
        "weightedAverageShsOutDil": 23339000,
        "link": "https://www.sec.gov/Archives/edgar/data/887905/000110465906050619/0001104659-06-050619-index.htm",
        "finalLink": "https://www.sec.gov/Archives/edgar/data/887905/000110465906050619/a06-15482_110q.htm"
    },
    {
        "date": "2006-03-31",
        "symbol": "LTC",
        "reportedCurrency": "USD",
        "cik": "0000887905",
        "fillingDate": "2006-04-28",
        "acceptedDate": "2006-04-28 16:20:52",
        "calendarYear": "2006",
        "period": "Q1",
        "revenue": 18034000,
        "costOfRevenue": 0,
        "grossProfit": 0,
        "grossProfitRatio": 0,
        "researchAndDevelopmentExpenses": 0,
        "generalAndAdministrativeExpenses": 0,
        "sellingAndMarketingExpenses": 0,
        "sellingGeneralAndAdministrativeExpenses": 0,
        "otherExpenses": 4840000,
        "operatingExpenses": 4840000,
        "costAndExpenses": 4840000,
        "interestIncome": 0,
        "interestExpense": 0,
        "depreciationAndAmortization": 3485000,
        "ebitda": 16679000,
        "ebitdaratio": 0.9248641455,
        "operatingIncome": 13194000,
        "operatingIncomeRatio": 0.7316180548,
        "totalOtherIncomeExpensesNet": -13194000,
        "incomeBeforeTax": 0,
        "incomeBeforeTaxRatio": 0,
        "incomeTaxExpense": 0,
        "netIncome": 43741000,
        "netIncomeRatio": 2.4254741045,
        "eps": 1.69,
        "epsdiluted": 1.55,
        "weightedAverageShsOut": 23290000,
        "weightedAverageShsOutDil": 25440000,
        "link": "https://www.sec.gov/Archives/edgar/data/887905/000110465906029005/0001104659-06-029005-index.htm",
        "finalLink": "https://www.sec.gov/Archives/edgar/data/887905/000110465906029005/a06-9600_110q.htm"
    },
    {
        "date": "2005-12-31",
        "symbol": "LTC",
        "reportedCurrency": "USD",
        "cik": "0000887905",
        "fillingDate": "2006-02-23",
        "acceptedDate": "2006-02-23 14:16:17",
        "calendarYear": "2005",
        "period": "Q4",
        "revenue": 14974000,
        "costOfRevenue": 0,
        "grossProfit": 0,
        "grossProfitRatio": 0,
        "researchAndDevelopmentExpenses": 0,
        "generalAndAdministrativeExpenses": 0,
        "sellingAndMarketingExpenses": 0,
        "sellingGeneralAndAdministrativeExpenses": 0,
        "otherExpenses": 4856000,
        "operatingExpenses": 4856000,
        "costAndExpenses": 4856000,
        "interestIncome": 0,
        "interestExpense": 0,
        "depreciationAndAmortization": 3615000,
        "ebitda": 19950000,
        "ebitdaratio": 1.3323093362,
        "operatingIncome": 10118000,
        "operatingIncomeRatio": 0.6757045546,
        "totalOtherIncomeExpensesNet": -10118000,
        "incomeBeforeTax": 0,
        "incomeBeforeTaxRatio": 0,
        "incomeTaxExpense": 0,
        "netIncome": 10814000,
        "netIncomeRatio": 0.7221851209,
        "eps": 0.46,
        "epsdiluted": 0.46,
        "weightedAverageShsOut": 23228000,
        "weightedAverageShsOutDil": 23290000,
        "link": "https://www.sec.gov/Archives/edgar/data/887905/000104746906002341/0001047469-06-002341-index.htm",
        "finalLink": "https://www.sec.gov/Archives/edgar/data/887905/000104746906002341/a2167729z10-k.htm"
    },
    {
        "date": "2005-09-30",
        "symbol": "LTC",
        "reportedCurrency": "USD",
        "cik": "0000887905",
        "fillingDate": "2005-11-01",
        "acceptedDate": "2005-11-01 09:31:36",
        "calendarYear": "2005",
        "period": "Q3",
        "revenue": 16966000,
        "costOfRevenue": 0,
        "grossProfit": 0,
        "grossProfitRatio": 0,
        "researchAndDevelopmentExpenses": 0,
        "generalAndAdministrativeExpenses": 0,
        "sellingAndMarketingExpenses": 0,
        "sellingGeneralAndAdministrativeExpenses": 0,
        "otherExpenses": 4550000,
        "operatingExpenses": 4550000,
        "costAndExpenses": 4550000,
        "interestIncome": 0,
        "interestExpense": 0,
        "depreciationAndAmortization": 3513000,
        "ebitda": 15929000,
        "ebitdaratio": 0.9388777555,
        "operatingIncome": 12416000,
        "operatingIncomeRatio": 0.7318165743,
        "totalOtherIncomeExpensesNet": -12416000,
        "incomeBeforeTax": 0,
        "incomeBeforeTaxRatio": 0,
        "incomeTaxExpense": 0,
        "netIncome": 10257000,
        "netIncomeRatio": 0.6045620653,
        "eps": 0.26,
        "epsdiluted": 0.26,
        "weightedAverageShsOut": 22951000,
        "weightedAverageShsOutDil": 22951000,
        "link": "https://www.sec.gov/Archives/edgar/data/887905/000110465905051392/0001104659-05-051392-index.htm",
        "finalLink": "https://www.sec.gov/Archives/edgar/data/887905/000110465905051392/a05-18344_110q.htm"
    },
    {
        "date": "2005-06-30",
        "symbol": "LTC",
        "reportedCurrency": "USD",
        "cik": "0000887905",
        "fillingDate": "2005-08-03",
        "acceptedDate": "2005-08-03 09:30:44",
        "calendarYear": "2005",
        "period": "Q2",
        "revenue": 15926000,
        "costOfRevenue": 0,
        "grossProfit": 0,
        "grossProfitRatio": 0,
        "researchAndDevelopmentExpenses": 0,
        "generalAndAdministrativeExpenses": 0,
        "sellingAndMarketingExpenses": 0,
        "sellingGeneralAndAdministrativeExpenses": 0,
        "otherExpenses": 4354000,
        "operatingExpenses": 4354000,
        "costAndExpenses": 4354000,
        "interestIncome": 0,
        "interestExpense": 0,
        "depreciationAndAmortization": 3317000,
        "ebitda": 14889000,
        "ebitdaratio": 0.9348863494,
        "operatingIncome": 11572000,
        "operatingIncomeRatio": 0.7266105739,
        "totalOtherIncomeExpensesNet": -11572000,
        "incomeBeforeTax": 0,
        "incomeBeforeTaxRatio": 0,
        "incomeTaxExpense": 0,
        "netIncome": 10134000,
        "netIncomeRatio": 0.6363179706,
        "eps": 0.27,
        "epsdiluted": 0.27,
        "weightedAverageShsOut": 21614000,
        "weightedAverageShsOutDil": 21614000,
        "link": "https://www.sec.gov/Archives/edgar/data/887905/000110465905035879/0001104659-05-035879-index.htm",
        "finalLink": "https://www.sec.gov/Archives/edgar/data/887905/000110465905035879/a05-13083_110q.htm"
    },
    {
        "date": "2005-03-31",
        "symbol": "LTC",
        "reportedCurrency": "USD",
        "cik": "0000887905",
        "fillingDate": "2005-05-06",
        "acceptedDate": "2005-05-06 15:21:20",
        "calendarYear": "2005",
        "period": "Q1",
        "revenue": 21775000,
        "costOfRevenue": 0,
        "grossProfit": 0,
        "grossProfitRatio": 0,
        "researchAndDevelopmentExpenses": 0,
        "generalAndAdministrativeExpenses": 0,
        "sellingAndMarketingExpenses": 0,
        "sellingGeneralAndAdministrativeExpenses": 0,
        "otherExpenses": 5010000,
        "operatingExpenses": 5010000,
        "costAndExpenses": 5010000,
        "interestIncome": 0,
        "interestExpense": 0,
        "depreciationAndAmortization": 3253000,
        "ebitda": 20018000,
        "ebitdaratio": 0.9193111366,
        "operatingIncome": 16765000,
        "operatingIncomeRatio": 0.7699196326,
        "totalOtherIncomeExpensesNet": -16765000,
        "incomeBeforeTax": 0,
        "incomeBeforeTaxRatio": 0,
        "incomeTaxExpense": 0,
        "netIncome": 21504000,
        "netIncomeRatio": 0.987554535,
        "eps": 0.8,
        "epsdiluted": 0.74,
        "weightedAverageShsOut": 21491000,
        "weightedAverageShsOutDil": 23185135,
        "link": "https://www.sec.gov/Archives/edgar/data/887905/000110465905021172/0001104659-05-021172-index.htm",
        "finalLink": "https://www.sec.gov/Archives/edgar/data/887905/000110465905021172/a05-8798_110q.htm"
    },
    {
        "date": "2004-12-31",
        "symbol": "LTC",
        "reportedCurrency": "USD",
        "cik": "0000887905",
        "fillingDate": "2005-02-28",
        "acceptedDate": "2005-02-28 13:35:11",
        "calendarYear": "2004",
        "period": "Q4",
        "revenue": 16326000,
        "costOfRevenue": 0,
        "grossProfit": 0,
        "grossProfitRatio": 0,
        "researchAndDevelopmentExpenses": 0,
        "generalAndAdministrativeExpenses": 0,
        "sellingAndMarketingExpenses": 0,
        "sellingGeneralAndAdministrativeExpenses": 0,
        "otherExpenses": 4672000,
        "operatingExpenses": 4672000,
        "costAndExpenses": 4672000,
        "interestIncome": 0,
        "interestExpense": 0,
        "depreciationAndAmortization": 3228000,
        "ebitda": 15156000,
        "ebitdaratio": 0.9283351709,
        "operatingIncome": 11654000,
        "operatingIncomeRatio": 0.7138306995,
        "totalOtherIncomeExpensesNet": -11654000,
        "incomeBeforeTax": 0,
        "incomeBeforeTaxRatio": 0,
        "incomeTaxExpense": 0,
        "netIncome": 9176000,
        "netIncomeRatio": 0.5620482666,
        "eps": 0.43,
        "epsdiluted": 0.43,
        "weightedAverageShsOut": 20814662,
        "weightedAverageShsOutDil": 21491000,
        "link": "https://www.sec.gov/Archives/edgar/data/887905/000104746905004951/0001047469-05-004951-index.htm",
        "finalLink": "https://www.sec.gov/Archives/edgar/data/887905/000104746905004951/a2152538z10-k.htm"
    },
    {
        "date": "2004-09-30",
        "symbol": "LTC",
        "reportedCurrency": "USD",
        "cik": "0000887905",
        "fillingDate": "2004-11-03",
        "acceptedDate": "2004-11-03 15:00:05",
        "calendarYear": "2004",
        "period": "Q3",
        "revenue": 17143000,
        "costOfRevenue": 0,
        "grossProfit": 0,
        "grossProfitRatio": 0,
        "researchAndDevelopmentExpenses": 0,
        "generalAndAdministrativeExpenses": 0,
        "sellingAndMarketingExpenses": 0,
        "sellingGeneralAndAdministrativeExpenses": 0,
        "otherExpenses": 4688000,
        "operatingExpenses": 4688000,
        "costAndExpenses": 4688000,
        "interestIncome": 0,
        "interestExpense": 0,
        "depreciationAndAmortization": 3270000,
        "ebitda": 15725000,
        "ebitdaratio": 0.9172840226,
        "operatingIncome": 12455000,
        "operatingIncomeRatio": 0.7265356122,
        "totalOtherIncomeExpensesNet": -12455000,
        "incomeBeforeTax": 0,
        "incomeBeforeTaxRatio": 0,
        "incomeTaxExpense": 0,
        "netIncome": 9288000,
        "netIncomeRatio": 0.541795485,
        "eps": 0.25,
        "epsdiluted": 0.24,
        "weightedAverageShsOut": 19960000,
        "weightedAverageShsOutDil": 20395833,
        "link": "https://www.sec.gov/Archives/edgar/data/887905/000110465904033263/0001104659-04-033263-index.htm",
        "finalLink": "https://www.sec.gov/Archives/edgar/data/887905/000110465904033263/a04-11547_110q.htm"
    },
    {
        "date": "2004-06-30",
        "symbol": "LTC",
        "reportedCurrency": "USD",
        "cik": "0000887905",
        "fillingDate": "2004-08-05",
        "acceptedDate": "2004-08-05 13:56:12",
        "calendarYear": "2004",
        "period": "Q2",
        "revenue": 16603000,
        "costOfRevenue": 0,
        "grossProfit": 0,
        "grossProfitRatio": 0,
        "researchAndDevelopmentExpenses": 0,
        "generalAndAdministrativeExpenses": 0,
        "sellingAndMarketingExpenses": 0,
        "sellingGeneralAndAdministrativeExpenses": 0,
        "otherExpenses": 4783000,
        "operatingExpenses": 4783000,
        "costAndExpenses": 4783000,
        "interestIncome": 0,
        "interestExpense": 0,
        "depreciationAndAmortization": 3250000,
        "ebitda": 15070000,
        "ebitdaratio": 0.907667289,
        "operatingIncome": 11820000,
        "operatingIncomeRatio": 0.7119195326,
        "totalOtherIncomeExpensesNet": -11820000,
        "incomeBeforeTax": 0,
        "incomeBeforeTaxRatio": 0,
        "incomeTaxExpense": 0,
        "netIncome": 8023000,
        "netIncomeRatio": 0.483225923,
        "eps": 0.23,
        "epsdiluted": 0.23,
        "weightedAverageShsOut": 19165000,
        "weightedAverageShsOutDil": 19165000,
        "link": "https://www.sec.gov/Archives/edgar/data/887905/000110465904022608/0001104659-04-022608-index.htm",
        "finalLink": "https://www.sec.gov/Archives/edgar/data/887905/000110465904022608/a04-8750_110q.htm"
    },
    {
        "date": "2004-03-31",
        "symbol": "LTC",
        "reportedCurrency": "USD",
        "cik": "0000887905",
        "fillingDate": "2004-05-07",
        "acceptedDate": "2004-05-07 17:25:03",
        "calendarYear": "2004",
        "period": "Q1",
        "revenue": 16846000,
        "costOfRevenue": 0,
        "grossProfit": 0,
        "grossProfitRatio": 0,
        "researchAndDevelopmentExpenses": 0,
        "generalAndAdministrativeExpenses": 0,
        "sellingAndMarketingExpenses": 0,
        "sellingGeneralAndAdministrativeExpenses": 0,
        "otherExpenses": 4404000,
        "operatingExpenses": 4404000,
        "costAndExpenses": 4404000,
        "interestIncome": 0,
        "interestExpense": 0,
        "depreciationAndAmortization": 3179000,
        "ebitda": 15621000,
        "ebitdaratio": 0.9272824409,
        "operatingIncome": 12442000,
        "operatingIncomeRatio": 0.738572955,
        "totalOtherIncomeExpensesNet": -12442000,
        "incomeBeforeTax": 0,
        "incomeBeforeTaxRatio": 0,
        "incomeTaxExpense": 0,
        "netIncome": 9901000,
        "netIncomeRatio": 0.5877359611,
        "eps": 0.05,
        "epsdiluted": 0.05,
        "weightedAverageShsOut": 17986000,
        "weightedAverageShsOutDil": 17986000,
        "link": "https://www.sec.gov/Archives/edgar/data/887905/000095014804000915/0000950148-04-000915-index.htm",
        "finalLink": "https://www.sec.gov/Archives/edgar/data/887905/000095014804000915/v98528e10vq.htm"
    },
    {
        "date": "2003-12-31",
        "symbol": "LTC",
        "reportedCurrency": "USD",
        "cik": "0000887905",
        "fillingDate": "2004-03-12",
        "acceptedDate": "2004-03-12 17:16:36",
        "calendarYear": "2003",
        "period": "Q4",
        "revenue": 15326000,
        "costOfRevenue": 0,
        "grossProfit": 0,
        "grossProfitRatio": 0,
        "researchAndDevelopmentExpenses": 0,
        "generalAndAdministrativeExpenses": 0,
        "sellingAndMarketingExpenses": 0,
        "sellingGeneralAndAdministrativeExpenses": 0,
        "otherExpenses": 5102000,
        "operatingExpenses": 5102000,
        "costAndExpenses": 5102000,
        "interestIncome": 0,
        "interestExpense": 0,
        "depreciationAndAmortization": 2025000,
        "ebitda": 11848000,
        "ebitdaratio": 0.7730653791,
        "operatingIncome": 10224000,
        "operatingIncomeRatio": 0.6671016573,
        "totalOtherIncomeExpensesNet": -10224000,
        "incomeBeforeTax": 0,
        "incomeBeforeTaxRatio": 0,
        "incomeTaxExpense": 0,
        "netIncome": 8002000,
        "netIncomeRatio": 0.5221192744,
        "eps": 0.43,
        "epsdiluted": 0.43,
        "weightedAverageShsOut": 18481222,
        "weightedAverageShsOutDil": 18520000,
        "link": "https://www.sec.gov/Archives/edgar/data/887905/000095014804000569/0000950148-04-000569-index.htm",
        "finalLink": "https://www.sec.gov/Archives/edgar/data/887905/000095014804000569/v97201e10vk.htm"
    },
    {
        "date": "2003-09-30",
        "symbol": "LTC",
        "reportedCurrency": "USD",
        "cik": "0000887905",
        "fillingDate": "2003-11-13",
        "acceptedDate": "2003-11-13 08:00:33",
        "calendarYear": "2003",
        "period": "Q3",
        "revenue": 15890000,
        "costOfRevenue": 0,
        "grossProfit": 0,
        "grossProfitRatio": 0,
        "researchAndDevelopmentExpenses": 0,
        "generalAndAdministrativeExpenses": 0,
        "sellingAndMarketingExpenses": 0,
        "sellingGeneralAndAdministrativeExpenses": 0,
        "otherExpenses": 4677000,
        "operatingExpenses": 4677000,
        "costAndExpenses": 4677000,
        "interestIncome": 0,
        "interestExpense": 0,
        "depreciationAndAmortization": 4466000,
        "ebitda": 15679000,
        "ebitdaratio": 0.9867212083,
        "operatingIncome": 11213000,
        "operatingIncomeRatio": 0.7056639396,
        "totalOtherIncomeExpensesNet": -11213000,
        "incomeBeforeTax": 0,
        "incomeBeforeTaxRatio": 0,
        "incomeTaxExpense": 0,
        "netIncome": 6053000,
        "netIncomeRatio": 0.3809314034,
        "eps": 0.12,
        "epsdiluted": 0.12,
        "weightedAverageShsOut": 17803000,
        "weightedAverageShsOutDil": 17803000,
        "link": "https://www.sec.gov/Archives/edgar/data/887905/000089256903002588/0000892569-03-002588-index.htm",
        "finalLink": "https://www.sec.gov/Archives/edgar/data/887905/000089256903002588/v94202e10vq.htm"
    },
    {
        "date": "2003-06-30",
        "symbol": "LTC",
        "reportedCurrency": "USD",
        "cik": "0000887905",
        "fillingDate": "2003-08-13",
        "acceptedDate": "2003-08-13 15:02:04",
        "calendarYear": "2003",
        "period": "Q2",
        "revenue": 15751000,
        "costOfRevenue": 0,
        "grossProfit": 0,
        "grossProfitRatio": 0,
        "researchAndDevelopmentExpenses": 0,
        "generalAndAdministrativeExpenses": 0,
        "sellingAndMarketingExpenses": 0,
        "sellingGeneralAndAdministrativeExpenses": 0,
        "otherExpenses": 4780000,
        "operatingExpenses": 4780000,
        "costAndExpenses": 4780000,
        "interestIncome": 0,
        "interestExpense": 0,
        "depreciationAndAmortization": 3275000,
        "ebitda": 14246000,
        "ebitdaratio": 0.9044505111,
        "operatingIncome": 10971000,
        "operatingIncomeRatio": 0.6965272046,
        "totalOtherIncomeExpensesNet": -10971000,
        "incomeBeforeTax": 0,
        "incomeBeforeTaxRatio": 0,
        "incomeTaxExpense": 0,
        "netIncome": 6380000,
        "netIncomeRatio": 0.4050536474,
        "eps": 0.15,
        "epsdiluted": 0.15,
        "weightedAverageShsOut": 17493333,
        "weightedAverageShsOutDil": 17493333,
        "link": "https://www.sec.gov/Archives/edgar/data/887905/000119312503035786/0001193125-03-035786-index.htm",
        "finalLink": "https://www.sec.gov/Archives/edgar/data/887905/000119312503035786/d10q.htm"
    },
    {
        "date": "2003-03-31",
        "symbol": "LTC",
        "reportedCurrency": "USD",
        "cik": "0000887905",
        "fillingDate": "2003-05-13",
        "acceptedDate": "2003-05-13 16:54:51",
        "calendarYear": "2003",
        "period": "Q1",
        "revenue": 15860000,
        "costOfRevenue": 0,
        "grossProfit": 0,
        "grossProfitRatio": 0,
        "researchAndDevelopmentExpenses": 0,
        "generalAndAdministrativeExpenses": 0,
        "sellingAndMarketingExpenses": 0,
        "sellingGeneralAndAdministrativeExpenses": 0,
        "otherExpenses": 6511000,
        "operatingExpenses": 6511000,
        "costAndExpenses": 6511000,
        "interestIncome": 0,
        "interestExpense": 0,
        "depreciationAndAmortization": 3232000,
        "ebitda": 13841000,
        "ebitdaratio": 0.8726986129,
        "operatingIncome": 9349000,
        "operatingIncomeRatio": 0.5894703657,
        "totalOtherIncomeExpensesNet": -9349000,
        "incomeBeforeTax": 0,
        "incomeBeforeTaxRatio": 0,
        "incomeTaxExpense": 0,
        "netIncome": 3884000,
        "netIncomeRatio": 0.2448928121,
        "eps": 0.01,
        "epsdiluted": 0.01,
        "weightedAverageShsOut": 17898122,
        "weightedAverageShsOutDil": 17898122,
        "link": "https://www.sec.gov/Archives/edgar/data/887905/000089843003002895/0000898430-03-002895-index.htm",
        "finalLink": "https://www.sec.gov/Archives/edgar/data/887905/000089843003002895/d10q.htm"
    },
    {
        "date": "2002-12-31",
        "symbol": "LTC",
        "reportedCurrency": "USD",
        "cik": "0000887905",
        "fillingDate": "2003-03-31",
        "acceptedDate": "2003-03-31 16:26:08",
        "calendarYear": "2002",
        "period": "Q4",
        "revenue": 16758000,
        "costOfRevenue": 0,
        "grossProfit": 0,
        "grossProfitRatio": 0,
        "researchAndDevelopmentExpenses": 0,
        "generalAndAdministrativeExpenses": 0,
        "sellingAndMarketingExpenses": 0,
        "sellingGeneralAndAdministrativeExpenses": 0,
        "otherExpenses": 5266000,
        "operatingExpenses": 5266000,
        "costAndExpenses": 5266000,
        "interestIncome": 0,
        "interestExpense": 0,
        "depreciationAndAmortization": 3462000,
        "ebitda": 14954000,
        "ebitdaratio": 0.8923499224,
        "operatingIncome": 11492000,
        "operatingIncomeRatio": 0.6857620241,
        "totalOtherIncomeExpensesNet": -11492000,
        "incomeBeforeTax": 0,
        "incomeBeforeTaxRatio": 0,
        "incomeTaxExpense": 0,
        "netIncome": 4706000,
        "netIncomeRatio": 0.2808211004,
        "eps": 0.26,
        "epsdiluted": 0.26,
        "weightedAverageShsOut": 17898122,
        "weightedAverageShsOutDil": 17898122,
        "link": "https://www.sec.gov/Archives/edgar/data/887905/000089843003002262/0000898430-03-002262-index.htm",
        "finalLink": "https://www.sec.gov/Archives/edgar/data/887905/000089843003002262/d10k.htm"
    },
    {
        "date": "2002-09-30",
        "symbol": "LTC",
        "reportedCurrency": "USD",
        "cik": "0000887905",
        "fillingDate": "2002-11-14",
        "acceptedDate": "2002-11-14 18:08:10",
        "calendarYear": "2002",
        "period": "Q3",
        "revenue": 17732000,
        "costOfRevenue": 0,
        "grossProfit": 0,
        "grossProfitRatio": 0,
        "researchAndDevelopmentExpenses": 0,
        "generalAndAdministrativeExpenses": 0,
        "sellingAndMarketingExpenses": 0,
        "sellingGeneralAndAdministrativeExpenses": 0,
        "otherExpenses": 6434000,
        "operatingExpenses": 6434000,
        "costAndExpenses": 6434000,
        "interestIncome": 0,
        "interestExpense": 0,
        "depreciationAndAmortization": -1328000,
        "ebitda": 14833000,
        "ebitdaratio": 0.8365102639,
        "operatingIncome": 11298000,
        "operatingIncomeRatio": 0.6371531694,
        "totalOtherIncomeExpensesNet": -11298000,
        "incomeBeforeTax": 0,
        "incomeBeforeTaxRatio": 0,
        "incomeTaxExpense": 0,
        "netIncome": 6554000,
        "netIncomeRatio": 0.3696142567,
        "eps": 0.15,
        "epsdiluted": 0.15,
        "weightedAverageShsOut": 18613333,
        "weightedAverageShsOutDil": 18613333,
        "link": "https://www.sec.gov/Archives/edgar/data/887905/000089843002004215/0000898430-02-004215-index.htm",
        "finalLink": "https://www.sec.gov/Archives/edgar/data/887905/000089843002004215/d10q.htm"
    },
    {
        "date": "2002-06-30",
        "symbol": "LTC",
        "reportedCurrency": "USD",
        "cik": "0000887905",
        "fillingDate": "2002-08-14",
        "acceptedDate": "2002-08-13 21:11:29",
        "calendarYear": "2002",
        "period": "Q2",
        "revenue": 17240000,
        "costOfRevenue": 0,
        "grossProfit": 0,
        "grossProfitRatio": 0,
        "researchAndDevelopmentExpenses": 0,
        "generalAndAdministrativeExpenses": 0,
        "sellingAndMarketingExpenses": 0,
        "sellingGeneralAndAdministrativeExpenses": 0,
        "otherExpenses": 16070000,
        "operatingExpenses": 16070000,
        "costAndExpenses": 16070000,
        "interestIncome": 0,
        "interestExpense": 0,
        "depreciationAndAmortization": 8553000,
        "ebitda": 9723000,
        "ebitdaratio": 0.5639791183,
        "operatingIncome": 1170000,
        "operatingIncomeRatio": 0.0678654292,
        "totalOtherIncomeExpensesNet": -1170000,
        "incomeBeforeTax": 0,
        "incomeBeforeTaxRatio": 0,
        "incomeTaxExpense": 0,
        "netIncome": 14362000,
        "netIncomeRatio": 0.833062645,
        "eps": 0.58,
        "epsdiluted": 0.55,
        "weightedAverageShsOut": 18277586,
        "weightedAverageShsOutDil": 19274545,
        "link": "https://www.sec.gov/Archives/edgar/data/887905/000089843002003064/0000898430-02-003064-index.htm",
        "finalLink": "https://www.sec.gov/Archives/edgar/data/887905/000089843002003064/d10q.htm"
    },
    {
        "date": "2002-03-31",
        "symbol": "LTC",
        "reportedCurrency": "USD",
        "cik": "0000887905",
        "fillingDate": "2002-05-14",
        "acceptedDate": "2002-05-13 20:46:31",
        "calendarYear": "2002",
        "period": "Q1",
        "revenue": 17239000,
        "costOfRevenue": 0,
        "grossProfit": 0,
        "grossProfitRatio": 0,
        "researchAndDevelopmentExpenses": 0,
        "generalAndAdministrativeExpenses": 0,
        "sellingAndMarketingExpenses": 0,
        "sellingGeneralAndAdministrativeExpenses": 0,
        "otherExpenses": 10986000,
        "operatingExpenses": 10986000,
        "costAndExpenses": 10986000,
        "interestIncome": 0,
        "interestExpense": 0,
        "depreciationAndAmortization": 3713000,
        "ebitda": 26165000,
        "ebitdaratio": 1.5177794536,
        "operatingIncome": 6253000,
        "operatingIncomeRatio": 0.3627240559,
        "totalOtherIncomeExpensesNet": -6253000,
        "incomeBeforeTax": 0,
        "incomeBeforeTaxRatio": 0,
        "incomeTaxExpense": 0,
        "netIncome": 6181000,
        "netIncomeRatio": 0.3585474796,
        "eps": 0.13,
        "epsdiluted": 0.13,
        "weightedAverageShsOut": 18393000,
        "weightedAverageShsOutDil": 18393000,
        "link": "https://www.sec.gov/Archives/edgar/data/887905/000089843002001894/0000898430-02-001894-index.htm",
        "finalLink": "https://www.sec.gov/Archives/edgar/data/887905/000089843002001894/d10q.htm"
    },
    {
        "date": "2001-12-31",
        "symbol": "LTC",
        "reportedCurrency": "USD",
        "cik": "0000887905",
        "fillingDate": "2002-03-20",
        "acceptedDate": "2002-03-20 00:00:00",
        "calendarYear": "2001",
        "period": "Q4",
        "revenue": 16696000,
        "costOfRevenue": 0,
        "grossProfit": 0,
        "grossProfitRatio": 0,
        "researchAndDevelopmentExpenses": 0,
        "generalAndAdministrativeExpenses": 0,
        "sellingAndMarketingExpenses": 0,
        "sellingGeneralAndAdministrativeExpenses": 0,
        "otherExpenses": 18100000,
        "operatingExpenses": 18100000,
        "costAndExpenses": 18100000,
        "interestIncome": 0,
        "interestExpense": 0,
        "depreciationAndAmortization": -19622000,
        "ebitda": 1840000,
        "ebitdaratio": 0.1102060374,
        "operatingIncome": -1404000,
        "operatingIncomeRatio": -0.0840919981,
        "totalOtherIncomeExpensesNet": 1404000,
        "incomeBeforeTax": 0,
        "incomeBeforeTaxRatio": 0,
        "incomeTaxExpense": 0,
        "netIncome": -1409000,
        "netIncomeRatio": -0.084391471,
        "eps": -0.0561,
        "epsdiluted": -0.0553,
        "weightedAverageShsOut": 25125490,
        "weightedAverageShsOutDil": 25500000,
        "link": "https://www.sec.gov/Archives/edgar/data/887905/000089843002000957/0000898430-02-000957-index.htm",
        "finalLink": "https://www.sec.gov/Archives/edgar/data/887905/000089843002000957/d10k405.htm"
    },
    {
        "date": "2001-09-30",
        "symbol": "LTC",
        "reportedCurrency": "USD",
        "cik": "0000887905",
        "fillingDate": "2001-11-14",
        "acceptedDate": "2001-11-14 00:00:00",
        "calendarYear": "2001",
        "period": "Q3",
        "revenue": 17057000,
        "costOfRevenue": 0,
        "grossProfit": 0,
        "grossProfitRatio": 0,
        "researchAndDevelopmentExpenses": 0,
        "generalAndAdministrativeExpenses": 0,
        "sellingAndMarketingExpenses": 0,
        "sellingGeneralAndAdministrativeExpenses": 0,
        "otherExpenses": 10711000,
        "operatingExpenses": 10711000,
        "costAndExpenses": 10711000,
        "interestIncome": 0,
        "interestExpense": 0,
        "depreciationAndAmortization": 3507000,
        "ebitda": 9853000,
        "ebitdaratio": 0.5776514041,
        "operatingIncome": 6346000,
        "operatingIncomeRatio": 0.3720466671,
        "totalOtherIncomeExpensesNet": -6346000,
        "incomeBeforeTax": 0,
        "incomeBeforeTaxRatio": 0,
        "incomeTaxExpense": 0,
        "netIncome": 6067000,
        "netIncomeRatio": 0.3556897461,
        "eps": 0.09,
        "epsdiluted": 0.09,
        "weightedAverageShsOut": 25500000,
        "weightedAverageShsOutDil": 25500000,
        "link": "https://www.sec.gov/Archives/edgar/data/887905/000091205701539309/0000912057-01-539309-index.htm",
        "finalLink": "https://www.sec.gov/Archives/edgar/data/887905/000091205701539309/a2063212z10-q.htm"
    },
    {
        "date": "2001-06-30",
        "symbol": "LTC",
        "reportedCurrency": "USD",
        "cik": "0000887905",
        "fillingDate": "2001-08-14",
        "acceptedDate": "2001-08-14 00:00:00",
        "calendarYear": "2001",
        "period": "Q2",
        "revenue": 18081000,
        "costOfRevenue": 0,
        "grossProfit": 0,
        "grossProfitRatio": 0,
        "researchAndDevelopmentExpenses": 0,
        "generalAndAdministrativeExpenses": 0,
        "sellingAndMarketingExpenses": 0,
        "sellingGeneralAndAdministrativeExpenses": 0,
        "otherExpenses": 29613000,
        "operatingExpenses": 29613000,
        "costAndExpenses": 29613000,
        "interestIncome": 0,
        "interestExpense": 0,
        "depreciationAndAmortization": 26242000,
        "ebitda": 14710000,
        "ebitdaratio": 0.8135611968,
        "operatingIncome": -11532000,
        "operatingIncomeRatio": -0.637796582,
        "totalOtherIncomeExpensesNet": 11532000,
        "incomeBeforeTax": 0,
        "incomeBeforeTaxRatio": 0,
        "incomeTaxExpense": 0,
        "netIncome": -11632000,
        "netIncomeRatio": -0.6433272496,
        "eps": -0.46,
        "epsdiluted": -0.46,
        "weightedAverageShsOut": 25250820,
        "weightedAverageShsOutDil": 25250820,
        "link": "https://www.sec.gov/Archives/edgar/data/887905/000091205701528264/0000912057-01-528264-index.htm",
        "finalLink": "https://www.sec.gov/Archives/edgar/data/887905/000091205701528264/a2054077z10-q.htm"
    },
    {
        "date": "2001-04-30",
        "symbol": "LTC",
        "reportedCurrency": "USD",
        "cik": "0000887905",
        "fillingDate": "2001-05-03",
        "acceptedDate": "2001-05-03 00:00:00",
        "calendarYear": "2001",
        "period": "Q1",
        "revenue": 18278000,
        "costOfRevenue": 0,
        "grossProfit": 0,
        "grossProfitRatio": 0,
        "researchAndDevelopmentExpenses": 0,
        "generalAndAdministrativeExpenses": 0,
        "sellingAndMarketingExpenses": 0,
        "sellingGeneralAndAdministrativeExpenses": 0,
        "otherExpenses": 16156000,
        "operatingExpenses": 16156000,
        "costAndExpenses": 16156000,
        "interestIncome": 0,
        "interestExpense": 0,
        "depreciationAndAmortization": 3739000,
        "ebitda": 11915000,
        "ebitdaratio": 0.6518765729,
        "operatingIncome": 2122000,
        "operatingIncomeRatio": 0.1160958529,
        "totalOtherIncomeExpensesNet": -2122000,
        "incomeBeforeTax": 0,
        "incomeBeforeTaxRatio": 0,
        "incomeTaxExpense": 0,
        "netIncome": 4066000,
        "netIncomeRatio": 0.2224532225,
        "eps": 0.01,
        "epsdiluted": 0.01,
        "weightedAverageShsOut": 29400000,
        "weightedAverageShsOutDil": 29400000,
        "link": "https://www.sec.gov/Archives/edgar/data/887905/000091205701512383/0000912057-01-512383-index.htm",
        "finalLink": "https://www.sec.gov/Archives/edgar/data/887905/000091205701512383/a2047208z10-q.htm"
    },
    {
        "date": "2000-12-31",
        "symbol": "LTC",
        "reportedCurrency": "USD",
        "cik": "0000887905",
        "fillingDate": "2001-02-22",
        "acceptedDate": "2001-02-22 00:00:00",
        "calendarYear": "2000",
        "period": "Q4",
        "revenue": 20371000,
        "costOfRevenue": 0,
        "grossProfit": 0,
        "grossProfitRatio": 0,
        "researchAndDevelopmentExpenses": 0,
        "generalAndAdministrativeExpenses": 0,
        "sellingAndMarketingExpenses": 0,
        "sellingGeneralAndAdministrativeExpenses": 0,
        "otherExpenses": 27270000,
        "operatingExpenses": 27270000,
        "costAndExpenses": 27270000,
        "interestIncome": 0,
        "interestExpense": 0,
        "depreciationAndAmortization": 3774000,
        "ebitda": -1854000,
        "ebitdaratio": -0.0910117324,
        "operatingIncome": -6899000,
        "operatingIncomeRatio": -0.3386677139,
        "totalOtherIncomeExpensesNet": 6899000,
        "incomeBeforeTax": 0,
        "incomeBeforeTaxRatio": 0,
        "incomeTaxExpense": 0,
        "netIncome": 820000,
        "netIncomeRatio": 0.0402533013,
        "eps": 0.0279,
        "epsdiluted": 0.0279,
        "weightedAverageShsOut": 29400000,
        "weightedAverageShsOutDil": 29400000,
        "link": "https://www.sec.gov/Archives/edgar/data/887905/000091205701006443/0000912057-01-006443-index.htm",
        "finalLink": "https://www.sec.gov/Archives/edgar/data/887905/000091205701006443/a2037634z10-k405.txt"
    },
    {
        "date": "2000-09-30",
        "symbol": "LTC",
        "reportedCurrency": "USD",
        "cik": "0000887905",
        "fillingDate": "2000-11-14",
        "acceptedDate": "2000-11-14 00:00:00",
        "calendarYear": "2000",
        "period": "Q3",
        "revenue": 21536000,
        "costOfRevenue": 0,
        "grossProfit": 0,
        "grossProfitRatio": 0,
        "researchAndDevelopmentExpenses": 0,
        "generalAndAdministrativeExpenses": 0,
        "sellingAndMarketingExpenses": 0,
        "sellingGeneralAndAdministrativeExpenses": 0,
        "otherExpenses": 12517000,
        "operatingExpenses": 12517000,
        "costAndExpenses": 12517000,
        "interestIncome": 0,
        "interestExpense": 0,
        "depreciationAndAmortization": 3799000,
        "ebitda": 11547000,
        "ebitdaratio": 0.5361719911,
        "operatingIncome": 9019000,
        "operatingIncomeRatio": 0.4187871471,
        "totalOtherIncomeExpensesNet": -9019000,
        "incomeBeforeTax": 0,
        "incomeBeforeTaxRatio": 0,
        "incomeTaxExpense": 0,
        "netIncome": 10290000,
        "netIncomeRatio": 0.4778046062,
        "eps": 0.25,
        "epsdiluted": 0.25,
        "weightedAverageShsOut": 26072000,
        "weightedAverageShsOutDil": 26072000,
        "link": "https://www.sec.gov/Archives/edgar/data/887905/000091205700049360/0000912057-00-049360-index.htm",
        "finalLink": "https://www.sec.gov/Archives/edgar/data/887905/000091205700049360/a2030164z10-q.txt"
    },
    {
        "date": "2000-06-30",
        "symbol": "LTC",
        "reportedCurrency": "USD",
        "cik": "0000887905",
        "fillingDate": "2000-08-14",
        "acceptedDate": "2000-08-14 00:00:00",
        "calendarYear": "2000",
        "period": "Q2",
        "revenue": 22717000,
        "costOfRevenue": 0,
        "grossProfit": 0,
        "grossProfitRatio": 0,
        "researchAndDevelopmentExpenses": 0,
        "generalAndAdministrativeExpenses": 0,
        "sellingAndMarketingExpenses": 0,
        "sellingGeneralAndAdministrativeExpenses": 0,
        "otherExpenses": 5943000,
        "operatingExpenses": 5943000,
        "costAndExpenses": 5943000,
        "interestIncome": 0,
        "interestExpense": 0,
        "depreciationAndAmortization": 3838000,
        "ebitda": 20612000,
        "ebitdaratio": 0.9073381168,
        "operatingIncome": 16774000,
        "operatingIncomeRatio": 0.7383897522,
        "totalOtherIncomeExpensesNet": -16774000,
        "incomeBeforeTax": 0,
        "incomeBeforeTaxRatio": 0,
        "incomeTaxExpense": 0,
        "netIncome": 9852000,
        "netIncomeRatio": 0.4336840252,
        "eps": 0.23,
        "epsdiluted": 0.23,
        "weightedAverageShsOut": 26439130,
        "weightedAverageShsOutDil": 26439130,
        "link": "https://www.sec.gov/Archives/edgar/data/887905/000091205700037557/0000912057-00-037557-index.htm",
        "finalLink": "https://www.sec.gov/Archives/edgar/data/887905/000091205700037557/a10-q.txt"
    },
    {
        "date": "2000-03-31",
        "symbol": "LTC",
        "reportedCurrency": "USD",
        "cik": "0000887905",
        "fillingDate": "2000-05-15",
        "acceptedDate": "2000-05-15 00:00:00",
        "calendarYear": "2000",
        "period": "Q1",
        "revenue": 22506000,
        "costOfRevenue": 0,
        "grossProfit": 0,
        "grossProfitRatio": 0,
        "researchAndDevelopmentExpenses": 0,
        "generalAndAdministrativeExpenses": 0,
        "sellingAndMarketingExpenses": 0,
        "sellingGeneralAndAdministrativeExpenses": 0,
        "otherExpenses": 5310000,
        "operatingExpenses": 5310000,
        "costAndExpenses": 5310000,
        "interestIncome": 0,
        "interestExpense": 0,
        "depreciationAndAmortization": 3848000,
        "ebitda": 21044000,
        "ebitdaratio": 0.935039545,
        "operatingIncome": 17196000,
        "operatingIncomeRatio": 0.7640629166,
        "totalOtherIncomeExpensesNet": -17196000,
        "incomeBeforeTax": 0,
        "incomeBeforeTaxRatio": 0,
        "incomeTaxExpense": 0,
        "netIncome": 10675000,
        "netIncomeRatio": 0.4743179597,
        "eps": 0.26,
        "epsdiluted": 0.26,
        "weightedAverageShsOut": 26550000,
        "weightedAverageShsOutDil": 26550000,
        "link": "https://www.sec.gov/Archives/edgar/data/887905/000091205700024682/0000912057-00-024682-index.htm",
        "finalLink": "https://www.sec.gov/Archives/edgar/data/887905/000091205700024682/"
    },
    {
        "date": "1999-12-31",
        "symbol": "LTC",
        "reportedCurrency": "USD",
        "cik": "0000887905",
        "fillingDate": "2000-03-03",
        "acceptedDate": "2000-03-03 00:00:00",
        "calendarYear": "1999",
        "period": "Q4",
        "revenue": 19762000,
        "costOfRevenue": 0,
        "grossProfit": 0,
        "grossProfitRatio": 0,
        "researchAndDevelopmentExpenses": 0,
        "generalAndAdministrativeExpenses": 0,
        "sellingAndMarketingExpenses": 0,
        "sellingGeneralAndAdministrativeExpenses": 0,
        "otherExpenses": 19762000,
        "operatingExpenses": 19762000,
        "costAndExpenses": 19762000,
        "interestIncome": 0,
        "interestExpense": 0,
        "depreciationAndAmortization": 3683000,
        "ebitda": -47494000,
        "ebitdaratio": -2.4032992612,
        "operatingIncome": -51177000,
        "operatingIncomeRatio": -2.5896670377,
        "totalOtherIncomeExpensesNet": 51177000,
        "incomeBeforeTax": 0,
        "incomeBeforeTaxRatio": 0,
        "incomeTaxExpense": 0,
        "netIncome": -5573000,
        "netIncomeRatio": -0.2820058699,
        "eps": -0.21,
        "epsdiluted": -0.21,
        "weightedAverageShsOut": 26550000,
        "weightedAverageShsOutDil": 26550000,
        "link": "https://www.sec.gov/Archives/edgar/data/887905/000091205700009648/0000912057-00-009648-index.htm",
        "finalLink": "https://www.sec.gov/Archives/edgar/data/887905/000091205700009648/0000912057-00-009648.txt"
    },
    {
        "date": "1999-09-30",
        "symbol": "LTC",
        "reportedCurrency": "USD",
        "cik": "0000887905",
        "fillingDate": "1999-11-15",
        "acceptedDate": "1999-11-15 00:00:00",
        "calendarYear": "1999",
        "period": "Q3",
        "revenue": 22795000,
        "costOfRevenue": 0,
        "grossProfit": 0,
        "grossProfitRatio": 0,
        "researchAndDevelopmentExpenses": 0,
        "generalAndAdministrativeExpenses": 0,
        "sellingAndMarketingExpenses": 0,
        "sellingGeneralAndAdministrativeExpenses": 0,
        "otherExpenses": 22795000,
        "operatingExpenses": 22795000,
        "costAndExpenses": 22795000,
        "interestIncome": 0,
        "interestExpense": 0,
        "depreciationAndAmortization": 3300000,
        "ebitda": 31295000,
        "ebitdaratio": 1.3728887914,
        "operatingIncome": 27995000,
        "operatingIncomeRatio": 1.2281202018,
        "totalOtherIncomeExpensesNet": -27995000,
        "incomeBeforeTax": 0,
        "incomeBeforeTaxRatio": 0,
        "incomeTaxExpense": 0,
        "netIncome": 11900000,
        "netIncomeRatio": 0.522044308,
        "eps": 0.3,
        "epsdiluted": 0.3,
        "weightedAverageShsOut": 27000000,
        "weightedAverageShsOutDil": 27000000,
        "link": "https://www.sec.gov/Archives/edgar/data/887905/000091205799006184/0000912057-99-006184-index.htm",
        "finalLink": "https://www.sec.gov/Archives/edgar/data/887905/000091205799006184/"
    },
    {
        "date": "1999-06-30",
        "symbol": "LTC",
        "reportedCurrency": "USD",
        "cik": "0000887905",
        "fillingDate": "1999-08-16",
        "acceptedDate": "1999-08-16 00:00:00",
        "calendarYear": "1999",
        "period": "Q2",
        "revenue": 23000000,
        "costOfRevenue": 0,
        "grossProfit": 0,
        "grossProfitRatio": 0,
        "researchAndDevelopmentExpenses": 0,
        "generalAndAdministrativeExpenses": 0,
        "sellingAndMarketingExpenses": 0,
        "sellingGeneralAndAdministrativeExpenses": 0,
        "otherExpenses": 23000000,
        "operatingExpenses": 23000000,
        "costAndExpenses": 23000000,
        "interestIncome": 0,
        "interestExpense": 0,
        "depreciationAndAmortization": 3300000,
        "ebitda": 30700000,
        "ebitdaratio": 1.3347826087,
        "operatingIncome": 27400000,
        "operatingIncomeRatio": 1.1913043478,
        "totalOtherIncomeExpensesNet": -27400000,
        "incomeBeforeTax": 0,
        "incomeBeforeTaxRatio": 0,
        "incomeTaxExpense": 0,
        "netIncome": 12900000,
        "netIncomeRatio": 0.5608695652,
        "eps": 0.33,
        "epsdiluted": 0.33,
        "weightedAverageShsOut": 27575758,
        "weightedAverageShsOutDil": 27575758,
        "link": "https://www.sec.gov/Archives/edgar/data/887905/000104746999032439/0001047469-99-032439-index.html",
        "finalLink": "https://www.sec.gov/Archives/edgar/data/887905/000104746999032439/"
    },
    {
        "date": "1999-03-31",
        "symbol": "LTC",
        "reportedCurrency": "USD",
        "cik": "0000887905",
        "fillingDate": "1999-05-14",
        "acceptedDate": "1999-05-14 00:00:00",
        "calendarYear": "1999",
        "period": "Q1",
        "revenue": 22200000,
        "costOfRevenue": 0,
        "grossProfit": 0,
        "grossProfitRatio": 0,
        "researchAndDevelopmentExpenses": 0,
        "generalAndAdministrativeExpenses": 0,
        "sellingAndMarketingExpenses": 0,
        "sellingGeneralAndAdministrativeExpenses": 0,
        "otherExpenses": 22200000,
        "operatingExpenses": 22200000,
        "costAndExpenses": 22200000,
        "interestIncome": 0,
        "interestExpense": 0,
        "depreciationAndAmortization": 3200000,
        "ebitda": 29900000,
        "ebitdaratio": 1.3468468468,
        "operatingIncome": 26700000,
        "operatingIncomeRatio": 1.2027027027,
        "totalOtherIncomeExpensesNet": -26700000,
        "incomeBeforeTax": 0,
        "incomeBeforeTaxRatio": 0,
        "incomeTaxExpense": 0,
        "netIncome": 12500000,
        "netIncomeRatio": 0.5630630631,
        "eps": 0.32,
        "epsdiluted": 0.32,
        "weightedAverageShsOut": 27187500,
        "weightedAverageShsOutDil": 27187500,
        "link": "https://www.sec.gov/Archives/edgar/data/887905/000104746999020581/0001047469-99-020581-index.htm",
        "finalLink": "https://www.sec.gov/Archives/edgar/data/887905/"
    },
    {
        "date": "1998-12-31",
        "symbol": "LTC",
        "reportedCurrency": "USD",
        "cik": "0000887905",
        "fillingDate": "1999-03-31",
        "acceptedDate": "1999-03-31 00:00:00",
        "calendarYear": "1998",
        "period": "Q4",
        "revenue": 19091000,
        "costOfRevenue": 0,
        "grossProfit": 0,
        "grossProfitRatio": 0,
        "researchAndDevelopmentExpenses": 0,
        "generalAndAdministrativeExpenses": 0,
        "sellingAndMarketingExpenses": 0,
        "sellingGeneralAndAdministrativeExpenses": 0,
        "otherExpenses": 19091000,
        "operatingExpenses": 19091000,
        "costAndExpenses": 19091000,
        "interestIncome": 0,
        "interestExpense": 0,
        "depreciationAndAmortization": 3161000,
        "ebitda": -10708000,
        "ebitdaratio": -0.5608925672,
        "operatingIncome": -13869000,
        "operatingIncomeRatio": -0.7264679692,
        "totalOtherIncomeExpensesNet": 13869000,
        "incomeBeforeTax": 0,
        "incomeBeforeTaxRatio": 0,
        "incomeTaxExpense": 0,
        "netIncome": 12293000,
        "netIncomeRatio": 0.6439159814,
        "eps": 0.45,
        "epsdiluted": 0.45,
        "weightedAverageShsOut": 27187500,
        "weightedAverageShsOutDil": 27187500,
        "link": "https://www.sec.gov/Archives/edgar/data/887905/000104746999012758/0001047469-99-012758-index.htm",
        "finalLink": "https://www.sec.gov/Archives/edgar/data/887905/0001047469-99-012758.txt"
    },
    {
        "date": "1998-09-30",
        "symbol": "LTC",
        "reportedCurrency": "USD",
        "cik": "0000887905",
        "fillingDate": "1998-11-12",
        "acceptedDate": "1998-11-12 00:00:00",
        "calendarYear": "1998",
        "period": "Q3",
        "revenue": 18400000,
        "costOfRevenue": 0,
        "grossProfit": 0,
        "grossProfitRatio": 0,
        "researchAndDevelopmentExpenses": 0,
        "generalAndAdministrativeExpenses": 0,
        "sellingAndMarketingExpenses": 0,
        "sellingGeneralAndAdministrativeExpenses": 0,
        "otherExpenses": 18400000,
        "operatingExpenses": 18400000,
        "costAndExpenses": 18400000,
        "interestIncome": 0,
        "interestExpense": 0,
        "depreciationAndAmortization": 3900000,
        "ebitda": 27600000,
        "ebitdaratio": 1.5,
        "operatingIncome": 23700000,
        "operatingIncomeRatio": 1.2880434783,
        "totalOtherIncomeExpensesNet": -23700000,
        "incomeBeforeTax": 0,
        "incomeBeforeTaxRatio": 0,
        "incomeTaxExpense": 0,
        "netIncome": 6800000,
        "netIncomeRatio": 0.3695652174,
        "eps": 0.13,
        "epsdiluted": 0.13,
        "weightedAverageShsOut": 27692308,
        "weightedAverageShsOutDil": 27692308,
        "link": "https://www.sec.gov/Archives/edgar/data/887905/000104746998040308/0001047469-98-040308-index.htm",
        "finalLink": "https://www.sec.gov/Archives/edgar/data/887905/"
    },
    {
        "date": "1998-06-30",
        "symbol": "LTC",
        "reportedCurrency": "USD",
        "cik": "0000887905",
        "fillingDate": "1998-08-12",
        "acceptedDate": "1998-08-12 00:00:00",
        "calendarYear": "1998",
        "period": "Q2",
        "revenue": 30700000,
        "costOfRevenue": 0,
        "grossProfit": 0,
        "grossProfitRatio": 0,
        "researchAndDevelopmentExpenses": 0,
        "generalAndAdministrativeExpenses": 0,
        "sellingAndMarketingExpenses": 0,
        "sellingGeneralAndAdministrativeExpenses": 0,
        "otherExpenses": 30700000,
        "operatingExpenses": 30700000,
        "costAndExpenses": 30700000,
        "interestIncome": 0,
        "interestExpense": 0,
        "depreciationAndAmortization": 2800000,
        "ebitda": 38100000,
        "ebitdaratio": 1.2410423453,
        "operatingIncome": 35300000,
        "operatingIncomeRatio": 1.1498371336,
        "totalOtherIncomeExpensesNet": -35300000,
        "incomeBeforeTax": 0,
        "incomeBeforeTaxRatio": 0,
        "incomeTaxExpense": 0,
        "netIncome": 20100000,
        "netIncomeRatio": 0.654723127,
        "eps": 0.64,
        "epsdiluted": 0.59,
        "weightedAverageShsOut": 26718750,
        "weightedAverageShsOutDil": 28983051,
        "link": "https://www.sec.gov/Archives/edgar/data/887905/000104746998030767/0001047469-98-030767-index.html",
        "finalLink": "https://www.sec.gov/Archives/edgar/data/887905/"
    },
    {
        "date": "1998-03-31",
        "symbol": "LTC",
        "reportedCurrency": "USD",
        "cik": "0000887905",
        "fillingDate": "1998-05-15",
        "acceptedDate": "1998-05-15 00:00:00",
        "calendarYear": "1998",
        "period": "Q1",
        "revenue": 21400000,
        "costOfRevenue": 0,
        "grossProfit": 0,
        "grossProfitRatio": 0,
        "researchAndDevelopmentExpenses": 0,
        "generalAndAdministrativeExpenses": 0,
        "sellingAndMarketingExpenses": 0,
        "sellingGeneralAndAdministrativeExpenses": 0,
        "otherExpenses": 21400000,
        "operatingExpenses": 21400000,
        "costAndExpenses": 21400000,
        "interestIncome": 0,
        "interestExpense": 0,
        "depreciationAndAmortization": 2700000,
        "ebitda": 28200000,
        "ebitdaratio": 1.3177570093,
        "operatingIncome": 25500000,
        "operatingIncomeRatio": 1.191588785,
        "totalOtherIncomeExpensesNet": -25500000,
        "incomeBeforeTax": 0,
        "incomeBeforeTaxRatio": 0,
        "incomeTaxExpense": 0,
        "netIncome": 11500000,
        "netIncomeRatio": 0.5373831776,
        "eps": 0.33,
        "epsdiluted": 0.33,
        "weightedAverageShsOut": 25757576,
        "weightedAverageShsOutDil": 25757576,
        "link": "https://www.sec.gov/Archives/edgar/data/887905/000104746998020662/0001047469-98-020662-index.htm",
        "finalLink": "https://www.sec.gov/Archives/edgar/data/887905/"
    },
    {
        "date": "1997-12-31",
        "symbol": "LTC",
        "reportedCurrency": "USD",
        "cik": "0000887905",
        "fillingDate": "1998-03-25",
        "acceptedDate": "1998-03-25 00:00:00",
        "calendarYear": "1997",
        "period": "Q4",
        "revenue": 19734000,
        "costOfRevenue": 0,
        "grossProfit": 0,
        "grossProfitRatio": 0,
        "researchAndDevelopmentExpenses": 0,
        "generalAndAdministrativeExpenses": 0,
        "sellingAndMarketingExpenses": 0,
        "sellingGeneralAndAdministrativeExpenses": 0,
        "otherExpenses": 19734000,
        "operatingExpenses": 19734000,
        "costAndExpenses": 19734000,
        "interestIncome": 0,
        "interestExpense": 0,
        "depreciationAndAmortization": 2563000,
        "ebitda": -1864000,
        "ebitdaratio": -0.0944562684,
        "operatingIncome": -4427000,
        "operatingIncomeRatio": -0.2243336374,
        "totalOtherIncomeExpensesNet": 4427000,
        "incomeBeforeTax": 0,
        "incomeBeforeTaxRatio": 0,
        "incomeTaxExpense": 0,
        "netIncome": 9963000,
        "netIncomeRatio": 0.5048647005,
        "eps": 0.39,
        "epsdiluted": 0.39,
        "weightedAverageShsOut": 25721303,
        "weightedAverageShsOutDil": 25757576,
        "link": "https://www.sec.gov/Archives/edgar/data/887905/000104746998011492/0001047469-98-011492-index.htm",
        "finalLink": "https://www.sec.gov/Archives/edgar/data/887905/0001047469-98-011492.txt"
    },
    {
        "date": "1997-09-30",
        "symbol": "LTC",
        "reportedCurrency": "USD",
        "cik": "0000887905",
        "fillingDate": "1997-11-14",
        "acceptedDate": "1997-11-14 00:00:00",
        "calendarYear": "1997",
        "period": "Q3",
        "revenue": 19200000,
        "costOfRevenue": 0,
        "grossProfit": 0,
        "grossProfitRatio": 0,
        "researchAndDevelopmentExpenses": 0,
        "generalAndAdministrativeExpenses": 0,
        "sellingAndMarketingExpenses": 0,
        "sellingGeneralAndAdministrativeExpenses": 0,
        "otherExpenses": 19200000,
        "operatingExpenses": 19200000,
        "costAndExpenses": 19200000,
        "interestIncome": 0,
        "interestExpense": 0,
        "depreciationAndAmortization": 1500000,
        "ebitda": 24000000,
        "ebitdaratio": 1.25,
        "operatingIncome": 22500000,
        "operatingIncomeRatio": 1.171875,
        "totalOtherIncomeExpensesNet": -22500000,
        "incomeBeforeTax": 0,
        "incomeBeforeTaxRatio": 0,
        "incomeTaxExpense": 0,
        "netIncome": 9400000,
        "netIncomeRatio": 0.4895833333,
        "eps": 0.32,
        "epsdiluted": 0.31,
        "weightedAverageShsOut": 23750000,
        "weightedAverageShsOutDil": 24516129,
        "link": "https://www.sec.gov/Archives/edgar/data/887905/000089843097004911/0000898430-97-004911-index.htm",
        "finalLink": "https://www.sec.gov/Archives/edgar/data/887905/"
    },
    {
        "date": "1997-06-30",
        "symbol": "LTC",
        "reportedCurrency": "USD",
        "cik": "0000887905",
        "fillingDate": "1997-08-14",
        "acceptedDate": "1997-08-14 00:00:00",
        "calendarYear": "1997",
        "period": "Q2",
        "revenue": 18100000,
        "costOfRevenue": 0,
        "grossProfit": 0,
        "grossProfitRatio": 0,
        "researchAndDevelopmentExpenses": 0,
        "generalAndAdministrativeExpenses": 0,
        "sellingAndMarketingExpenses": 0,
        "sellingGeneralAndAdministrativeExpenses": 0,
        "otherExpenses": 18100000,
        "operatingExpenses": 18100000,
        "costAndExpenses": 18100000,
        "interestIncome": 0,
        "interestExpense": 0,
        "depreciationAndAmortization": 2700000,
        "ebitda": 24300000,
        "ebitdaratio": 1.3425414365,
        "operatingIncome": 21600000,
        "operatingIncomeRatio": 1.1933701657,
        "totalOtherIncomeExpensesNet": -21600000,
        "incomeBeforeTax": 0,
        "incomeBeforeTaxRatio": 0,
        "incomeTaxExpense": 0,
        "netIncome": 9100000,
        "netIncomeRatio": 0.5027624309,
        "eps": 0.35,
        "epsdiluted": 0.35,
        "weightedAverageShsOut": 20857143,
        "weightedAverageShsOutDil": 20857143,
        "link": "https://www.sec.gov/Archives/edgar/data/887905/000089843097003490/0000898430-97-003490-index.html",
        "finalLink": "https://www.sec.gov/Archives/edgar/data/887905/"
    },
    {
        "date": "1997-03-31",
        "symbol": "LTC",
        "reportedCurrency": "USD",
        "cik": "0000887905",
        "fillingDate": "1997-05-12",
        "acceptedDate": "1997-05-12 00:00:00",
        "calendarYear": "1997",
        "period": "Q1",
        "revenue": 16400000,
        "costOfRevenue": 0,
        "grossProfit": 0,
        "grossProfitRatio": 0,
        "researchAndDevelopmentExpenses": 0,
        "generalAndAdministrativeExpenses": 0,
        "sellingAndMarketingExpenses": 0,
        "sellingGeneralAndAdministrativeExpenses": 0,
        "otherExpenses": 16400000,
        "operatingExpenses": 16400000,
        "costAndExpenses": 16400000,
        "interestIncome": 0,
        "interestExpense": 0,
        "depreciationAndAmortization": 2400000,
        "ebitda": 22000000,
        "ebitdaratio": 1.3414634146,
        "operatingIncome": 19600000,
        "operatingIncomeRatio": 1.1951219512,
        "totalOtherIncomeExpensesNet": -19600000,
        "incomeBeforeTax": 0,
        "incomeBeforeTaxRatio": 0,
        "incomeTaxExpense": 0,
        "netIncome": 7600000,
        "netIncomeRatio": 0.4634146341,
        "eps": 0.28,
        "epsdiluted": 0.27,
        "weightedAverageShsOut": 25714286,
        "weightedAverageShsOutDil": 26666667,
        "link": "https://www.sec.gov/Archives/edgar/data/887905/000089843097002004/0000898430-97-002004-index.htm",
        "finalLink": "https://www.sec.gov/Archives/edgar/data/887905/"
    },
    {
        "date": "1996-12-31",
        "symbol": "LTC",
        "reportedCurrency": "USD",
        "cik": "0000887905",
        "fillingDate": "1997-02-14",
        "acceptedDate": "1997-02-14 00:00:00",
        "calendarYear": "1996",
        "period": "Q4",
        "revenue": 15230000,
        "costOfRevenue": 0,
        "grossProfit": 0,
        "grossProfitRatio": 0,
        "researchAndDevelopmentExpenses": 0,
        "generalAndAdministrativeExpenses": 0,
        "sellingAndMarketingExpenses": 0,
        "sellingGeneralAndAdministrativeExpenses": 0,
        "otherExpenses": 15230000,
        "operatingExpenses": 15230000,
        "costAndExpenses": 15230000,
        "interestIncome": 0,
        "interestExpense": 0,
        "depreciationAndAmortization": 2281000,
        "ebitda": -2178000,
        "ebitdaratio": -0.1430072226,
        "operatingIncome": -4459000,
        "operatingIncomeRatio": -0.292777413,
        "totalOtherIncomeExpensesNet": 4459000,
        "incomeBeforeTax": 0,
        "incomeBeforeTaxRatio": 0,
        "incomeTaxExpense": 0,
        "netIncome": 5837000,
        "netIncomeRatio": 0.3832567301,
        "eps": 0.23,
        "epsdiluted": 0.23,
        "weightedAverageShsOut": 25714286,
        "weightedAverageShsOutDil": 25714286,
        "link": "https://www.sec.gov/Archives/edgar/data/887905/000089843097000638/0000898430-97-000638-index.html",
        "finalLink": "https://www.sec.gov/Archives/edgar/data/887905/"
    },
    {
        "date": "1996-09-30",
        "symbol": "LTC",
        "reportedCurrency": "USD",
        "cik": "0000887905",
        "fillingDate": "1996-11-14",
        "acceptedDate": "1996-11-14 00:00:00",
        "calendarYear": "1996",
        "period": "Q3",
        "revenue": 14300000,
        "costOfRevenue": 0,
        "grossProfit": 0,
        "grossProfitRatio": 0,
        "researchAndDevelopmentExpenses": 0,
        "generalAndAdministrativeExpenses": 0,
        "sellingAndMarketingExpenses": 0,
        "sellingGeneralAndAdministrativeExpenses": 0,
        "otherExpenses": 14300000,
        "operatingExpenses": 14300000,
        "costAndExpenses": 14300000,
        "interestIncome": 0,
        "interestExpense": 0,
        "depreciationAndAmortization": 2300000,
        "ebitda": 19800000,
        "ebitdaratio": 1.3846153846,
        "operatingIncome": 17500000,
        "operatingIncomeRatio": 1.2237762238,
        "totalOtherIncomeExpensesNet": -17500000,
        "incomeBeforeTax": 0,
        "incomeBeforeTaxRatio": 0,
        "incomeTaxExpense": 0,
        "netIncome": 5600000,
        "netIncomeRatio": 0.3916083916,
        "eps": 0.3,
        "epsdiluted": 0.29,
        "weightedAverageShsOut": 18666667,
        "weightedAverageShsOutDil": 19310345,
        "link": "https://www.sec.gov/Archives/edgar/data/887905/000089843096005302/0000898430-96-005302-index.html",
        "finalLink": "https://www.sec.gov/Archives/edgar/data/887905/"
    },
    {
        "date": "1996-06-30",
        "symbol": "LTC",
        "reportedCurrency": "USD",
        "cik": "0000887905",
        "fillingDate": "1996-08-14",
        "acceptedDate": "1996-08-14 00:00:00",
        "calendarYear": "1996",
        "period": "Q2",
        "revenue": 12900000,
        "costOfRevenue": 0,
        "grossProfit": 0,
        "grossProfitRatio": 0,
        "researchAndDevelopmentExpenses": 0,
        "generalAndAdministrativeExpenses": 0,
        "sellingAndMarketingExpenses": 0,
        "sellingGeneralAndAdministrativeExpenses": 0,
        "otherExpenses": 12900000,
        "operatingExpenses": 12900000,
        "costAndExpenses": 12900000,
        "interestIncome": 0,
        "interestExpense": 0,
        "depreciationAndAmortization": 1900000,
        "ebitda": 17300000,
        "ebitdaratio": 1.3410852713,
        "operatingIncome": 15400000,
        "operatingIncomeRatio": 1.1937984496,
        "totalOtherIncomeExpensesNet": -15400000,
        "incomeBeforeTax": 0,
        "incomeBeforeTaxRatio": 0,
        "incomeTaxExpense": 0,
        "netIncome": 5600000,
        "netIncomeRatio": 0.4341085271,
        "eps": 0.26,
        "epsdiluted": 0.26,
        "weightedAverageShsOut": 21538462,
        "weightedAverageShsOutDil": 21538462,
        "link": "https://www.sec.gov/Archives/edgar/data/887905/000089843096003876/0000898430-96-003876-index.html",
        "finalLink": "https://www.sec.gov/Archives/edgar/data/887905/"
    },
    {
        "date": "1996-03-31",
        "symbol": "LTC",
        "reportedCurrency": "USD",
        "cik": "0000887905",
        "fillingDate": "1996-05-14",
        "acceptedDate": "1996-05-14 00:00:00",
        "calendarYear": "1996",
        "period": "Q1",
        "revenue": 12300000,
        "costOfRevenue": 0,
        "grossProfit": 0,
        "grossProfitRatio": 0,
        "researchAndDevelopmentExpenses": 0,
        "generalAndAdministrativeExpenses": 0,
        "sellingAndMarketingExpenses": 0,
        "sellingGeneralAndAdministrativeExpenses": 0,
        "otherExpenses": 12300000,
        "operatingExpenses": 12300000,
        "costAndExpenses": 12300000,
        "interestIncome": 0,
        "interestExpense": 0,
        "depreciationAndAmortization": 1700000,
        "ebitda": 16300000,
        "ebitdaratio": 1.325203252,
        "operatingIncome": 14600000,
        "operatingIncomeRatio": 1.1869918699,
        "totalOtherIncomeExpensesNet": -14600000,
        "incomeBeforeTax": 0,
        "incomeBeforeTaxRatio": 0,
        "incomeTaxExpense": 0,
        "netIncome": 5500000,
        "netIncomeRatio": 0.4471544715,
        "eps": 0.78,
        "epsdiluted": 0.55,
        "weightedAverageShsOut": 18621000,
        "weightedAverageShsOutDil": 18621000,
        "link": "https://www.sec.gov/Archives/edgar/data/887905/000089843096001865/0000898430-96-001865-index.html",
        "finalLink": "https://www.sec.gov/Archives/edgar/data/887905/"
    },
    {
        "date": "1995-12-31",
        "symbol": "LTC",
        "reportedCurrency": "USD",
        "cik": "0000887905",
        "fillingDate": "1995-12-31",
        "acceptedDate": "1995-12-30 19:00:00",
        "calendarYear": "1995",
        "period": "Q4",
        "revenue": 10200000,
        "costOfRevenue": 0,
        "grossProfit": 0,
        "grossProfitRatio": 0,
        "researchAndDevelopmentExpenses": 0,
        "generalAndAdministrativeExpenses": 0,
        "sellingAndMarketingExpenses": 0,
        "sellingGeneralAndAdministrativeExpenses": 0,
        "otherExpenses": 10200000,
        "operatingExpenses": 10200000,
        "costAndExpenses": 10200000,
        "interestIncome": 0,
        "interestExpense": 0,
        "depreciationAndAmortization": 1400000,
        "ebitda": 13300000,
        "ebitdaratio": 1.3039215686,
        "operatingIncome": 11900000,
        "operatingIncomeRatio": 1.1666666667,
        "totalOtherIncomeExpensesNet": -11900000,
        "incomeBeforeTax": 0,
        "incomeBeforeTaxRatio": 0,
        "incomeTaxExpense": 0,
        "netIncome": 5100000,
        "netIncomeRatio": 0.5,
        "eps": 0.28,
        "epsdiluted": 0.28,
        "weightedAverageShsOut": 18518519,
        "weightedAverageShsOutDil": 18518519,
        "link": "",
        "finalLink": ""
    },
    {
        "date": "1995-09-30",
        "symbol": "LTC",
        "reportedCurrency": "USD",
        "cik": "0000887905",
        "fillingDate": "1995-09-30",
        "acceptedDate": "1995-09-29 20:00:00",
        "calendarYear": "1995",
        "period": "Q3",
        "revenue": 9300000,
        "costOfRevenue": 0,
        "grossProfit": 0,
        "grossProfitRatio": 0,
        "researchAndDevelopmentExpenses": 0,
        "generalAndAdministrativeExpenses": 0,
        "sellingAndMarketingExpenses": 0,
        "sellingGeneralAndAdministrativeExpenses": 0,
        "otherExpenses": 9300000,
        "operatingExpenses": 9300000,
        "costAndExpenses": 9300000,
        "interestIncome": 0,
        "interestExpense": 0,
        "depreciationAndAmortization": 1500000,
        "ebitda": 12500000,
        "ebitdaratio": 1.3440860215,
        "operatingIncome": 11000000,
        "operatingIncomeRatio": 1.1827956989,
        "totalOtherIncomeExpensesNet": -11000000,
        "incomeBeforeTax": 0,
        "incomeBeforeTaxRatio": 0,
        "incomeTaxExpense": 0,
        "netIncome": 5000000,
        "netIncomeRatio": 0.5376344086,
        "eps": 0.27,
        "epsdiluted": 0.27,
        "weightedAverageShsOut": 18518519,
        "weightedAverageShsOutDil": 18518519,
        "link": "",
        "finalLink": ""
    },
    {
        "date": "1995-06-30",
        "symbol": "LTC",
        "reportedCurrency": "USD",
        "cik": "0000887905",
        "fillingDate": "1995-06-30",
        "acceptedDate": "1995-06-29 20:00:00",
        "calendarYear": "1995",
        "period": "Q2",
        "revenue": 8500000,
        "costOfRevenue": 0,
        "grossProfit": 0,
        "grossProfitRatio": 0,
        "researchAndDevelopmentExpenses": 0,
        "generalAndAdministrativeExpenses": 0,
        "sellingAndMarketingExpenses": 0,
        "sellingGeneralAndAdministrativeExpenses": 0,
        "otherExpenses": 8500000,
        "operatingExpenses": 8500000,
        "costAndExpenses": 8500000,
        "interestIncome": 0,
        "interestExpense": 0,
        "depreciationAndAmortization": 1100000,
        "ebitda": 11100000,
        "ebitdaratio": 1.3058823529,
        "operatingIncome": 10000000,
        "operatingIncomeRatio": 1.1764705882,
        "totalOtherIncomeExpensesNet": -10000000,
        "incomeBeforeTax": 0,
        "incomeBeforeTaxRatio": 0,
        "incomeTaxExpense": 0,
        "netIncome": 5200000,
        "netIncomeRatio": 0.6117647059,
        "eps": 0.29,
        "epsdiluted": 0.29,
        "weightedAverageShsOut": 17931034,
        "weightedAverageShsOutDil": 17931034,
        "link": "",
        "finalLink": ""
    },
    {
        "date": "1995-03-31",
        "symbol": "LTC",
        "reportedCurrency": "USD",
        "cik": "0000887905",
        "fillingDate": "1995-03-31",
        "acceptedDate": "1995-03-30 19:00:00",
        "calendarYear": "1995",
        "period": "Q1",
        "revenue": 7500000,
        "costOfRevenue": 0,
        "grossProfit": 0,
        "grossProfitRatio": 0,
        "researchAndDevelopmentExpenses": 0,
        "generalAndAdministrativeExpenses": 0,
        "sellingAndMarketingExpenses": 0,
        "sellingGeneralAndAdministrativeExpenses": 0,
        "otherExpenses": 7500000,
        "operatingExpenses": 7500000,
        "costAndExpenses": 7500000,
        "interestIncome": 0,
        "interestExpense": 0,
        "depreciationAndAmortization": 1200000,
        "ebitda": 10000000,
        "ebitdaratio": 1.3333333333,
        "operatingIncome": 8800000,
        "operatingIncomeRatio": 1.1733333333,
        "totalOtherIncomeExpensesNet": -8800000,
        "incomeBeforeTax": 0,
        "incomeBeforeTaxRatio": 0,
        "incomeTaxExpense": 0,
        "netIncome": 4700000,
        "netIncomeRatio": 0.6266666667,
        "eps": 0.26,
        "epsdiluted": 0.26,
        "weightedAverageShsOut": 18076923,
        "weightedAverageShsOutDil": 18076923,
        "link": "",
        "finalLink": ""
    },
    {
        "date": "1994-12-31",
        "symbol": "LTC",
        "reportedCurrency": "USD",
        "cik": "0000887905",
        "fillingDate": "1994-12-31",
        "acceptedDate": "1994-12-30 19:00:00",
        "calendarYear": "1994",
        "period": "Q4",
        "revenue": 7900000,
        "costOfRevenue": 0,
        "grossProfit": 0,
        "grossProfitRatio": 0,
        "researchAndDevelopmentExpenses": 0,
        "generalAndAdministrativeExpenses": 0,
        "sellingAndMarketingExpenses": 0,
        "sellingGeneralAndAdministrativeExpenses": 0,
        "otherExpenses": 7900000,
        "operatingExpenses": 7900000,
        "costAndExpenses": 7900000,
        "interestIncome": 0,
        "interestExpense": 0,
        "depreciationAndAmortization": 1300000,
        "ebitda": 13500000,
        "ebitdaratio": 1.7088607595,
        "operatingIncome": 12200000,
        "operatingIncomeRatio": 1.5443037975,
        "totalOtherIncomeExpensesNet": -12200000,
        "incomeBeforeTax": 0,
        "incomeBeforeTaxRatio": 0,
        "incomeTaxExpense": 0,
        "netIncome": 4400000,
        "netIncomeRatio": 0.5569620253,
        "eps": 0.25,
        "epsdiluted": 0.25,
        "weightedAverageShsOut": 17692308,
        "weightedAverageShsOutDil": 17692308,
        "link": "",
        "finalLink": ""
    },
    {
        "date": "1994-09-30",
        "symbol": "LTC",
        "reportedCurrency": "USD",
        "cik": "0000887905",
        "fillingDate": "1994-09-30",
        "acceptedDate": "1994-09-29 20:00:00",
        "calendarYear": "1994",
        "period": "Q3",
        "revenue": 7800000,
        "costOfRevenue": 0,
        "grossProfit": 0,
        "grossProfitRatio": 0,
        "researchAndDevelopmentExpenses": 0,
        "generalAndAdministrativeExpenses": 600000,
        "sellingAndMarketingExpenses": 0,
        "sellingGeneralAndAdministrativeExpenses": 600000,
        "otherExpenses": 7200000,
        "operatingExpenses": 7800000,
        "costAndExpenses": 7800000,
        "interestIncome": 0,
        "interestExpense": 0,
        "depreciationAndAmortization": 700000,
        "ebitda": 9100000,
        "ebitdaratio": 1.1666666667,
        "operatingIncome": 8400000,
        "operatingIncomeRatio": 1.0769230769,
        "totalOtherIncomeExpensesNet": -8400000,
        "incomeBeforeTax": 0,
        "incomeBeforeTaxRatio": 0,
        "incomeTaxExpense": 0,
        "netIncome": 4600000,
        "netIncomeRatio": 0.5897435897,
        "eps": 0.26,
        "epsdiluted": 0.26,
        "weightedAverageShsOut": 17692308,
        "weightedAverageShsOutDil": 17692308,
        "link": "",
        "finalLink": ""
    },
    {
        "date": "1994-06-30",
        "symbol": "LTC",
        "reportedCurrency": "USD",
        "cik": "0000887905",
        "fillingDate": "1994-06-30",
        "acceptedDate": "1994-06-29 20:00:00",
        "calendarYear": "1994",
        "period": "Q2",
        "revenue": 6400000,
        "costOfRevenue": 0,
        "grossProfit": 0,
        "grossProfitRatio": 0,
        "researchAndDevelopmentExpenses": 0,
        "generalAndAdministrativeExpenses": 0,
        "sellingAndMarketingExpenses": 0,
        "sellingGeneralAndAdministrativeExpenses": 0,
        "otherExpenses": 6400000,
        "operatingExpenses": 6400000,
        "costAndExpenses": 6400000,
        "interestIncome": 0,
        "interestExpense": 0,
        "depreciationAndAmortization": 600000,
        "ebitda": 8100000,
        "ebitdaratio": 1.265625,
        "operatingIncome": 7500000,
        "operatingIncomeRatio": 1.171875,
        "totalOtherIncomeExpensesNet": -7500000,
        "incomeBeforeTax": 0,
        "incomeBeforeTaxRatio": 0,
        "incomeTaxExpense": 0,
        "netIncome": 3800000,
        "netIncomeRatio": 0.59375,
        "eps": 0.25,
        "epsdiluted": 0.25,
        "weightedAverageShsOut": 15200000,
        "weightedAverageShsOutDil": 15200000,
        "link": "",
        "finalLink": ""
    },
    {
        "date": "1994-03-31",
        "symbol": "LTC",
        "reportedCurrency": "USD",
        "cik": "0000887905",
        "fillingDate": "1994-03-31",
        "acceptedDate": "1994-03-30 19:00:00",
        "calendarYear": "1994",
        "period": "Q1",
        "revenue": 5500000,
        "costOfRevenue": 0,
        "grossProfit": 0,
        "grossProfitRatio": 0,
        "researchAndDevelopmentExpenses": 0,
        "generalAndAdministrativeExpenses": 1100000,
        "sellingAndMarketingExpenses": 0,
        "sellingGeneralAndAdministrativeExpenses": 1100000,
        "otherExpenses": 4400000,
        "operatingExpenses": 5500000,
        "costAndExpenses": 5500000,
        "interestIncome": 0,
        "interestExpense": 0,
        "depreciationAndAmortization": 600000,
        "ebitda": 6600000,
        "ebitdaratio": 1.2,
        "operatingIncome": 6000000,
        "operatingIncomeRatio": 1.0909090909,
        "totalOtherIncomeExpensesNet": -6000000,
        "incomeBeforeTax": 0,
        "incomeBeforeTaxRatio": 0,
        "incomeTaxExpense": 0,
        "netIncome": 2400000,
        "netIncomeRatio": 0.4363636364,
        "eps": 0.23,
        "epsdiluted": 0.23,
        "weightedAverageShsOut": 15245000,
        "weightedAverageShsOutDil": 15245000,
        "link": "",
        "finalLink": ""
    },
    {
        "date": "1993-12-31",
        "symbol": "LTC",
        "reportedCurrency": "USD",
        "cik": "0000887905",
        "fillingDate": "1993-12-31",
        "acceptedDate": "1993-12-30 19:00:00",
        "calendarYear": "1993",
        "period": "Q4",
        "revenue": 4300000,
        "costOfRevenue": 0,
        "grossProfit": 0,
        "grossProfitRatio": 0,
        "researchAndDevelopmentExpenses": 0,
        "generalAndAdministrativeExpenses": 0,
        "sellingAndMarketingExpenses": 0,
        "sellingGeneralAndAdministrativeExpenses": 0,
        "otherExpenses": 4300000,
        "operatingExpenses": 4300000,
        "costAndExpenses": 4300000,
        "interestIncome": 0,
        "interestExpense": 0,
        "depreciationAndAmortization": 200000,
        "ebitda": 6000000,
        "ebitdaratio": 1.3953488372,
        "operatingIncome": 5800000,
        "operatingIncomeRatio": 1.3488372093,
        "totalOtherIncomeExpensesNet": -5800000,
        "incomeBeforeTax": 0,
        "incomeBeforeTaxRatio": 0,
        "incomeTaxExpense": 0,
        "netIncome": 1900000,
        "netIncomeRatio": 0.4418604651,
        "eps": 0.2,
        "epsdiluted": 0.2,
        "weightedAverageShsOut": 9062201,
        "weightedAverageShsOutDil": 9500000,
        "link": "",
        "finalLink": ""
    },
    {
        "date": "1993-09-30",
        "symbol": "LTC",
        "reportedCurrency": "USD",
        "cik": "0000887905",
        "fillingDate": "1993-09-30",
        "acceptedDate": "1993-09-29 20:00:00",
        "calendarYear": "1993",
        "period": "Q3",
        "revenue": 4000000,
        "costOfRevenue": 0,
        "grossProfit": 0,
        "grossProfitRatio": 0,
        "researchAndDevelopmentExpenses": 0,
        "generalAndAdministrativeExpenses": 200000,
        "sellingAndMarketingExpenses": 0,
        "sellingGeneralAndAdministrativeExpenses": 200000,
        "otherExpenses": 3800000,
        "operatingExpenses": 4000000,
        "costAndExpenses": 4000000,
        "interestIncome": 0,
        "interestExpense": 0,
        "depreciationAndAmortization": 800000,
        "ebitda": 5200000,
        "ebitdaratio": 1.3,
        "operatingIncome": 4400000,
        "operatingIncomeRatio": 1.1,
        "totalOtherIncomeExpensesNet": -4400000,
        "incomeBeforeTax": 0,
        "incomeBeforeTaxRatio": 0,
        "incomeTaxExpense": 0,
        "netIncome": 1900000,
        "netIncomeRatio": 0.475,
        "eps": 0.2,
        "epsdiluted": 0.2,
        "weightedAverageShsOut": 9500000,
        "weightedAverageShsOutDil": 9500000,
        "link": "",
        "finalLink": ""
    },
    {
        "date": "1993-06-30",
        "symbol": "LTC",
        "reportedCurrency": "USD",
        "cik": "0000887905",
        "fillingDate": "1993-06-30",
        "acceptedDate": "1993-06-29 20:00:00",
        "calendarYear": "1993",
        "period": "Q2",
        "revenue": 4100000,
        "costOfRevenue": 0,
        "grossProfit": 0,
        "grossProfitRatio": 0,
        "researchAndDevelopmentExpenses": 0,
        "generalAndAdministrativeExpenses": 200000,
        "sellingAndMarketingExpenses": 0,
        "sellingGeneralAndAdministrativeExpenses": 200000,
        "otherExpenses": 3900000,
        "operatingExpenses": 4100000,
        "costAndExpenses": 4100000,
        "interestIncome": 0,
        "interestExpense": 0,
        "depreciationAndAmortization": 200000,
        "ebitda": 4700000,
        "ebitdaratio": 1.1463414634,
        "operatingIncome": 4500000,
        "operatingIncomeRatio": 1.0975609756,
        "totalOtherIncomeExpensesNet": -4500000,
        "incomeBeforeTax": 0,
        "incomeBeforeTaxRatio": 0,
        "incomeTaxExpense": 0,
        "netIncome": 1900000,
        "netIncomeRatio": 0.4634146341,
        "eps": 0.21,
        "epsdiluted": 0.21,
        "weightedAverageShsOut": 9047619,
        "weightedAverageShsOutDil": 9047619,
        "link": "",
        "finalLink": ""
    },
    {
        "date": "1993-03-31",
        "symbol": "LTC",
        "reportedCurrency": "USD",
        "cik": "0000887905",
        "fillingDate": "1993-03-31",
        "acceptedDate": "1993-03-30 19:00:00",
        "calendarYear": "1993",
        "period": "Q1",
        "revenue": 3400000,
        "costOfRevenue": 0,
        "grossProfit": 0,
        "grossProfitRatio": 0,
        "researchAndDevelopmentExpenses": 0,
        "generalAndAdministrativeExpenses": 200000,
        "sellingAndMarketingExpenses": 0,
        "sellingGeneralAndAdministrativeExpenses": 200000,
        "otherExpenses": 3200000,
        "operatingExpenses": 3400000,
        "costAndExpenses": 3400000,
        "interestIncome": 0,
        "interestExpense": 0,
        "depreciationAndAmortization": 400000,
        "ebitda": 4100000,
        "ebitdaratio": 1.2058823529,
        "operatingIncome": 3700000,
        "operatingIncomeRatio": 1.0882352941,
        "totalOtherIncomeExpensesNet": -3700000,
        "incomeBeforeTax": 0,
        "incomeBeforeTaxRatio": 0,
        "incomeTaxExpense": 0,
        "netIncome": 1100000,
        "netIncomeRatio": 0.3235294118,
        "eps": 0.14,
        "epsdiluted": 0.14,
        "weightedAverageShsOut": 7857143,
        "weightedAverageShsOutDil": 7857143,
        "link": "",
        "finalLink": ""
    },
    {
        "date": "1992-09-30",
        "symbol": "LTC",
        "reportedCurrency": "USD",
        "cik": "0000887905",
        "fillingDate": "1992-09-30",
        "acceptedDate": "1992-09-29 20:00:00",
        "calendarYear": "1992",
        "period": "Q3",
        "revenue": 1100000,
        "costOfRevenue": 0,
        "grossProfit": 0,
        "grossProfitRatio": 0,
        "researchAndDevelopmentExpenses": 0,
        "generalAndAdministrativeExpenses": 0,
        "sellingAndMarketingExpenses": 0,
        "sellingGeneralAndAdministrativeExpenses": 0,
        "otherExpenses": 1100000,
        "operatingExpenses": 1100000,
        "costAndExpenses": 1100000,
        "interestIncome": 0,
        "interestExpense": 0,
        "depreciationAndAmortization": 200000,
        "ebitda": 1600000,
        "ebitdaratio": 1.4545454545,
        "operatingIncome": 1400000,
        "operatingIncomeRatio": 1.2727272727,
        "totalOtherIncomeExpensesNet": -1400000,
        "incomeBeforeTax": 0,
        "incomeBeforeTaxRatio": 0,
        "incomeTaxExpense": 0,
        "netIncome": 100000,
        "netIncomeRatio": 0.0909090909,
        "eps": 0.01,
        "epsdiluted": 0.01,
        "weightedAverageShsOut": 10000000,
        "weightedAverageShsOutDil": 10000000,
        "link": "",
        "finalLink": ""
    }
]