[
    {
        "date": "2024-09-30",
        "symbol": "LU",
        "reportedCurrency": "CNY",
        "cik": "0001816007",
        "fillingDate": "2024-10-21",
        "acceptedDate": "2024-10-21 06:44:57",
        "calendarYear": "2024",
        "period": "Q3",
        "revenue": 4387486000,
        "costOfRevenue": 1096418000,
        "grossProfit": 4387486000,
        "grossProfitRatio": 1,
        "researchAndDevelopmentExpenses": 0,
        "generalAndAdministrativeExpenses": 467692000,
        "sellingAndMarketingExpenses": 1147502000,
        "sellingGeneralAndAdministrativeExpenses": 1615194000,
        "otherExpenses": 2772292000,
        "operatingExpenses": 4387486000,
        "costAndExpenses": 4387486000,
        "interestIncome": 2686933000,
        "interestExpense": 59492000,
        "depreciationAndAmortization": 45292750,
        "ebitda": -663850250,
        "ebitdaratio": -0.1513053831,
        "operatingIncome": -709143000,
        "operatingIncomeRatio": -0.1616285499,
        "totalOtherIncomeExpensesNet": -9213000,
        "incomeBeforeTax": -718356000,
        "incomeBeforeTaxRatio": -0.1637283857,
        "incomeTaxExpense": 6898000,
        "netIncome": -874806000,
        "netIncomeRatio": -0.1993866191,
        "eps": -3.06,
        "epsdiluted": -3.06,
        "weightedAverageShsOut": 286579793,
        "weightedAverageShsOutDil": 286579793,
        "link": "https://www.sec.gov/Archives/edgar/data/1816007/000119312524240015/0001193125-24-240015-index.htm",
        "finalLink": "https://www.sec.gov/Archives/edgar/data/1816007/000119312524240015/d859105dex991.htm"
    },
    {
        "date": "2024-06-30",
        "symbol": "LU",
        "reportedCurrency": "CNY",
        "cik": "0001816007",
        "fillingDate": "2024-08-22",
        "acceptedDate": "2024-08-22 06:10:05",
        "calendarYear": "2024",
        "period": "Q2",
        "revenue": 5976217000,
        "costOfRevenue": 1327251000,
        "grossProfit": 4648966000,
        "grossProfitRatio": 0.7779111769,
        "researchAndDevelopmentExpenses": 0,
        "generalAndAdministrativeExpenses": 510695000,
        "sellingAndMarketingExpenses": 1371539000,
        "sellingGeneralAndAdministrativeExpenses": 1882234000,
        "otherExpenses": 2835483000,
        "operatingExpenses": 4717717000,
        "costAndExpenses": 6044968000,
        "interestIncome": 5310292000,
        "interestExpense": 2607792000,
        "depreciationAndAmortization": 45292750,
        "ebitda": -23458250,
        "ebitdaratio": -0.0039252674,
        "operatingIncome": -68751000,
        "operatingIncomeRatio": -0.0115041003,
        "totalOtherIncomeExpensesNet": -295737000,
        "incomeBeforeTax": -364488000,
        "incomeBeforeTaxRatio": -0.0609897532,
        "incomeTaxExpense": 365503000,
        "netIncome": -792072000,
        "netIncomeRatio": -0.132537356,
        "eps": -2.76,
        "epsdiluted": -2.76,
        "weightedAverageShsOut": 286580000,
        "weightedAverageShsOutDil": 286580000,
        "link": "https://www.sec.gov/Archives/edgar/data/1816007/000119312524204850/0001193125-24-204850-index.htm",
        "finalLink": "https://www.sec.gov/Archives/edgar/data/1816007/000119312524204850/d887168dex991.htm"
    },
    {
        "date": "2024-03-31",
        "symbol": "LU",
        "reportedCurrency": "CNY",
        "cik": "0001816007",
        "fillingDate": "2024-04-23",
        "acceptedDate": "2024-04-23 06:05:25",
        "calendarYear": "2024",
        "period": "Q1",
        "revenue": 6963764000,
        "costOfRevenue": 1327421000,
        "grossProfit": 5636343000,
        "grossProfitRatio": 0.8093816792,
        "researchAndDevelopmentExpenses": 0,
        "generalAndAdministrativeExpenses": 482504000,
        "sellingAndMarketingExpenses": 1518096000,
        "sellingGeneralAndAdministrativeExpenses": 2000600000,
        "otherExpenses": 3113822000,
        "operatingExpenses": 5114422000,
        "costAndExpenses": 6441843000,
        "interestIncome": 2845191000,
        "interestExpense": 58156000,
        "depreciationAndAmortization": 45292750,
        "ebitda": 567213750,
        "ebitdaratio": 0.0814521787,
        "operatingIncome": 521921000,
        "operatingIncomeRatio": 0.0749481171,
        "totalOtherIncomeExpensesNet": -74658000,
        "incomeBeforeTax": 447263000,
        "incomeBeforeTaxRatio": 0.0642271909,
        "incomeTaxExpense": 1277224000,
        "netIncome": -870463000,
        "netIncomeRatio": -0.124998923,
        "eps": -3.04,
        "epsdiluted": -3.04,
        "weightedAverageShsOut": 286336513,
        "weightedAverageShsOutDil": 286336513,
        "link": "https://www.sec.gov/Archives/edgar/data/1816007/000119312524105793/0001193125-24-105793-index.htm",
        "finalLink": "https://www.sec.gov/Archives/edgar/data/1816007/000119312524105793/d804578dex991.htm"
    },
    {
        "date": "2023-12-31",
        "symbol": "LU",
        "reportedCurrency": "CNY",
        "cik": "0001816007",
        "fillingDate": "2024-04-23",
        "acceptedDate": "2024-04-23 08:44:58",
        "calendarYear": "2023",
        "period": "Q4",
        "revenue": 14283181000,
        "costOfRevenue": 8080347000,
        "grossProfit": 11176556000,
        "grossProfitRatio": 0.7824976803,
        "researchAndDevelopmentExpenses": 0,
        "generalAndAdministrativeExpenses": 555520000,
        "sellingAndMarketingExpenses": 2006965000,
        "sellingGeneralAndAdministrativeExpenses": 2562485000,
        "otherExpenses": 3055766000,
        "operatingExpenses": 5618251000,
        "costAndExpenses": 13698598000,
        "interestIncome": 11356259000,
        "interestExpense": 8846178000,
        "depreciationAndAmortization": 45292750,
        "ebitda": 11866377750,
        "ebitdaratio": 0.8307937672,
        "operatingIncome": 584583000,
        "operatingIncomeRatio": 0.0409280678,
        "totalOtherIncomeExpensesNet": -1670724000,
        "incomeBeforeTax": -1086141000,
        "incomeBeforeTaxRatio": -0.0760433548,
        "incomeTaxExpense": -253666000,
        "netIncome": -844238000,
        "netIncomeRatio": -0.0591071415,
        "eps": -2.98,
        "epsdiluted": -2.96,
        "weightedAverageShsOut": 284021307,
        "weightedAverageShsOutDil": 285215540,
        "link": "https://www.sec.gov/Archives/edgar/data/1816007/000119312524106025/0001193125-24-106025-index.htm",
        "finalLink": "https://www.sec.gov/Archives/edgar/data/1816007/000119312524106025/d799202d20f.htm"
    },
    {
        "date": "2023-09-30",
        "symbol": "LU",
        "reportedCurrency": "CNY",
        "cik": "0001816007",
        "fillingDate": "2023-11-14",
        "acceptedDate": "2023-11-14 06:12:56",
        "calendarYear": "2023",
        "period": "Q3",
        "revenue": 6533477000,
        "costOfRevenue": 1477852000,
        "grossProfit": 5055625000,
        "grossProfitRatio": 0.7738031373,
        "researchAndDevelopmentExpenses": 0,
        "generalAndAdministrativeExpenses": 499899000,
        "sellingAndMarketingExpenses": 2290403000,
        "sellingGeneralAndAdministrativeExpenses": 2790302000,
        "otherExpenses": -9057679000,
        "operatingExpenses": -6267377000,
        "costAndExpenses": -6267377000,
        "interestIncome": 3307385000,
        "interestExpense": 39960000,
        "depreciationAndAmortization": 44449750,
        "ebitda": 443498750,
        "ebitdaratio": 0.067880969,
        "operatingIncome": 266100000,
        "operatingIncomeRatio": 0.0407286962,
        "totalOtherIncomeExpensesNet": -11019707000,
        "incomeBeforeTax": 303295000,
        "incomeBeforeTaxRatio": 0.0464216833,
        "incomeTaxExpense": 172322000,
        "netIncome": 93778000,
        "netIncomeRatio": 0.0143534599,
        "eps": 0.32,
        "epsdiluted": 0.32,
        "weightedAverageShsOut": 293056250,
        "weightedAverageShsOutDil": 293056250,
        "link": "https://www.sec.gov/Archives/edgar/data/1816007/000119312523276587/0001193125-23-276587-index.htm",
        "finalLink": "https://www.sec.gov/Archives/edgar/data/1816007/000119312523276587/d94152dex991.htm"
    },
    {
        "date": "2023-06-30",
        "symbol": "LU",
        "reportedCurrency": "CNY",
        "cik": "0001816007",
        "fillingDate": "2023-08-22",
        "acceptedDate": "2023-08-22 06:27:05",
        "calendarYear": "2023",
        "period": "Q2",
        "revenue": 7559687000,
        "costOfRevenue": 1576137000,
        "grossProfit": 5983550000,
        "grossProfitRatio": 0.7915076378,
        "researchAndDevelopmentExpenses": 0,
        "generalAndAdministrativeExpenses": 493345000,
        "sellingAndMarketingExpenses": 2540067000,
        "sellingGeneralAndAdministrativeExpenses": 3033412000,
        "otherExpenses": -9317637000,
        "operatingExpenses": -6284225000,
        "costAndExpenses": -6284225000,
        "interestIncome": 3366917000,
        "interestExpense": 135649000,
        "depreciationAndAmortization": 44449750,
        "ebitda": 1363385750,
        "ebitdaratio": 0.1803494973,
        "operatingIncome": 1275462000,
        "operatingIncomeRatio": 0.1687188901,
        "totalOtherIncomeExpensesNet": 38269000,
        "incomeBeforeTax": 1313731000,
        "incomeBeforeTaxRatio": 0.1737811367,
        "incomeTaxExpense": 310113000,
        "netIncome": 965349000,
        "netIncomeRatio": 0.1276969536,
        "eps": 5.72,
        "epsdiluted": 5.72,
        "weightedAverageShsOut": 286559029,
        "weightedAverageShsOutDil": 286559029,
        "link": "https://www.sec.gov/Archives/edgar/data/1816007/000119312523217408/0001193125-23-217408-index.htm",
        "finalLink": "https://www.sec.gov/Archives/edgar/data/1816007/000119312523217408/d653102dex991.htm"
    },
    {
        "date": "2023-03-31",
        "symbol": "LU",
        "reportedCurrency": "CNY",
        "cik": "0001816007",
        "fillingDate": "2023-04-11",
        "acceptedDate": "2023-04-11 06:05:22",
        "calendarYear": "2023",
        "period": "Q1",
        "revenue": 8331660000,
        "costOfRevenue": 1557889000,
        "grossProfit": 6773771000,
        "grossProfitRatio": 0.8130157736,
        "researchAndDevelopmentExpenses": 0,
        "generalAndAdministrativeExpenses": 756071000,
        "sellingAndMarketingExpenses": 3030053000,
        "sellingGeneralAndAdministrativeExpenses": 3786124000,
        "otherExpenses": -10935706000,
        "operatingExpenses": -7149582000,
        "costAndExpenses": -7149582000,
        "interestIncome": 3348630000,
        "interestExpense": 188639000,
        "depreciationAndAmortization": 44449750,
        "ebitda": 1304903750,
        "ebitdaratio": 0.1566198993,
        "operatingIncome": 1182078000,
        "operatingIncomeRatio": 0.1418778491,
        "totalOtherIncomeExpensesNet": -146227000,
        "incomeBeforeTax": 1114227000,
        "incomeBeforeTaxRatio": 0.1337340938,
        "incomeTaxExpense": 381857000,
        "netIncome": 671976000,
        "netIncomeRatio": 0.0806533152,
        "eps": 2.36,
        "epsdiluted": 2.36,
        "weightedAverageShsOut": 284735593,
        "weightedAverageShsOutDil": 284735593,
        "link": "https://www.sec.gov/Archives/edgar/data/1816007/000119312523097062/0001193125-23-097062-index.htm",
        "finalLink": "https://www.sec.gov/Archives/edgar/data/1816007/000119312523097062/d496533dex991.htm"
    },
    {
        "date": "2022-12-31",
        "symbol": "LU",
        "reportedCurrency": "CNY",
        "cik": "0001816007",
        "fillingDate": "2023-02-01",
        "acceptedDate": "2023-02-01 08:30:50",
        "calendarYear": "2022",
        "period": "Q4",
        "revenue": 10159729000,
        "costOfRevenue": 8834689000,
        "grossProfit": 1325040000,
        "grossProfitRatio": 0.1304208016,
        "researchAndDevelopmentExpenses": 0,
        "generalAndAdministrativeExpenses": 750422000,
        "sellingAndMarketingExpenses": 3706378000,
        "sellingGeneralAndAdministrativeExpenses": 4456800000,
        "otherExpenses": 15545120000,
        "operatingExpenses": -12927000000,
        "costAndExpenses": -12927000000,
        "interestIncome": 4369470000,
        "interestExpense": 501042000,
        "depreciationAndAmortization": 188052000,
        "ebitda": 0,
        "ebitdaratio": 0,
        "operatingIncome": -299590000,
        "operatingIncomeRatio": -0.0294879913,
        "totalOtherIncomeExpensesNet": -603223000,
        "incomeBeforeTax": -603223000,
        "incomeBeforeTaxRatio": -0.0593739262,
        "incomeTaxExpense": 202712000,
        "netIncome": -805935000,
        "netIncomeRatio": -0.0793264269,
        "eps": -2.8,
        "epsdiluted": -2.8,
        "weightedAverageShsOut": 287074648,
        "weightedAverageShsOutDil": 287074648,
        "link": "https://www.sec.gov/Archives/edgar/data/1816007/000119312523020882/0001193125-23-020882-index.htm",
        "finalLink": "https://www.sec.gov/Archives/edgar/data/1816007/000119312523020882/d429506dex991.htm"
    },
    {
        "date": "2022-09-30",
        "symbol": "LU",
        "reportedCurrency": "CNY",
        "cik": "0001816007",
        "fillingDate": "2022-11-25",
        "acceptedDate": "2022-11-25 06:11:08",
        "calendarYear": "2022",
        "period": "Q3",
        "revenue": 11287702000,
        "costOfRevenue": 1599564000,
        "grossProfit": 9688138000,
        "grossProfitRatio": 0.8582914397,
        "researchAndDevelopmentExpenses": 0,
        "generalAndAdministrativeExpenses": 1075833000,
        "sellingAndMarketingExpenses": 4070803000,
        "sellingGeneralAndAdministrativeExpenses": 5146636000,
        "otherExpenses": -14073207000,
        "operatingExpenses": -8926571000,
        "costAndExpenses": -8926571000,
        "interestIncome": 4618100000,
        "interestExpense": 305879000,
        "depreciationAndAmortization": 48377750,
        "ebitda": 2539954750,
        "ebitdaratio": 0.2250196497,
        "operatingIncome": 2361131000,
        "operatingIncomeRatio": 0.2091772976,
        "totalOtherIncomeExpensesNet": -380561000,
        "incomeBeforeTax": 2111016000,
        "incomeBeforeTaxRatio": 0.1870191116,
        "incomeTaxExpense": 756377000,
        "netIncome": 1326757000,
        "netIncomeRatio": 0.1175400449,
        "eps": 4.64,
        "epsdiluted": 4.64,
        "weightedAverageShsOut": 285939008,
        "weightedAverageShsOutDil": 285939008,
        "link": "https://www.sec.gov/Archives/edgar/data/1816007/000119312522292277/0001193125-22-292277-index.htm",
        "finalLink": "https://www.sec.gov/Archives/edgar/data/1816007/000119312522292277/d342846dex991.htm"
    },
    {
        "date": "2022-06-30",
        "symbol": "LU",
        "reportedCurrency": "CNY",
        "cik": "0001816007",
        "fillingDate": "2022-08-05",
        "acceptedDate": "2022-08-05 08:34:06",
        "calendarYear": "2022",
        "period": "Q2",
        "revenue": 13483807000,
        "costOfRevenue": 1581171000,
        "grossProfit": 11902636000,
        "grossProfitRatio": 0.8827355657,
        "researchAndDevelopmentExpenses": 0,
        "generalAndAdministrativeExpenses": 1245325000,
        "sellingAndMarketingExpenses": 3495839000,
        "sellingGeneralAndAdministrativeExpenses": 4741164000,
        "otherExpenses": -13705866000,
        "operatingExpenses": -8964702000,
        "costAndExpenses": -8964702000,
        "interestIncome": 5010245000,
        "interestExpense": 221279000,
        "depreciationAndAmortization": 48377750,
        "ebitda": 5501140750,
        "ebitdaratio": 0.4079812734,
        "operatingIncome": 4519105000,
        "operatingIncomeRatio": 0.3351505254,
        "totalOtherIncomeExpensesNet": -1099953000,
        "incomeBeforeTax": 4352810000,
        "incomeBeforeTaxRatio": 0.3228175841,
        "incomeTaxExpense": 1416356000,
        "netIncome": 2908962000,
        "netIncomeRatio": 0.2157374397,
        "eps": 28.64,
        "epsdiluted": 26.92,
        "weightedAverageShsOut": 286480530,
        "weightedAverageShsOutDil": 286480530,
        "link": "https://www.sec.gov/Archives/edgar/data/1816007/000119312522213193/0001193125-22-213193-index.htm",
        "finalLink": "https://www.sec.gov/Archives/edgar/data/1816007/000119312522213193/d371445dex991.htm"
    },
    {
        "date": "2022-03-31",
        "symbol": "LU",
        "reportedCurrency": "CNY",
        "cik": "0001816007",
        "fillingDate": "2022-05-26",
        "acceptedDate": "2022-05-26 06:25:01",
        "calendarYear": "2022",
        "period": "Q1",
        "revenue": 15515854000,
        "costOfRevenue": 1589827000,
        "grossProfit": 13926027000,
        "grossProfitRatio": 0.897535321,
        "researchAndDevelopmentExpenses": 0,
        "generalAndAdministrativeExpenses": 1173424000,
        "sellingAndMarketingExpenses": 4483896000,
        "sellingGeneralAndAdministrativeExpenses": 5657320000,
        "otherExpenses": -13809714000,
        "operatingExpenses": -8152394000,
        "costAndExpenses": -8152394000,
        "interestIncome": 4983561000,
        "interestExpense": 210792000,
        "depreciationAndAmortization": 48377750,
        "ebitda": 7293810750,
        "ebitdaratio": 0.4700876117,
        "operatingIncome": 7363460000,
        "operatingIncomeRatio": 0.4745765202,
        "totalOtherIncomeExpensesNet": -92765000,
        "incomeBeforeTax": 7152668000,
        "incomeBeforeTaxRatio": 0.4609909322,
        "incomeTaxExpense": 1862787000,
        "netIncome": 5278942000,
        "netIncomeRatio": 0.3402289039,
        "eps": 18.48,
        "epsdiluted": 17.12,
        "weightedAverageShsOut": 285657034,
        "weightedAverageShsOutDil": 308349416,
        "link": "https://www.sec.gov/Archives/edgar/data/1816007/000119312522160236/0001193125-22-160236-index.htm",
        "finalLink": "https://www.sec.gov/Archives/edgar/data/1816007/000119312522160236/d334524dex991.htm"
    },
    {
        "date": "2021-12-31",
        "symbol": "LU",
        "reportedCurrency": "CNY",
        "cik": "0001816007",
        "fillingDate": "2022-03-10",
        "acceptedDate": "2022-03-10 07:05:52",
        "calendarYear": "2021",
        "period": "Q4",
        "revenue": 13666155000,
        "costOfRevenue": 4340776000,
        "grossProfit": 9325379000,
        "grossProfitRatio": 0.6823703522,
        "researchAndDevelopmentExpenses": 0,
        "generalAndAdministrativeExpenses": 1567511000,
        "sellingAndMarketingExpenses": 4834811000,
        "sellingGeneralAndAdministrativeExpenses": 6402322000,
        "otherExpenses": 17234067000,
        "operatingExpenses": -14838000000,
        "costAndExpenses": -14838000000,
        "interestIncome": 4234114000,
        "interestExpense": 267359000,
        "depreciationAndAmortization": 48377750,
        "ebitda": 16842269750,
        "ebitdaratio": 1.2324073413,
        "operatingIncome": 14018444000,
        "operatingIncomeRatio": 1.025778209,
        "totalOtherIncomeExpensesNet": -12454248000,
        "incomeBeforeTax": 4339644000,
        "incomeBeforeTaxRatio": 0.3175468155,
        "incomeTaxExpense": 1443350000,
        "netIncome": 2906087000,
        "netIncomeRatio": 0.2126484735,
        "eps": 10.04,
        "epsdiluted": 9.68,
        "weightedAverageShsOut": 289450896,
        "weightedAverageShsOutDil": 300215599,
        "link": "https://www.sec.gov/Archives/edgar/data/1816007/000119312522071252/0001193125-22-071252-index.htm",
        "finalLink": "https://www.sec.gov/Archives/edgar/data/1816007/000119312522071252/d293615dex991.htm"
    },
    {
        "date": "2021-09-30",
        "symbol": "LU",
        "reportedCurrency": "CNY",
        "cik": "0001816007",
        "fillingDate": "2021-11-10",
        "acceptedDate": "2021-11-10 06:08:03",
        "calendarYear": "2021",
        "period": "Q3",
        "revenue": 14097618000,
        "costOfRevenue": 1660244000,
        "grossProfit": 12437374000,
        "grossProfitRatio": 0.8822323034,
        "researchAndDevelopmentExpenses": 0,
        "generalAndAdministrativeExpenses": 1461107000,
        "sellingAndMarketingExpenses": 4609097000,
        "sellingGeneralAndAdministrativeExpenses": 6070204000,
        "otherExpenses": -13997420000,
        "operatingExpenses": -7927216000,
        "costAndExpenses": -7927216000,
        "interestIncome": 3802306000,
        "interestExpense": 168090000,
        "depreciationAndAmortization": 56715500,
        "ebitda": 6586689500,
        "ebitdaratio": 0.4672200297,
        "operatingIncome": 6170402000,
        "operatingIncomeRatio": 0.437691105,
        "totalOtherIncomeExpensesNet": -1288368000,
        "incomeBeforeTax": 5988458000,
        "incomeBeforeTaxRatio": 0.4247850949,
        "incomeTaxExpense": 1873012000,
        "netIncome": 4129300000,
        "netIncomeRatio": 0.2929076387,
        "eps": 14.04,
        "epsdiluted": 13.24,
        "weightedAverageShsOut": 294109686,
        "weightedAverageShsOutDil": 311880664,
        "link": "https://www.sec.gov/Archives/edgar/data/1816007/000119312521325140/0001193125-21-325140-index.htm",
        "finalLink": "https://www.sec.gov/Archives/edgar/data/1816007/000119312521325140/d225886dex991.htm"
    },
    {
        "date": "2021-06-30",
        "symbol": "LU",
        "reportedCurrency": "CNY",
        "cik": "0001816007",
        "fillingDate": "2021-08-10",
        "acceptedDate": "2021-08-10 09:03:58",
        "calendarYear": "2021",
        "period": "Q2",
        "revenue": 13073766000,
        "costOfRevenue": 1476499000,
        "grossProfit": 11597267000,
        "grossProfitRatio": 0.8870639875,
        "researchAndDevelopmentExpenses": 0,
        "generalAndAdministrativeExpenses": 1314401000,
        "sellingAndMarketingExpenses": 4315895000,
        "sellingGeneralAndAdministrativeExpenses": 5630296000,
        "otherExpenses": -12031803000,
        "operatingExpenses": -6401507000,
        "costAndExpenses": -6401507000,
        "interestIncome": 3226887000,
        "interestExpense": 275974000,
        "depreciationAndAmortization": 56715500,
        "ebitda": 6384662500,
        "ebitdaratio": 0.4883567979,
        "operatingIncome": 6672259000,
        "operatingIncomeRatio": 0.5103547822,
        "totalOtherIncomeExpensesNet": 622130000,
        "incomeBeforeTax": 6351341000,
        "incomeBeforeTaxRatio": 0.4858080679,
        "incomeTaxExpense": 1622650000,
        "netIncome": 4773635000,
        "netIncomeRatio": 0.3651308276,
        "eps": 16,
        "epsdiluted": 14.88,
        "weightedAverageShsOut": 298352187,
        "weightedAverageShsOutDil": 320808804,
        "link": "https://www.sec.gov/Archives/edgar/data/1816007/000119312521241305/0001193125-21-241305-index.htm",
        "finalLink": "https://www.sec.gov/Archives/edgar/data/1816007/000119312521241305/d197321dex991.htm"
    },
    {
        "date": "2021-03-31",
        "symbol": "LU",
        "reportedCurrency": "CNY",
        "cik": "0001816007",
        "fillingDate": "2021-04-27",
        "acceptedDate": "2021-04-27 09:25:58",
        "calendarYear": "2021",
        "period": "Q1",
        "revenue": 13475401000,
        "costOfRevenue": 1521187000,
        "grossProfit": 11954214000,
        "grossProfitRatio": 0.8871137861,
        "researchAndDevelopmentExpenses": 0,
        "generalAndAdministrativeExpenses": 1300298000,
        "sellingAndMarketingExpenses": 4233269000,
        "sellingGeneralAndAdministrativeExpenses": 5533567000,
        "otherExpenses": -11977412000,
        "operatingExpenses": -6443845000,
        "costAndExpenses": -6443845000,
        "interestIncome": 2910924000,
        "interestExpense": 284092000,
        "depreciationAndAmortization": 56715500,
        "ebitda": 7199508500,
        "ebitdaratio": 0.5342704458,
        "operatingIncome": 7031556000,
        "operatingIncomeRatio": 0.5218068093,
        "totalOtherIncomeExpensesNet": -697990000,
        "incomeBeforeTax": 6720735000,
        "incomeBeforeTaxRatio": 0.4987410022,
        "incomeTaxExpense": 1752106000,
        "netIncome": 4995358000,
        "netIncomeRatio": 0.3707019925,
        "eps": 16.72,
        "epsdiluted": 15.64,
        "weightedAverageShsOut": 298765430,
        "weightedAverageShsOutDil": 319396291,
        "link": "https://www.sec.gov/Archives/edgar/data/1816007/000119312521133151/0001193125-21-133151-index.htm",
        "finalLink": "https://www.sec.gov/Archives/edgar/data/1816007/000119312521133151/d179881dex991.htm"
    },
    {
        "date": "2020-12-31",
        "symbol": "LU",
        "reportedCurrency": "CNY",
        "cik": "0001816007",
        "fillingDate": "2020-12-31",
        "acceptedDate": "2020-12-31 00:00:00",
        "calendarYear": "2020",
        "period": "Q4",
        "revenue": 11310271000,
        "costOfRevenue": 2395171000,
        "grossProfit": 8915100000,
        "grossProfitRatio": 0.78823045,
        "researchAndDevelopmentExpenses": 0,
        "generalAndAdministrativeExpenses": 1447253000,
        "sellingAndMarketingExpenses": 4884714000,
        "sellingGeneralAndAdministrativeExpenses": 6331967000,
        "otherExpenses": 16249215000,
        "operatingExpenses": -12078000000,
        "costAndExpenses": -13404007000,
        "interestIncome": 2333233000,
        "interestExpense": 325961000,
        "depreciationAndAmortization": 56715500,
        "ebitda": 9453076500,
        "ebitdaratio": 0.8357957559,
        "operatingIncome": 7869998000,
        "operatingIncomeRatio": 0.6958275359,
        "totalOtherIncomeExpensesNet": -16812752000,
        "incomeBeforeTax": 4180348000,
        "incomeBeforeTaxRatio": 0.3696063516,
        "incomeTaxExpense": 1332865000,
        "netIncome": 2886433000,
        "netIncomeRatio": 0.2552045835,
        "eps": 10,
        "epsdiluted": 10,
        "weightedAverageShsOut": 288643300,
        "weightedAverageShsOutDil": 288643300,
        "link": null,
        "finalLink": null
    },
    {
        "date": "2020-09-30",
        "symbol": "LU",
        "reportedCurrency": "CNY",
        "cik": "0001816007",
        "fillingDate": "2020-12-02",
        "acceptedDate": "2020-12-02 06:02:59",
        "calendarYear": "2020",
        "period": "Q3",
        "revenue": 9805443000,
        "costOfRevenue": 1562413000,
        "grossProfit": 8243030000,
        "grossProfitRatio": 0.8406586016,
        "researchAndDevelopmentExpenses": 0,
        "generalAndAdministrativeExpenses": 1123982000,
        "sellingAndMarketingExpenses": 4308549000,
        "sellingGeneralAndAdministrativeExpenses": 5432531000,
        "otherExpenses": -9937256000,
        "operatingExpenses": -4504725000,
        "costAndExpenses": -4504725000,
        "interestIncome": 2419021000,
        "interestExpense": 1652346000,
        "depreciationAndAmortization": 69257000,
        "ebitda": 5198831000,
        "ebitdaratio": 0.5301984826,
        "operatingIncome": 5300718000,
        "operatingIncomeRatio": 0.5405893441,
        "totalOtherIncomeExpensesNet": -1219857000,
        "incomeBeforeTax": 3621391000,
        "incomeBeforeTaxRatio": 0.369324568,
        "incomeTaxExpense": 1464193000,
        "netIncome": 2184179000,
        "netIncomeRatio": 0.2227516901,
        "eps": 7.16,
        "epsdiluted": 7.16,
        "weightedAverageShsOut": 304919583,
        "weightedAverageShsOutDil": 304919583,
        "link": "https://www.sec.gov/Archives/edgar/data/1816007/000156459020055784/0001564590-20-055784-index.htm",
        "finalLink": "https://www.sec.gov/Archives/edgar/data/1816007/000156459020055784/lu-ex991_6.htm"
    },
    {
        "date": "2020-06-30",
        "symbol": "LU",
        "reportedCurrency": "CNY",
        "cik": "0001816007",
        "fillingDate": "2020-06-30",
        "acceptedDate": "2020-06-30 00:00:00",
        "calendarYear": "2020",
        "period": "Q2",
        "revenue": 10692826000,
        "costOfRevenue": 1526911000,
        "grossProfit": 9165915000,
        "grossProfitRatio": 0.8572022962,
        "researchAndDevelopmentExpenses": 0,
        "generalAndAdministrativeExpenses": 1095268000,
        "sellingAndMarketingExpenses": 4606357000,
        "sellingGeneralAndAdministrativeExpenses": 5701625000,
        "otherExpenses": -11599424000,
        "operatingExpenses": -5897799000,
        "costAndExpenses": -5897799000,
        "interestIncome": 1623605000,
        "interestExpense": 441156000,
        "depreciationAndAmortization": 64395500,
        "ebitda": 4876492500,
        "ebitdaratio": 0.4560527311,
        "operatingIncome": 4795027000,
        "operatingIncomeRatio": 0.4484340248,
        "totalOtherIncomeExpensesNet": -516243000,
        "incomeBeforeTax": 4345912000,
        "incomeBeforeTaxRatio": 0.4064324997,
        "incomeTaxExpense": 1259713000,
        "netIncome": 3094158000,
        "netIncomeRatio": 0.2893676564,
        "eps": 11.3,
        "epsdiluted": 11.3,
        "weightedAverageShsOut": 273982048,
        "weightedAverageShsOutDil": 273982048,
        "link": null,
        "finalLink": null
    },
    {
        "date": "2020-03-31",
        "symbol": "LU",
        "reportedCurrency": "CNY",
        "cik": "0001816007",
        "fillingDate": "2020-03-31",
        "acceptedDate": "2020-03-31 00:00:00",
        "calendarYear": "2020",
        "period": "Q1",
        "revenue": 11325396000,
        "costOfRevenue": 1291695000,
        "grossProfit": 10033701000,
        "grossProfitRatio": 0.8859470344,
        "researchAndDevelopmentExpenses": 0,
        "generalAndAdministrativeExpenses": 1101122000,
        "sellingAndMarketingExpenses": 4013937000,
        "sellingGeneralAndAdministrativeExpenses": 5115059000,
        "otherExpenses": -10228426000,
        "operatingExpenses": -5113367000,
        "costAndExpenses": -5113367000,
        "interestIncome": 1374601000,
        "interestExpense": 446191000,
        "depreciationAndAmortization": 69257000,
        "ebitda": 6206594000,
        "ebitdaratio": 0.5480244576,
        "operatingIncome": 6212029000,
        "operatingIncomeRatio": 0.5485043525,
        "totalOtherIncomeExpensesNet": -234067000,
        "incomeBeforeTax": 5761854000,
        "incomeBeforeTaxRatio": 0.5087551905,
        "incomeTaxExpense": 1576494000,
        "netIncome": 4189344000,
        "netIncomeRatio": 0.3699070655,
        "eps": 15.3,
        "epsdiluted": 15.3,
        "weightedAverageShsOut": 273982048,
        "weightedAverageShsOutDil": 273982048,
        "link": null,
        "finalLink": null
    },
    {
        "date": "2019-12-31",
        "symbol": "LU",
        "reportedCurrency": "CNY",
        "cik": "0001816007",
        "fillingDate": "2019-12-31",
        "acceptedDate": "2019-12-31 00:00:00",
        "calendarYear": "2019",
        "period": "Q4",
        "revenue": 10783476000,
        "costOfRevenue": 1429071000,
        "grossProfit": 9354405000,
        "grossProfitRatio": 0.8674758492,
        "researchAndDevelopmentExpenses": 0,
        "generalAndAdministrativeExpenses": 1224523000,
        "sellingAndMarketingExpenses": 4053250000,
        "sellingGeneralAndAdministrativeExpenses": 5277773000,
        "otherExpenses": -9789383000,
        "operatingExpenses": -4511610000,
        "costAndExpenses": -4511610000,
        "interestIncome": 2643914000,
        "interestExpense": 1873353000,
        "depreciationAndAmortization": 69257000,
        "ebitda": 7026223000,
        "ebitdaratio": 0.6515731106,
        "operatingIncome": 6271866000,
        "operatingIncomeRatio": 0.5816182092,
        "totalOtherIncomeExpensesNet": -3937485000,
        "incomeBeforeTax": 4395569000,
        "incomeBeforeTaxRatio": 0.4076207894,
        "incomeTaxExpense": 1970759000,
        "netIncome": 2427754000,
        "netIncomeRatio": 0.2251364959,
        "eps": 8.94,
        "epsdiluted": 8.94,
        "weightedAverageShsOut": 271294411,
        "weightedAverageShsOutDil": 271294354,
        "link": null,
        "finalLink": null
    },
    {
        "date": "2019-09-30",
        "symbol": "LU",
        "reportedCurrency": "CNY",
        "cik": "0001816007",
        "fillingDate": "2019-09-30",
        "acceptedDate": "2019-09-30 00:00:00",
        "calendarYear": "2019",
        "period": "Q3",
        "revenue": 10045814000,
        "costOfRevenue": 1482164000,
        "grossProfit": 8563650000,
        "grossProfitRatio": 0.8524595419,
        "researchAndDevelopmentExpenses": 0,
        "generalAndAdministrativeExpenses": 1196980000,
        "sellingAndMarketingExpenses": 3769599000,
        "sellingGeneralAndAdministrativeExpenses": 4966579000,
        "otherExpenses": -10017886000,
        "operatingExpenses": -5051307000,
        "costAndExpenses": -5051307000,
        "interestIncome": 768607000,
        "interestExpense": 296787000,
        "depreciationAndAmortization": 74061500,
        "ebitda": 5041772500,
        "ebitdaratio": 0.5018779464,
        "operatingIncome": 4994507000,
        "operatingIncomeRatio": 0.4971729518,
        "totalOtherIncomeExpensesNet": -236247000,
        "incomeBeforeTax": 4691104000,
        "incomeBeforeTaxRatio": 0.466971019,
        "incomeTaxExpense": 1276882000,
        "netIncome": 3420838000,
        "netIncomeRatio": 0.3405237246,
        "eps": 12.48,
        "epsdiluted": 12.48,
        "weightedAverageShsOut": 273982048,
        "weightedAverageShsOutDil": 273982048,
        "link": null,
        "finalLink": null
    },
    {
        "date": "2019-06-30",
        "symbol": "LU",
        "reportedCurrency": "CNY",
        "cik": "0001816007",
        "fillingDate": "2019-06-30",
        "acceptedDate": "2019-06-29 20:00:00",
        "calendarYear": "2019",
        "period": "Q2",
        "revenue": 11641346000,
        "costOfRevenue": 1307068000,
        "grossProfit": 10334278000,
        "grossProfitRatio": 0.8877219181,
        "researchAndDevelopmentExpenses": 0,
        "generalAndAdministrativeExpenses": 1191903000,
        "sellingAndMarketingExpenses": 3554123500,
        "sellingGeneralAndAdministrativeExpenses": 5021313500,
        "otherExpenses": 0,
        "operatingExpenses": 4567512000,
        "costAndExpenses": 5874580000,
        "interestIncome": 593182000,
        "interestExpense": 0,
        "depreciationAndAmortization": 74061500,
        "ebitda": 5387026000,
        "ebitdaratio": 0.4627494106,
        "operatingIncome": 5312964500,
        "operatingIncomeRatio": 0.4563874744,
        "totalOtherIncomeExpensesNet": -139380500,
        "incomeBeforeTax": 5173584000,
        "incomeBeforeTaxRatio": 0.4444145892,
        "incomeTaxExpense": 1434528000,
        "netIncome": 3741919500,
        "netIncomeRatio": 0.3214335782,
        "eps": 13.18,
        "epsdiluted": 13.74,
        "weightedAverageShsOut": 283988121,
        "weightedAverageShsOutDil": 272234752,
        "link": null,
        "finalLink": null
    },
    {
        "date": "2019-03-31",
        "symbol": "LU",
        "reportedCurrency": "CNY",
        "cik": "0001816007",
        "fillingDate": "2019-03-31",
        "acceptedDate": "2019-03-30 20:00:00",
        "calendarYear": "2019",
        "period": "Q1",
        "revenue": 11805086000,
        "costOfRevenue": 1189925000,
        "grossProfit": 10615161000,
        "grossProfitRatio": 0.8992023438,
        "researchAndDevelopmentExpenses": 0,
        "generalAndAdministrativeExpenses": 1191903000,
        "sellingAndMarketingExpenses": 3554123500,
        "sellingGeneralAndAdministrativeExpenses": 4940894500,
        "otherExpenses": 0,
        "operatingExpenses": 5204707000,
        "costAndExpenses": 6394632000,
        "interestIncome": 236870000,
        "interestExpense": 0,
        "depreciationAndAmortization": 74061500,
        "ebitda": 5748328000,
        "ebitdaratio": 0.4869365628,
        "operatingIncome": 5674266500,
        "operatingIncomeRatio": 0.4806628685,
        "totalOtherIncomeExpensesNet": -500682500,
        "incomeBeforeTax": 5173584000,
        "incomeBeforeTaxRatio": 0.4382504287,
        "incomeTaxExpense": 1434528000,
        "netIncome": 3741919500,
        "netIncomeRatio": 0.3169752004,
        "eps": 13.76,
        "epsdiluted": 13.2,
        "weightedAverageShsOut": 272038698,
        "weightedAverageShsOutDil": 283297467,
        "link": null,
        "finalLink": null
    },
    {
        "date": "2018-06-30",
        "symbol": "LU",
        "reportedCurrency": "CNY",
        "cik": "0001816007",
        "fillingDate": "2018-06-30",
        "acceptedDate": "2018-06-29 20:00:00",
        "calendarYear": "2018",
        "period": "Q2",
        "revenue": 8820675000,
        "costOfRevenue": 0,
        "grossProfit": 8820675000,
        "grossProfitRatio": 1,
        "researchAndDevelopmentExpenses": 0,
        "generalAndAdministrativeExpenses": 1113707750,
        "sellingAndMarketingExpenses": 2691741500,
        "sellingGeneralAndAdministrativeExpenses": 3805449250,
        "otherExpenses": -6592135000,
        "operatingExpenses": -2786685750,
        "costAndExpenses": -2786685750,
        "interestIncome": 0,
        "interestExpense": 1360675750,
        "depreciationAndAmortization": 237866000,
        "ebitda": 6271855250,
        "ebitdaratio": 0.7110402832,
        "operatingIncome": 6033989250,
        "operatingIncomeRatio": 0.6840734127,
        "totalOtherIncomeExpensesNet": -1371674250,
        "incomeBeforeTax": 4662315000,
        "incomeBeforeTaxRatio": 0.5285666913,
        "incomeTaxExpense": 1268331500,
        "netIncome": 3393983500,
        "netIncomeRatio": 0.3847759383,
        "eps": 12.68,
        "epsdiluted": 12.68,
        "weightedAverageShsOut": 267677683,
        "weightedAverageShsOutDil": 267677673,
        "link": "",
        "finalLink": ""
    },
    {
        "date": "2018-03-31",
        "symbol": "LU",
        "reportedCurrency": "CNY",
        "cik": "0001816007",
        "fillingDate": "2018-03-31",
        "acceptedDate": "2018-03-30 20:00:00",
        "calendarYear": "2018",
        "period": "Q1",
        "revenue": 8820675000,
        "costOfRevenue": 0,
        "grossProfit": 8820675000,
        "grossProfitRatio": 1,
        "researchAndDevelopmentExpenses": 0,
        "generalAndAdministrativeExpenses": 1113707750,
        "sellingAndMarketingExpenses": 2691741500,
        "sellingGeneralAndAdministrativeExpenses": 3805449250,
        "otherExpenses": -6592135000,
        "operatingExpenses": -2786685750,
        "costAndExpenses": -2786685750,
        "interestIncome": 0,
        "interestExpense": 1360675750,
        "depreciationAndAmortization": 237866000,
        "ebitda": 6271855250,
        "ebitdaratio": 0.7110402832,
        "operatingIncome": 6033989250,
        "operatingIncomeRatio": 0.6840734127,
        "totalOtherIncomeExpensesNet": -1371674250,
        "incomeBeforeTax": 4662315000,
        "incomeBeforeTaxRatio": 0.5285666913,
        "incomeTaxExpense": 1268331500,
        "netIncome": 3393983500,
        "netIncomeRatio": 0.3847759383,
        "eps": 12.68,
        "epsdiluted": 12.68,
        "weightedAverageShsOut": 267677683,
        "weightedAverageShsOutDil": 267677673,
        "link": "",
        "finalLink": ""
    },
    {
        "date": "2017-06-30",
        "symbol": "LU",
        "reportedCurrency": "CNY",
        "cik": "0001816007",
        "fillingDate": "2017-06-30",
        "acceptedDate": "2017-06-29 20:00:00",
        "calendarYear": "2017",
        "period": "Q2",
        "revenue": 5910956500,
        "costOfRevenue": 0,
        "grossProfit": 5910956500,
        "grossProfitRatio": 1,
        "researchAndDevelopmentExpenses": 0,
        "generalAndAdministrativeExpenses": 1031237500,
        "sellingAndMarketingExpenses": 1862746000,
        "sellingGeneralAndAdministrativeExpenses": 2893983500,
        "otherExpenses": -4554347000,
        "operatingExpenses": -1660363500,
        "costAndExpenses": -1660363500,
        "interestIncome": 0,
        "interestExpense": 2175047250,
        "depreciationAndAmortization": 217432000,
        "ebitda": 4468025000,
        "ebitdaratio": 0.755888662,
        "operatingIncome": 4250593000,
        "operatingIncomeRatio": 0.7191040909,
        "totalOtherIncomeExpensesNet": -2159665000,
        "incomeBeforeTax": 2090928000,
        "incomeBeforeTaxRatio": 0.3537376734,
        "incomeTaxExpense": 584180750,
        "netIncome": 1506747250,
        "netIncomeRatio": 0.2549075179,
        "eps": 5.6,
        "epsdiluted": 5.6,
        "weightedAverageShsOut": 269217337,
        "weightedAverageShsOutDil": 269217337,
        "link": "",
        "finalLink": ""
    },
    {
        "date": "2017-03-31",
        "symbol": "LU",
        "reportedCurrency": "CNY",
        "cik": "0001816007",
        "fillingDate": "2017-03-31",
        "acceptedDate": "2017-03-30 20:00:00",
        "calendarYear": "2017",
        "period": "Q1",
        "revenue": 5910956500,
        "costOfRevenue": 0,
        "grossProfit": 5910956500,
        "grossProfitRatio": 1,
        "researchAndDevelopmentExpenses": 0,
        "generalAndAdministrativeExpenses": 1031237500,
        "sellingAndMarketingExpenses": 1862746000,
        "sellingGeneralAndAdministrativeExpenses": 2893983500,
        "otherExpenses": -4554347000,
        "operatingExpenses": -1660363500,
        "costAndExpenses": -1660363500,
        "interestIncome": 0,
        "interestExpense": 2175047250,
        "depreciationAndAmortization": 217432000,
        "ebitda": 4468025000,
        "ebitdaratio": 0.755888662,
        "operatingIncome": 4250593000,
        "operatingIncomeRatio": 0.7191040909,
        "totalOtherIncomeExpensesNet": -2159665000,
        "incomeBeforeTax": 2090928000,
        "incomeBeforeTaxRatio": 0.3537376734,
        "incomeTaxExpense": 584180750,
        "netIncome": 1506747250,
        "netIncomeRatio": 0.2549075179,
        "eps": 5.6,
        "epsdiluted": 5.6,
        "weightedAverageShsOut": 269217337,
        "weightedAverageShsOutDil": 269217337,
        "link": "",
        "finalLink": ""
    },
    {
        "date": "2017-01-31",
        "symbol": "LU",
        "reportedCurrency": "CNY",
        "cik": "0001816007",
        "fillingDate": "2017-01-31",
        "acceptedDate": "2017-01-30 19:00:00",
        "calendarYear": "2016",
        "period": "Q4",
        "revenue": 5910956500,
        "costOfRevenue": 0,
        "grossProfit": 5910956500,
        "grossProfitRatio": 1,
        "researchAndDevelopmentExpenses": 0,
        "generalAndAdministrativeExpenses": 1031237500,
        "sellingAndMarketingExpenses": 1862746000,
        "sellingGeneralAndAdministrativeExpenses": 2893983500,
        "otherExpenses": -4554347000,
        "operatingExpenses": -1660363500,
        "costAndExpenses": -1660363500,
        "interestIncome": 0,
        "interestExpense": 2175047250,
        "depreciationAndAmortization": 217432000,
        "ebitda": 4468025000,
        "ebitdaratio": 0.755888662,
        "operatingIncome": 4250593000,
        "operatingIncomeRatio": 0.7191040909,
        "totalOtherIncomeExpensesNet": -2159665000,
        "incomeBeforeTax": 2090928000,
        "incomeBeforeTaxRatio": 0.3537376734,
        "incomeTaxExpense": 584180750,
        "netIncome": 1506747250,
        "netIncomeRatio": 0.2549075179,
        "eps": 5.6,
        "epsdiluted": 5.6,
        "weightedAverageShsOut": 269217337,
        "weightedAverageShsOutDil": 269217337,
        "link": "",
        "finalLink": ""
    }
]