[
    {
        "date": "2016-09-30",
        "symbol": "LXK",
        "reportedCurrency": "USD",
        "cik": "0001001288",
        "fillingDate": "2016-11-04",
        "acceptedDate": "2016-11-04 11:29:52",
        "calendarYear": "2016",
        "period": "Q3",
        "revenue": 843900000,
        "costOfRevenue": 514500000,
        "grossProfit": 329400000,
        "grossProfitRatio": 0.3903306079,
        "researchAndDevelopmentExpenses": 68500000,
        "generalAndAdministrativeExpenses": 228400000,
        "sellingAndMarketingExpenses": 0,
        "sellingGeneralAndAdministrativeExpenses": 228400000,
        "otherExpenses": 0,
        "operatingExpenses": 296900000,
        "costAndExpenses": 811400000,
        "interestIncome": 0,
        "interestExpense": 0,
        "depreciationAndAmortization": 69000000,
        "ebitda": 92100000,
        "ebitdaratio": 0.1091361536,
        "operatingIncome": 35900000,
        "operatingIncomeRatio": 0.0425405854,
        "totalOtherIncomeExpensesNet": -12800000,
        "incomeBeforeTax": 23100000,
        "incomeBeforeTaxRatio": 0.0273729115,
        "incomeTaxExpense": 4800000,
        "netIncome": 18300000,
        "netIncomeRatio": 0.0216850338,
        "eps": 0.29,
        "epsdiluted": 0.29,
        "weightedAverageShsOut": 62800000,
        "weightedAverageShsOutDil": 62800000,
        "link": "https://www.sec.gov/Archives/edgar/data/1001288/000100128816000088/0001001288-16-000088-index.html",
        "finalLink": "https://www.sec.gov/Archives/edgar/data/1001288/000100128816000088/thirdqtr201610q.htm"
    },
    {
        "date": "2016-06-30",
        "symbol": "LXK",
        "reportedCurrency": "USD",
        "cik": "0001001288",
        "fillingDate": "2016-08-05",
        "acceptedDate": "2016-08-05 14:29:52",
        "calendarYear": "2016",
        "period": "Q2",
        "revenue": 862600000,
        "costOfRevenue": 525600000,
        "grossProfit": 337000000,
        "grossProfitRatio": 0.3906793415,
        "researchAndDevelopmentExpenses": 75800000,
        "generalAndAdministrativeExpenses": 241900000,
        "sellingAndMarketingExpenses": 0,
        "sellingGeneralAndAdministrativeExpenses": 241900000,
        "otherExpenses": 0,
        "operatingExpenses": 317700000,
        "costAndExpenses": 843300000,
        "interestIncome": 0,
        "interestExpense": 0,
        "depreciationAndAmortization": 71000000,
        "ebitda": 83500000,
        "ebitdaratio": 0.096800371,
        "operatingIncome": 22900000,
        "operatingIncomeRatio": 0.0265476466,
        "totalOtherIncomeExpensesNet": -11800000,
        "incomeBeforeTax": 11100000,
        "incomeBeforeTaxRatio": 0.0128680733,
        "incomeTaxExpense": 46500000,
        "netIncome": -34000000,
        "netIncomeRatio": -0.0394157199,
        "eps": -0.54,
        "epsdiluted": -0.54,
        "weightedAverageShsOut": 62600000,
        "weightedAverageShsOutDil": 62600000,
        "link": "https://www.sec.gov/Archives/edgar/data/1001288/000100128816000082/0001001288-16-000082-index.htm",
        "finalLink": "https://www.sec.gov/Archives/edgar/data/1001288/000100128816000082/secondqtr201610q.htm"
    },
    {
        "date": "2016-03-31",
        "symbol": "LXK",
        "reportedCurrency": "USD",
        "cik": "0001001288",
        "fillingDate": "2016-04-29",
        "acceptedDate": "2016-04-29 15:33:22",
        "calendarYear": "2016",
        "period": "Q1",
        "revenue": 806200000,
        "costOfRevenue": 499800000,
        "grossProfit": 306400000,
        "grossProfitRatio": 0.380054577,
        "researchAndDevelopmentExpenses": 83700000,
        "generalAndAdministrativeExpenses": 272800000,
        "sellingAndMarketingExpenses": 0,
        "sellingGeneralAndAdministrativeExpenses": 272800000,
        "otherExpenses": 0,
        "operatingExpenses": 356500000,
        "costAndExpenses": 856300000,
        "interestIncome": 0,
        "interestExpense": 0,
        "depreciationAndAmortization": 72000000,
        "ebitda": 22000000,
        "ebitdaratio": 0.027288514,
        "operatingIncome": -38000000,
        "operatingIncomeRatio": -0.047134706,
        "totalOtherIncomeExpensesNet": -12000000,
        "incomeBeforeTax": -50000000,
        "incomeBeforeTaxRatio": -0.06201935,
        "incomeTaxExpense": -10000000,
        "netIncome": -40000000,
        "netIncomeRatio": -0.04961548,
        "eps": -0.64,
        "epsdiluted": -0.64,
        "weightedAverageShsOut": 62300000,
        "weightedAverageShsOutDil": 62300000,
        "link": "https://www.sec.gov/Archives/edgar/data/1001288/000100128816000069/0001001288-16-000069-index.html",
        "finalLink": "https://www.sec.gov/Archives/edgar/data/1001288/000100128816000069/firstqtr201610q.htm"
    },
    {
        "date": "2015-12-31",
        "symbol": "LXK",
        "reportedCurrency": "USD",
        "cik": "0001001288",
        "fillingDate": "2016-02-29",
        "acceptedDate": "2016-02-29 16:38:43",
        "calendarYear": "2015",
        "period": "Q4",
        "revenue": 968800000,
        "costOfRevenue": 583600000,
        "grossProfit": 385200000,
        "grossProfitRatio": 0.3976052849,
        "researchAndDevelopmentExpenses": 87300000,
        "generalAndAdministrativeExpenses": 278100000,
        "sellingAndMarketingExpenses": 42800000,
        "sellingGeneralAndAdministrativeExpenses": 320900000,
        "otherExpenses": 0,
        "operatingExpenses": 408200000,
        "costAndExpenses": 991800000,
        "interestIncome": 0,
        "interestExpense": 46500000,
        "depreciationAndAmortization": 80000000,
        "ebitda": 92500000,
        "ebitdaratio": 0.095478943,
        "operatingIncome": -23000000,
        "operatingIncomeRatio": -0.0237407102,
        "totalOtherIncomeExpensesNet": -11000000,
        "incomeBeforeTax": -34000000,
        "incomeBeforeTaxRatio": -0.0350949628,
        "incomeTaxExpense": -24000000,
        "netIncome": -10000000,
        "netIncomeRatio": -0.0103220479,
        "eps": -0.16,
        "epsdiluted": -0.16,
        "weightedAverageShsOut": 61600000,
        "weightedAverageShsOutDil": 61600000,
        "link": "https://www.sec.gov/Archives/edgar/data/1001288/000100128816000062/0001001288-16-000062-index.html",
        "finalLink": "https://www.sec.gov/Archives/edgar/data/1001288/000100128816000062/form10k.htm"
    },
    {
        "date": "2015-09-30",
        "symbol": "LXK",
        "reportedCurrency": "USD",
        "cik": "0001001288",
        "fillingDate": "2015-11-09",
        "acceptedDate": "2015-11-09 15:57:39",
        "calendarYear": "2015",
        "period": "Q3",
        "revenue": 851100000,
        "costOfRevenue": 531500000,
        "grossProfit": 319600000,
        "grossProfitRatio": 0.3755140407,
        "researchAndDevelopmentExpenses": 81700000,
        "generalAndAdministrativeExpenses": 263800000,
        "sellingAndMarketingExpenses": -1400000,
        "sellingGeneralAndAdministrativeExpenses": 262400000,
        "otherExpenses": 0,
        "operatingExpenses": 344100000,
        "costAndExpenses": 875600000,
        "interestIncome": 0,
        "interestExpense": 0,
        "depreciationAndAmortization": 80000000,
        "ebitda": 42000000,
        "ebitdaratio": 0.0493479027,
        "operatingIncome": -24000000,
        "operatingIncomeRatio": -0.0281988016,
        "totalOtherIncomeExpensesNet": -14000000,
        "incomeBeforeTax": -38000000,
        "incomeBeforeTaxRatio": -0.0446481025,
        "incomeTaxExpense": -24000000,
        "netIncome": -14000000,
        "netIncomeRatio": -0.0164493009,
        "eps": -0.23,
        "epsdiluted": -0.23,
        "weightedAverageShsOut": 61500000,
        "weightedAverageShsOutDil": 61500000,
        "link": "https://www.sec.gov/Archives/edgar/data/1001288/000100128815000054/0001001288-15-000054-index.html",
        "finalLink": "https://www.sec.gov/Archives/edgar/data/1001288/000100128815000054/thirdqtr201510q.htm"
    },
    {
        "date": "2015-06-30",
        "symbol": "LXK",
        "reportedCurrency": "USD",
        "cik": "0001001288",
        "fillingDate": "2015-07-31",
        "acceptedDate": "2015-07-31 13:46:30",
        "calendarYear": "2015",
        "period": "Q2",
        "revenue": 879300000,
        "costOfRevenue": 517200000,
        "grossProfit": 362100000,
        "grossProfitRatio": 0.4118048448,
        "researchAndDevelopmentExpenses": 85500000,
        "generalAndAdministrativeExpenses": 262000000,
        "sellingAndMarketingExpenses": 33600000,
        "sellingGeneralAndAdministrativeExpenses": 295600000,
        "otherExpenses": 0,
        "operatingExpenses": 381100000,
        "costAndExpenses": 898300000,
        "interestIncome": 0,
        "interestExpense": 0,
        "depreciationAndAmortization": 77000000,
        "ebitda": 49600000,
        "ebitdaratio": 0.0564085068,
        "operatingIncome": -19000000,
        "operatingIncomeRatio": -0.0216080974,
        "totalOtherIncomeExpensesNet": -9000000,
        "incomeBeforeTax": -28000000,
        "incomeBeforeTaxRatio": -0.0318435119,
        "incomeTaxExpense": 7600000,
        "netIncome": -35000000,
        "netIncomeRatio": -0.0398043899,
        "eps": -0.57,
        "epsdiluted": -0.57,
        "weightedAverageShsOut": 61400000,
        "weightedAverageShsOutDil": 61400000,
        "link": "https://www.sec.gov/Archives/edgar/data/1001288/000100128815000037/0001001288-15-000037-index.html",
        "finalLink": "https://www.sec.gov/Archives/edgar/data/1001288/000100128815000037/secondqtr201510q.htm"
    },
    {
        "date": "2015-03-31",
        "symbol": "LXK",
        "reportedCurrency": "USD",
        "cik": "0001001288",
        "fillingDate": "2015-04-30",
        "acceptedDate": "2015-04-30 16:18:59",
        "calendarYear": "2015",
        "period": "Q1",
        "revenue": 852000000,
        "costOfRevenue": 522100000,
        "grossProfit": 329900000,
        "grossProfitRatio": 0.3872065728,
        "researchAndDevelopmentExpenses": 77700000,
        "generalAndAdministrativeExpenses": 210200000,
        "sellingAndMarketingExpenses": 0,
        "sellingGeneralAndAdministrativeExpenses": 210200000,
        "otherExpenses": 0,
        "operatingExpenses": 287900000,
        "costAndExpenses": 810000000,
        "interestIncome": 0,
        "interestExpense": 0,
        "depreciationAndAmortization": 65000000,
        "ebitda": 98700000,
        "ebitdaratio": 0.1158450704,
        "operatingIncome": 42200000,
        "operatingIncomeRatio": 0.0495305164,
        "totalOtherIncomeExpensesNet": -8500000,
        "incomeBeforeTax": 33700000,
        "incomeBeforeTaxRatio": 0.0395539906,
        "incomeTaxExpense": 14000000,
        "netIncome": 19700000,
        "netIncomeRatio": 0.0231220657,
        "eps": 0.32,
        "epsdiluted": 0.32,
        "weightedAverageShsOut": 61300000,
        "weightedAverageShsOutDil": 62400000,
        "link": "https://www.sec.gov/Archives/edgar/data/1001288/000100128815000021/0001001288-15-000021-index.html",
        "finalLink": "https://www.sec.gov/Archives/edgar/data/1001288/000100128815000021/firstqtr201510q.htm"
    },
    {
        "date": "2014-12-31",
        "symbol": "LXK",
        "reportedCurrency": "USD",
        "cik": "0001001288",
        "fillingDate": "2015-03-02",
        "acceptedDate": "2015-03-02 14:09:29",
        "calendarYear": "2014",
        "period": "Q4",
        "revenue": 1022900000,
        "costOfRevenue": 663200000,
        "grossProfit": 359700000,
        "grossProfitRatio": 0.3516472773,
        "researchAndDevelopmentExpenses": 107300000,
        "generalAndAdministrativeExpenses": 270700000,
        "sellingAndMarketingExpenses": 3300000,
        "sellingGeneralAndAdministrativeExpenses": 274000000,
        "otherExpenses": 0,
        "operatingExpenses": 381300000,
        "costAndExpenses": 1044500000,
        "interestIncome": 0,
        "interestExpense": 42500000,
        "depreciationAndAmortization": 64000000,
        "ebitda": 74500000,
        "ebitdaratio": 0.0728321439,
        "operatingIncome": -21000000,
        "operatingIncomeRatio": -0.0205298661,
        "totalOtherIncomeExpensesNet": -11000000,
        "incomeBeforeTax": -32000000,
        "incomeBeforeTaxRatio": -0.0312836054,
        "incomeTaxExpense": -6000000,
        "netIncome": -26000000,
        "netIncomeRatio": -0.0254179294,
        "eps": -0.42,
        "epsdiluted": -0.41,
        "weightedAverageShsOut": 62000000,
        "weightedAverageShsOutDil": 63200000,
        "link": "https://www.sec.gov/Archives/edgar/data/1001288/000100128815000013/0001001288-15-000013-index.htm",
        "finalLink": "https://www.sec.gov/Archives/edgar/data/1001288/000100128815000013/form10k.htm"
    },
    {
        "date": "2014-09-30",
        "symbol": "LXK",
        "reportedCurrency": "USD",
        "cik": "0001001288",
        "fillingDate": "2014-10-31",
        "acceptedDate": "2014-10-31 09:31:05",
        "calendarYear": "2014",
        "period": "Q3",
        "revenue": 918100000,
        "costOfRevenue": 560800000,
        "grossProfit": 357300000,
        "grossProfitRatio": 0.3891732927,
        "researchAndDevelopmentExpenses": 87200000,
        "generalAndAdministrativeExpenses": 208900000,
        "sellingAndMarketingExpenses": 6700000,
        "sellingGeneralAndAdministrativeExpenses": 215600000,
        "otherExpenses": 0,
        "operatingExpenses": 302800000,
        "costAndExpenses": 863600000,
        "interestIncome": 0,
        "interestExpense": 0,
        "depreciationAndAmortization": 64000000,
        "ebitda": 109200000,
        "ebitdaratio": 0.1189412918,
        "operatingIncome": 54500000,
        "operatingIncomeRatio": 0.0593617253,
        "totalOtherIncomeExpensesNet": -9300000,
        "incomeBeforeTax": 45200000,
        "incomeBeforeTaxRatio": 0.0492321098,
        "incomeTaxExpense": 7300000,
        "netIncome": 37900000,
        "netIncomeRatio": 0.0412809062,
        "eps": 0.61,
        "epsdiluted": 0.6,
        "weightedAverageShsOut": 62100000,
        "weightedAverageShsOutDil": 63400000,
        "link": "https://www.sec.gov/Archives/edgar/data/1001288/000100128814000051/0001001288-14-000051-index.html",
        "finalLink": "https://www.sec.gov/Archives/edgar/data/1001288/000100128814000051/thirdqtr201410q.htm"
    },
    {
        "date": "2014-06-30",
        "symbol": "LXK",
        "reportedCurrency": "USD",
        "cik": "0001001288",
        "fillingDate": "2014-08-01",
        "acceptedDate": "2014-08-01 09:05:21",
        "calendarYear": "2014",
        "period": "Q2",
        "revenue": 891800000,
        "costOfRevenue": 540600000,
        "grossProfit": 351200000,
        "grossProfitRatio": 0.3938102714,
        "researchAndDevelopmentExpenses": 81000000,
        "generalAndAdministrativeExpenses": 201500000,
        "sellingAndMarketingExpenses": 6300000,
        "sellingGeneralAndAdministrativeExpenses": 207800000,
        "otherExpenses": 0,
        "operatingExpenses": 288800000,
        "costAndExpenses": 829400000,
        "interestIncome": 0,
        "interestExpense": 0,
        "depreciationAndAmortization": 65000000,
        "ebitda": 119700000,
        "ebitdaratio": 0.1342229199,
        "operatingIncome": 62400000,
        "operatingIncomeRatio": 0.0699708455,
        "totalOtherIncomeExpensesNet": -7700000,
        "incomeBeforeTax": 54700000,
        "incomeBeforeTaxRatio": 0.0613366226,
        "incomeTaxExpense": 17200000,
        "netIncome": 37500000,
        "netIncomeRatio": 0.0420497869,
        "eps": 0.6,
        "epsdiluted": 0.59,
        "weightedAverageShsOut": 62100000,
        "weightedAverageShsOutDil": 63400000,
        "link": "https://www.sec.gov/Archives/edgar/data/1001288/000100128814000039/0001001288-14-000039-index.html",
        "finalLink": "https://www.sec.gov/Archives/edgar/data/1001288/000100128814000039/secondqtr201410q.htm"
    },
    {
        "date": "2014-03-31",
        "symbol": "LXK",
        "reportedCurrency": "USD",
        "cik": "0001001288",
        "fillingDate": "2014-05-02",
        "acceptedDate": "2014-05-02 15:16:52",
        "calendarYear": "2014",
        "period": "Q1",
        "revenue": 877700000,
        "costOfRevenue": 536100000,
        "grossProfit": 341600000,
        "grossProfitRatio": 0.389199043,
        "researchAndDevelopmentExpenses": 79000000,
        "generalAndAdministrativeExpenses": 207100000,
        "sellingAndMarketingExpenses": 1600000,
        "sellingGeneralAndAdministrativeExpenses": 208700000,
        "otherExpenses": 0,
        "operatingExpenses": 287700000,
        "costAndExpenses": 823800000,
        "interestIncome": 0,
        "interestExpense": 0,
        "depreciationAndAmortization": 66000000,
        "ebitda": 111300000,
        "ebitdaratio": 0.1268087046,
        "operatingIncome": 53900000,
        "operatingIncomeRatio": 0.0614105047,
        "totalOtherIncomeExpensesNet": -8600000,
        "incomeBeforeTax": 45300000,
        "incomeBeforeTaxRatio": 0.0516121682,
        "incomeTaxExpense": 16000000,
        "netIncome": 29300000,
        "netIncomeRatio": 0.0333827048,
        "eps": 0.47,
        "epsdiluted": 0.46,
        "weightedAverageShsOut": 62100000,
        "weightedAverageShsOutDil": 63400000,
        "link": "https://www.sec.gov/Archives/edgar/data/1001288/000100128814000017/0001001288-14-000017-index.htm",
        "finalLink": "https://www.sec.gov/Archives/edgar/data/1001288/000100128814000017/firstqtr201410q.htm"
    },
    {
        "date": "2013-12-31",
        "symbol": "LXK",
        "reportedCurrency": "USD",
        "cik": "0001001288",
        "fillingDate": "2014-03-03",
        "acceptedDate": "2014-03-03 10:36:25",
        "calendarYear": "2013",
        "period": "Q4",
        "revenue": 1006100000,
        "costOfRevenue": 583100000,
        "grossProfit": 423000000,
        "grossProfitRatio": 0.4204353444,
        "researchAndDevelopmentExpenses": 41700000,
        "generalAndAdministrativeExpenses": 199600000,
        "sellingAndMarketingExpenses": 0,
        "sellingGeneralAndAdministrativeExpenses": 199600000,
        "otherExpenses": 0,
        "operatingExpenses": 241300000,
        "costAndExpenses": 824400000,
        "interestIncome": 0,
        "interestExpense": 44000000,
        "depreciationAndAmortization": 67000000,
        "ebitda": 277700000,
        "ebitdaratio": 0.2760163006,
        "operatingIncome": 175600000,
        "operatingIncomeRatio": 0.1745353345,
        "totalOtherIncomeExpensesNet": -8900000,
        "incomeBeforeTax": 166700000,
        "incomeBeforeTaxRatio": 0.1656892953,
        "incomeTaxExpense": 57100000,
        "netIncome": 109600000,
        "netIncomeRatio": 0.1089354935,
        "eps": 1.74,
        "epsdiluted": 1.71,
        "weightedAverageShsOut": 63000000,
        "weightedAverageShsOutDil": 64100000,
        "link": "https://www.sec.gov/Archives/edgar/data/1001288/000100128814000011/0001001288-14-000011-index.htm",
        "finalLink": "https://www.sec.gov/Archives/edgar/data/1001288/000100128814000011/form10k.htm"
    },
    {
        "date": "2013-09-30",
        "symbol": "LXK",
        "reportedCurrency": "USD",
        "cik": "0001001288",
        "fillingDate": "2013-11-07",
        "acceptedDate": "2013-11-07 11:26:28",
        "calendarYear": "2013",
        "period": "Q3",
        "revenue": 890500000,
        "costOfRevenue": 544400000,
        "grossProfit": 346100000,
        "grossProfitRatio": 0.3886580573,
        "researchAndDevelopmentExpenses": 83300000,
        "generalAndAdministrativeExpenses": 202900000,
        "sellingAndMarketingExpenses": 0,
        "sellingGeneralAndAdministrativeExpenses": 202900000,
        "otherExpenses": 0,
        "operatingExpenses": 286200000,
        "costAndExpenses": 830600000,
        "interestIncome": 0,
        "interestExpense": 0,
        "depreciationAndAmortization": 60000000,
        "ebitda": 103500000,
        "ebitdaratio": 0.1162268389,
        "operatingIncome": 52300000,
        "operatingIncomeRatio": 0.05873105,
        "totalOtherIncomeExpensesNet": -8800000,
        "incomeBeforeTax": 43500000,
        "incomeBeforeTaxRatio": 0.0488489613,
        "incomeTaxExpense": 15000000,
        "netIncome": 28500000,
        "netIncomeRatio": 0.0320044919,
        "eps": 0.45,
        "epsdiluted": 0.44,
        "weightedAverageShsOut": 63200000,
        "weightedAverageShsOutDil": 64300000,
        "link": "https://www.sec.gov/Archives/edgar/data/1001288/000100128813000039/0001001288-13-000039-index.htm",
        "finalLink": "https://www.sec.gov/Archives/edgar/data/1001288/000100128813000039/thirdqtr201310q.htm"
    },
    {
        "date": "2013-06-30",
        "symbol": "LXK",
        "reportedCurrency": "USD",
        "cik": "0001001288",
        "fillingDate": "2013-08-08",
        "acceptedDate": "2013-08-07 20:00:00",
        "calendarYear": "2013",
        "period": "Q2",
        "revenue": 886700000,
        "costOfRevenue": 546500000,
        "grossProfit": 340200000,
        "grossProfitRatio": 0.3836697869,
        "researchAndDevelopmentExpenses": 80600000,
        "generalAndAdministrativeExpenses": 204600000,
        "sellingAndMarketingExpenses": 0,
        "sellingGeneralAndAdministrativeExpenses": 204600000,
        "otherExpenses": 0,
        "operatingExpenses": 285200000,
        "costAndExpenses": 831700000,
        "interestIncome": 0,
        "interestExpense": 0,
        "depreciationAndAmortization": -62100000,
        "ebitda": 55900000,
        "ebitdaratio": 0.0630427428,
        "operatingIncome": 127300000,
        "operatingIncomeRatio": 0.1435660314,
        "totalOtherIncomeExpensesNet": -9300000,
        "incomeBeforeTax": 118000000,
        "incomeBeforeTaxRatio": 0.1330777038,
        "incomeTaxExpense": 29100000,
        "netIncome": 88900000,
        "netIncomeRatio": 0.1002593887,
        "eps": 1.4,
        "epsdiluted": 1.38,
        "weightedAverageShsOut": 63400000,
        "weightedAverageShsOutDil": 64400000,
        "link": "https://www.sec.gov/Archives/edgar/data/1001288/000100128813000029/0001001288-13-000029-index.htm",
        "finalLink": "https://www.sec.gov/Archives/edgar/data/1001288/000100128813000029/secondqtr201310q.htm"
    },
    {
        "date": "2013-03-31",
        "symbol": "LXK",
        "reportedCurrency": "USD",
        "cik": "0001001288",
        "fillingDate": "2013-05-09",
        "acceptedDate": "2013-05-08 20:00:00",
        "calendarYear": "2013",
        "period": "Q1",
        "revenue": 884300000,
        "costOfRevenue": 549700000,
        "grossProfit": 334600000,
        "grossProfitRatio": 0.3783783784,
        "researchAndDevelopmentExpenses": 81600000,
        "generalAndAdministrativeExpenses": 203000000,
        "sellingAndMarketingExpenses": 0,
        "sellingGeneralAndAdministrativeExpenses": 203000000,
        "otherExpenses": 0,
        "operatingExpenses": 284600000,
        "costAndExpenses": 834300000,
        "interestIncome": 0,
        "interestExpense": 0,
        "depreciationAndAmortization": 62100000,
        "ebitda": 102300000,
        "ebitdaratio": 0.1156847224,
        "operatingIncome": 54000000,
        "operatingIncomeRatio": 0.0610652493,
        "totalOtherIncomeExpensesNet": -13800000,
        "incomeBeforeTax": 40200000,
        "incomeBeforeTaxRatio": 0.0454596856,
        "incomeTaxExpense": 5400000,
        "netIncome": 34800000,
        "netIncomeRatio": 0.0393531607,
        "eps": 0.55,
        "epsdiluted": 0.54,
        "weightedAverageShsOut": 63700000,
        "weightedAverageShsOutDil": 64700000,
        "link": "https://www.sec.gov/Archives/edgar/data/1001288/000100128813000018/0001001288-13-000018-index.htm",
        "finalLink": "https://www.sec.gov/Archives/edgar/data/1001288/000100128813000018/firstqtr201310q.htm"
    },
    {
        "date": "2012-12-31",
        "symbol": "LXK",
        "reportedCurrency": "USD",
        "cik": "0001001288",
        "fillingDate": "2013-02-26",
        "acceptedDate": "2013-02-25 19:00:00",
        "calendarYear": "2012",
        "period": "Q4",
        "revenue": 967400000,
        "costOfRevenue": 637800000,
        "grossProfit": 329600000,
        "grossProfitRatio": 0.3407070498,
        "researchAndDevelopmentExpenses": 88000000,
        "generalAndAdministrativeExpenses": 208500000,
        "sellingAndMarketingExpenses": 7900000,
        "sellingGeneralAndAdministrativeExpenses": 216400000,
        "otherExpenses": 0,
        "operatingExpenses": 304400000,
        "costAndExpenses": 942200000,
        "interestIncome": 0,
        "interestExpense": 42600000,
        "depreciationAndAmortization": 76100000,
        "ebitda": 137400000,
        "ebitdaratio": 0.142030184,
        "operatingIncome": 25200000,
        "operatingIncomeRatio": 0.0260492041,
        "totalOtherIncomeExpensesNet": -6500000,
        "incomeBeforeTax": 18700000,
        "incomeBeforeTaxRatio": 0.0193301633,
        "incomeTaxExpense": 12400000,
        "netIncome": 6300000,
        "netIncomeRatio": 0.006512301,
        "eps": 0.0918,
        "epsdiluted": 0.0906,
        "weightedAverageShsOut": 68600000,
        "weightedAverageShsOutDil": 69500000,
        "link": "https://www.sec.gov/Archives/edgar/data/1001288/000119312513077056/0001193125-13-077056-index.htm",
        "finalLink": "https://www.sec.gov/Archives/edgar/data/1001288/000119312513077056/d475908d10k.htm"
    },
    {
        "date": "2012-09-30",
        "symbol": "LXK",
        "reportedCurrency": "USD",
        "cik": "0001001288",
        "fillingDate": "2012-11-07",
        "acceptedDate": "2012-11-06 19:00:00",
        "calendarYear": "2012",
        "period": "Q3",
        "revenue": 919100000,
        "costOfRevenue": 590800000,
        "grossProfit": 328300000,
        "grossProfitRatio": 0.3571972582,
        "researchAndDevelopmentExpenses": 93600000,
        "generalAndAdministrativeExpenses": 199800000,
        "sellingAndMarketingExpenses": 22600000,
        "sellingGeneralAndAdministrativeExpenses": 222400000,
        "otherExpenses": 0,
        "operatingExpenses": 316000000,
        "costAndExpenses": 906800000,
        "interestIncome": 0,
        "interestExpense": 0,
        "depreciationAndAmortization": 81100000,
        "ebitda": 93400000,
        "ebitdaratio": 0.1016211511,
        "operatingIncome": 12300000,
        "operatingIncomeRatio": 0.0133826569,
        "totalOtherIncomeExpensesNet": -7500000,
        "incomeBeforeTax": 4800000,
        "incomeBeforeTaxRatio": 0.0052225003,
        "incomeTaxExpense": 4800000,
        "netIncome": 0,
        "netIncomeRatio": 0,
        "eps": 0,
        "epsdiluted": 0,
        "weightedAverageShsOut": 70000000,
        "weightedAverageShsOutDil": 70900000,
        "link": "https://www.sec.gov/Archives/edgar/data/1001288/000100128812000041/0001001288-12-000041-index.htm",
        "finalLink": "https://www.sec.gov/Archives/edgar/data/1001288/000100128812000041/thirdqtr201210q.htm"
    },
    {
        "date": "2012-06-30",
        "symbol": "LXK",
        "reportedCurrency": "USD",
        "cik": "0001001288",
        "fillingDate": "2012-08-08",
        "acceptedDate": "2012-08-07 20:00:00",
        "calendarYear": "2012",
        "period": "Q2",
        "revenue": 918600000,
        "costOfRevenue": 557900000,
        "grossProfit": 360700000,
        "grossProfitRatio": 0.3926627477,
        "researchAndDevelopmentExpenses": 94400000,
        "generalAndAdministrativeExpenses": 205200000,
        "sellingAndMarketingExpenses": 900000,
        "sellingGeneralAndAdministrativeExpenses": 206100000,
        "otherExpenses": 0,
        "operatingExpenses": 300500000,
        "costAndExpenses": 858400000,
        "interestIncome": 0,
        "interestExpense": 0,
        "depreciationAndAmortization": 56900000,
        "ebitda": 109300000,
        "ebitdaratio": 0.1189854126,
        "operatingIncome": 60200000,
        "operatingIncomeRatio": 0.065534509,
        "totalOtherIncomeExpensesNet": -7800000,
        "incomeBeforeTax": 52400000,
        "incomeBeforeTaxRatio": 0.0570433268,
        "incomeTaxExpense": 13200000,
        "netIncome": 39200000,
        "netIncomeRatio": 0.0426736338,
        "eps": 0.55,
        "epsdiluted": 0.55,
        "weightedAverageShsOut": 71000000,
        "weightedAverageShsOutDil": 71900000,
        "link": "https://www.sec.gov/Archives/edgar/data/1001288/000100128812000032/0001001288-12-000032-index.htm",
        "finalLink": "https://www.sec.gov/Archives/edgar/data/1001288/000100128812000032/secondqtr201210q.htm"
    },
    {
        "date": "2012-03-31",
        "symbol": "LXK",
        "reportedCurrency": "USD",
        "cik": "0001001288",
        "fillingDate": "2012-05-09",
        "acceptedDate": "2012-05-08 20:00:00",
        "calendarYear": "2012",
        "period": "Q1",
        "revenue": 992500000,
        "costOfRevenue": 611100000,
        "grossProfit": 381400000,
        "grossProfitRatio": 0.3842821159,
        "researchAndDevelopmentExpenses": 96700000,
        "generalAndAdministrativeExpenses": 190600000,
        "sellingAndMarketingExpenses": 4700000,
        "sellingGeneralAndAdministrativeExpenses": 195300000,
        "otherExpenses": 0,
        "operatingExpenses": 292000000,
        "costAndExpenses": 903100000,
        "interestIncome": 0,
        "interestExpense": 0,
        "depreciationAndAmortization": 61700000,
        "ebitda": 143800000,
        "ebitdaratio": 0.1448866499,
        "operatingIncome": 89400000,
        "operatingIncomeRatio": 0.0900755668,
        "totalOtherIncomeExpensesNet": -7300000,
        "incomeBeforeTax": 82100000,
        "incomeBeforeTaxRatio": 0.082720403,
        "incomeTaxExpense": 21300000,
        "netIncome": 60800000,
        "netIncomeRatio": 0.0612594458,
        "eps": 0.85,
        "epsdiluted": 0.84,
        "weightedAverageShsOut": 71200000,
        "weightedAverageShsOutDil": 72300000,
        "link": "https://www.sec.gov/Archives/edgar/data/1001288/000100128812000021/0001001288-12-000021-index.htm",
        "finalLink": "https://www.sec.gov/Archives/edgar/data/1001288/000100128812000021/firstqtr201210q.htm"
    },
    {
        "date": "2011-12-31",
        "symbol": "LXK",
        "reportedCurrency": "USD",
        "cik": "0001001288",
        "fillingDate": "2012-02-28",
        "acceptedDate": "2012-02-27 19:00:00",
        "calendarYear": "2011",
        "period": "Q4",
        "revenue": 1059500000,
        "costOfRevenue": 663400000,
        "grossProfit": 396100000,
        "grossProfitRatio": 0.3738555923,
        "researchAndDevelopmentExpenses": 98200000,
        "generalAndAdministrativeExpenses": 200800000,
        "sellingAndMarketingExpenses": 2000000,
        "sellingGeneralAndAdministrativeExpenses": 202800000,
        "otherExpenses": 0,
        "operatingExpenses": 301000000,
        "costAndExpenses": 964400000,
        "interestIncome": 0,
        "interestExpense": 43300000,
        "depreciationAndAmortization": 64200000,
        "ebitda": 192600000,
        "ebitdaratio": 0.1817838603,
        "operatingIncome": 92800000,
        "operatingIncomeRatio": 0.0875884851,
        "totalOtherIncomeExpensesNet": -7700000,
        "incomeBeforeTax": 85100000,
        "incomeBeforeTaxRatio": 0.0803209061,
        "incomeTaxExpense": 15800000,
        "netIncome": 69300000,
        "netIncomeRatio": 0.0654082114,
        "eps": 0.9,
        "epsdiluted": 0.89,
        "weightedAverageShsOut": 77100000,
        "weightedAverageShsOutDil": 77900000,
        "link": "https://www.sec.gov/Archives/edgar/data/1001288/000119312512085036/0001193125-12-085036-index.htm",
        "finalLink": "https://www.sec.gov/Archives/edgar/data/1001288/000119312512085036/d280706d10k.htm"
    },
    {
        "date": "2011-09-30",
        "symbol": "LXK",
        "reportedCurrency": "USD",
        "cik": "0001001288",
        "fillingDate": "2011-11-08",
        "acceptedDate": "2011-11-07 19:00:00",
        "calendarYear": "2011",
        "period": "Q3",
        "revenue": 1034900000,
        "costOfRevenue": 653200000,
        "grossProfit": 381700000,
        "grossProfitRatio": 0.3688279061,
        "researchAndDevelopmentExpenses": 95000000,
        "generalAndAdministrativeExpenses": 187300000,
        "sellingAndMarketingExpenses": 0,
        "sellingGeneralAndAdministrativeExpenses": 187300000,
        "otherExpenses": 0,
        "operatingExpenses": 282300000,
        "costAndExpenses": 935500000,
        "interestIncome": 0,
        "interestExpense": 0,
        "depreciationAndAmortization": 53500000,
        "ebitda": 145400000,
        "ebitdaratio": 0.1404966663,
        "operatingIncome": 99000000,
        "operatingIncomeRatio": 0.0956614166,
        "totalOtherIncomeExpensesNet": -7100000,
        "incomeBeforeTax": 91900000,
        "incomeBeforeTaxRatio": 0.0888008503,
        "incomeTaxExpense": 24800000,
        "netIncome": 67100000,
        "netIncomeRatio": 0.0648371823,
        "eps": 0.85,
        "epsdiluted": 0.85,
        "weightedAverageShsOut": 78500000,
        "weightedAverageShsOutDil": 79300000,
        "link": "https://www.sec.gov/Archives/edgar/data/1001288/000100128811000046/0001001288-11-000046-index.htm",
        "finalLink": "https://www.sec.gov/Archives/edgar/data/1001288/000100128811000046/qtr310q2011.htm"
    },
    {
        "date": "2011-06-30",
        "symbol": "LXK",
        "reportedCurrency": "USD",
        "cik": "0001001288",
        "fillingDate": "2011-08-08",
        "acceptedDate": "2011-08-07 20:00:00",
        "calendarYear": "2011",
        "period": "Q2",
        "revenue": 1044200000,
        "costOfRevenue": 630800000,
        "grossProfit": 413400000,
        "grossProfitRatio": 0.3959011684,
        "researchAndDevelopmentExpenses": 90400000,
        "generalAndAdministrativeExpenses": 186200000,
        "sellingAndMarketingExpenses": 0,
        "sellingGeneralAndAdministrativeExpenses": 186200000,
        "otherExpenses": 0,
        "operatingExpenses": 276600000,
        "costAndExpenses": 907400000,
        "interestIncome": 0,
        "interestExpense": 0,
        "depreciationAndAmortization": 52700000,
        "ebitda": 183700000,
        "ebitdaratio": 0.1759241525,
        "operatingIncome": 137900000,
        "operatingIncomeRatio": 0.1320628232,
        "totalOtherIncomeExpensesNet": -6900000,
        "incomeBeforeTax": 131000000,
        "incomeBeforeTaxRatio": 0.1254548937,
        "incomeTaxExpense": 29800000,
        "netIncome": 101200000,
        "netIncomeRatio": 0.0969162996,
        "eps": 1.28,
        "epsdiluted": 1.27,
        "weightedAverageShsOut": 79100000,
        "weightedAverageShsOutDil": 79900000,
        "link": "https://www.sec.gov/Archives/edgar/data/1001288/000100128811000029/0001001288-11-000029-index.htm",
        "finalLink": "https://www.sec.gov/Archives/edgar/data/1001288/000100128811000029/secondqtr10q2011.htm"
    },
    {
        "date": "2011-03-31",
        "symbol": "LXK",
        "reportedCurrency": "USD",
        "cik": "0001001288",
        "fillingDate": "2011-05-09",
        "acceptedDate": "2011-05-08 20:00:00",
        "calendarYear": "2011",
        "period": "Q1",
        "revenue": 1034400000,
        "costOfRevenue": 645000000,
        "grossProfit": 389400000,
        "grossProfitRatio": 0.376450116,
        "researchAndDevelopmentExpenses": 90900000,
        "generalAndAdministrativeExpenses": 186900000,
        "sellingAndMarketingExpenses": 0,
        "sellingGeneralAndAdministrativeExpenses": 186900000,
        "otherExpenses": 0,
        "operatingExpenses": 277800000,
        "costAndExpenses": 922800000,
        "interestIncome": 0,
        "interestExpense": 0,
        "depreciationAndAmortization": 51400000,
        "ebitda": 157000000,
        "ebitdaratio": 0.151778809,
        "operatingIncome": 113200000,
        "operatingIncomeRatio": 0.1094354215,
        "totalOtherIncomeExpensesNet": -7600000,
        "incomeBeforeTax": 105600000,
        "incomeBeforeTaxRatio": 0.1020881671,
        "incomeTaxExpense": 22300000,
        "netIncome": 83300000,
        "netIncomeRatio": 0.0805297757,
        "eps": 1.06,
        "epsdiluted": 1.04,
        "weightedAverageShsOut": 78900000,
        "weightedAverageShsOutDil": 79800000,
        "link": "https://www.sec.gov/Archives/edgar/data/1001288/000100128811000017/0001001288-11-000017-index.htm",
        "finalLink": "https://www.sec.gov/Archives/edgar/data/1001288/000100128811000017/firstquarter10q2011.htm"
    },
    {
        "date": "2010-12-31",
        "symbol": "LXK",
        "reportedCurrency": "USD",
        "cik": "0001001288",
        "fillingDate": "2011-02-28",
        "acceptedDate": "2011-02-27 19:00:00",
        "calendarYear": "2010",
        "period": "Q4",
        "revenue": 1104000000,
        "costOfRevenue": 710500000,
        "grossProfit": 393500000,
        "grossProfitRatio": 0.3564311594,
        "researchAndDevelopmentExpenses": 96600000,
        "generalAndAdministrativeExpenses": 196000000,
        "sellingAndMarketingExpenses": -600000,
        "sellingGeneralAndAdministrativeExpenses": 195400000,
        "otherExpenses": 0,
        "operatingExpenses": 292000000,
        "costAndExpenses": 1002500000,
        "interestIncome": 0,
        "interestExpense": 0,
        "depreciationAndAmortization": 53800000,
        "ebitda": 149300000,
        "ebitdaratio": 0.1352355072,
        "operatingIncome": 101500000,
        "operatingIncomeRatio": 0.0919384058,
        "totalOtherIncomeExpensesNet": -6000000,
        "incomeBeforeTax": 95500000,
        "incomeBeforeTaxRatio": 0.0865036232,
        "incomeTaxExpense": 7900000,
        "netIncome": 87600000,
        "netIncomeRatio": 0.0793478261,
        "eps": 1.11,
        "epsdiluted": 1.1,
        "weightedAverageShsOut": 78600000,
        "weightedAverageShsOutDil": 79500000,
        "link": "https://www.sec.gov/Archives/edgar/data/1001288/000095012311019815/0000950123-11-019815-index.htm",
        "finalLink": "https://www.sec.gov/Archives/edgar/data/1001288/000095012311019815/l41425e10vk.htm"
    },
    {
        "date": "2010-09-30",
        "symbol": "LXK",
        "reportedCurrency": "USD",
        "cik": "0001001288",
        "fillingDate": "2010-11-03",
        "acceptedDate": "2010-11-02 20:00:00",
        "calendarYear": "2010",
        "period": "Q3",
        "revenue": 3095700000,
        "costOfRevenue": 1969700000,
        "grossProfit": 1126000000,
        "grossProfitRatio": 0.3637303356,
        "researchAndDevelopmentExpenses": 272400000,
        "generalAndAdministrativeExpenses": 505200000,
        "sellingAndMarketingExpenses": 3000000,
        "sellingGeneralAndAdministrativeExpenses": 508200000,
        "otherExpenses": 0,
        "operatingExpenses": 780600000,
        "costAndExpenses": 2750300000,
        "interestIncome": 0,
        "interestExpense": 0,
        "depreciationAndAmortization": 51300000,
        "ebitda": 369700000,
        "ebitdaratio": 0.1194237168,
        "operatingIncome": 345400000,
        "operatingIncomeRatio": 0.1115741189,
        "totalOtherIncomeExpensesNet": -27000000,
        "incomeBeforeTax": 318400000,
        "incomeBeforeTaxRatio": 0.1028523436,
        "incomeTaxExpense": 66000000,
        "netIncome": 252400000,
        "netIncomeRatio": 0.0815324482,
        "eps": 3.21,
        "epsdiluted": 3.18,
        "weightedAverageShsOut": 78600000,
        "weightedAverageShsOutDil": 79400000,
        "link": "https://www.sec.gov/Archives/edgar/data/1001288/000100128810000038/0001001288-10-000038-index.htm",
        "finalLink": "https://www.sec.gov/Archives/edgar/data/1001288/000100128810000038/thirdqtr10q2010.htm"
    },
    {
        "date": "2010-06-30",
        "symbol": "LXK",
        "reportedCurrency": "USD",
        "cik": "0001001288",
        "fillingDate": "2010-08-06",
        "acceptedDate": "2010-08-05 20:00:00",
        "calendarYear": "2010",
        "period": "Q2",
        "revenue": 1033000000,
        "costOfRevenue": 335500000,
        "grossProfit": 697500000,
        "grossProfitRatio": 0.6752178122,
        "researchAndDevelopmentExpenses": 91000000,
        "generalAndAdministrativeExpenses": 169000000,
        "sellingAndMarketingExpenses": 1000000,
        "sellingGeneralAndAdministrativeExpenses": 170000000,
        "otherExpenses": 0,
        "operatingExpenses": 261000000,
        "costAndExpenses": 914000000,
        "interestIncome": 0,
        "interestExpense": -4700000,
        "depreciationAndAmortization": 77200000,
        "ebitda": 158400000,
        "ebitdaratio": 0.153339787,
        "operatingIncome": 119000000,
        "operatingIncomeRatio": 0.1151984511,
        "totalOtherIncomeExpensesNet": -6000000,
        "incomeBeforeTax": 113000000,
        "incomeBeforeTaxRatio": 0.1093901258,
        "incomeTaxExpense": 900000,
        "netIncome": 85000000,
        "netIncomeRatio": 0.0822846079,
        "eps": 1.08,
        "epsdiluted": 1.07,
        "weightedAverageShsOut": 78500000,
        "weightedAverageShsOutDil": 79200000,
        "link": "https://www.sec.gov/Archives/edgar/data/1001288/000100128810000024/0001001288-10-000024-index.htm",
        "finalLink": "https://www.sec.gov/Archives/edgar/data/1001288/000100128810000024/q10q2ndqtr2010.htm"
    },
    {
        "date": "2010-03-31",
        "symbol": "LXK",
        "reportedCurrency": "USD",
        "cik": "0001001288",
        "fillingDate": "2010-05-07",
        "acceptedDate": "2010-05-07 16:15:01",
        "calendarYear": "2010",
        "period": "Q1",
        "revenue": 1042000000,
        "costOfRevenue": 658000000,
        "grossProfit": 384000000,
        "grossProfitRatio": 0.3685220729,
        "researchAndDevelopmentExpenses": 89000000,
        "generalAndAdministrativeExpenses": 158000000,
        "sellingAndMarketingExpenses": 4000000,
        "sellingGeneralAndAdministrativeExpenses": 162000000,
        "otherExpenses": 0,
        "operatingExpenses": 251000000,
        "costAndExpenses": 909000000,
        "interestIncome": 0,
        "interestExpense": -6000000,
        "depreciationAndAmortization": 46000000,
        "ebitda": 165000000,
        "ebitdaratio": 0.1583493282,
        "operatingIncome": 133000000,
        "operatingIncomeRatio": 0.1276391555,
        "totalOtherIncomeExpensesNet": -8000000,
        "incomeBeforeTax": 125000000,
        "incomeBeforeTaxRatio": 0.1199616123,
        "incomeTaxExpense": 30000000,
        "netIncome": 95000000,
        "netIncomeRatio": 0.0911708253,
        "eps": 1.22,
        "epsdiluted": 1.2,
        "weightedAverageShsOut": 78000000,
        "weightedAverageShsOutDil": 79000000,
        "link": "https://www.sec.gov/Archives/edgar/data/1001288/000100128810000013/0001001288-10-000013-index.htm",
        "finalLink": "https://www.sec.gov/Archives/edgar/data/1001288/000100128810000013/firsstquarter201010q.htm"
    },
    {
        "date": "2009-12-31",
        "symbol": "LXK",
        "reportedCurrency": "USD",
        "cik": "0001001288",
        "fillingDate": "2010-02-26",
        "acceptedDate": "2010-02-26 17:18:41",
        "calendarYear": "2009",
        "period": "Q4",
        "revenue": 1073000000,
        "costOfRevenue": 691000000,
        "grossProfit": 382000000,
        "grossProfitRatio": 0.3560111836,
        "researchAndDevelopmentExpenses": 93000000,
        "generalAndAdministrativeExpenses": 173000000,
        "sellingAndMarketingExpenses": 27000000,
        "sellingGeneralAndAdministrativeExpenses": 200000000,
        "otherExpenses": 0,
        "operatingExpenses": 293000000,
        "costAndExpenses": 984000000,
        "interestIncome": 0,
        "interestExpense": -7000000,
        "depreciationAndAmortization": 56000000,
        "ebitda": 132000000,
        "ebitdaratio": 0.1230195713,
        "operatingIncome": 90000000,
        "operatingIncomeRatio": 0.0838769804,
        "totalOtherIncomeExpensesNet": -7000000,
        "incomeBeforeTax": 83000000,
        "incomeBeforeTaxRatio": 0.0773532153,
        "incomeTaxExpense": 23000000,
        "netIncome": 60000000,
        "netIncomeRatio": 0.055917987,
        "eps": 0.77,
        "epsdiluted": 0.77,
        "weightedAverageShsOut": 78000000,
        "weightedAverageShsOutDil": 78000000,
        "link": "https://www.sec.gov/Archives/edgar/data/1001288/000095012310018342/0000950123-10-018342-index.htm",
        "finalLink": "https://www.sec.gov/Archives/edgar/data/1001288/000095012310018342/l38254e10vk.htm"
    },
    {
        "date": "2009-09-30",
        "symbol": "LXK",
        "reportedCurrency": "USD",
        "cik": "0001001288",
        "fillingDate": "2009-11-03",
        "acceptedDate": "2009-11-03 15:21:11",
        "calendarYear": "2009",
        "period": "Q3",
        "revenue": 958000000,
        "costOfRevenue": 645000000,
        "grossProfit": 313000000,
        "grossProfitRatio": 0.3267223382,
        "researchAndDevelopmentExpenses": 92000000,
        "generalAndAdministrativeExpenses": 161000000,
        "sellingAndMarketingExpenses": 36000000,
        "sellingGeneralAndAdministrativeExpenses": 197000000,
        "otherExpenses": 0,
        "operatingExpenses": 289000000,
        "costAndExpenses": 934000000,
        "interestIncome": 0,
        "interestExpense": -4000000,
        "depreciationAndAmortization": 51000000,
        "ebitda": 60000000,
        "ebitdaratio": 0.0626304802,
        "operatingIncome": 24000000,
        "operatingIncomeRatio": 0.0250521921,
        "totalOtherIncomeExpensesNet": -11000000,
        "incomeBeforeTax": 13000000,
        "incomeBeforeTaxRatio": 0.0135699374,
        "incomeTaxExpense": 3000000,
        "netIncome": 10000000,
        "netIncomeRatio": 0.0104384134,
        "eps": 0.13,
        "epsdiluted": 0.13,
        "weightedAverageShsOut": 78000000,
        "weightedAverageShsOutDil": 78000000,
        "link": "https://www.sec.gov/Archives/edgar/data/1001288/000100128809000063/0001001288-09-000063-index.htm",
        "finalLink": "https://www.sec.gov/Archives/edgar/data/1001288/000100128809000063/thirdquarter200910q.htm"
    },
    {
        "date": "2009-06-30",
        "symbol": "LXK",
        "reportedCurrency": "USD",
        "cik": "0001001288",
        "fillingDate": "2009-08-03",
        "acceptedDate": "2009-08-03 15:03:44",
        "calendarYear": "2009",
        "period": "Q2",
        "revenue": 904000000,
        "costOfRevenue": 624000000,
        "grossProfit": 280000000,
        "grossProfitRatio": 0.3097345133,
        "researchAndDevelopmentExpenses": 93000000,
        "generalAndAdministrativeExpenses": 155000000,
        "sellingAndMarketingExpenses": 5000000,
        "sellingGeneralAndAdministrativeExpenses": 160000000,
        "otherExpenses": 0,
        "operatingExpenses": 253000000,
        "costAndExpenses": 877000000,
        "interestIncome": 0,
        "interestExpense": -5000000,
        "depreciationAndAmortization": 63000000,
        "ebitda": 79000000,
        "ebitdaratio": 0.0873893805,
        "operatingIncome": 28000000,
        "operatingIncomeRatio": 0.0309734513,
        "totalOtherIncomeExpensesNet": -7000000,
        "incomeBeforeTax": 21000000,
        "incomeBeforeTaxRatio": 0.0232300885,
        "incomeTaxExpense": 4000000,
        "netIncome": 17000000,
        "netIncomeRatio": 0.0188053097,
        "eps": 0.22,
        "epsdiluted": 0.22,
        "weightedAverageShsOut": 78000000,
        "weightedAverageShsOutDil": 78000000,
        "link": "https://www.sec.gov/Archives/edgar/data/1001288/000100128809000053/0001001288-09-000053-index.htm",
        "finalLink": "https://www.sec.gov/Archives/edgar/data/1001288/000100128809000053/form10q2ndq2009.htm"
    },
    {
        "date": "2008-12-31",
        "symbol": "LXK",
        "reportedCurrency": "USD",
        "cik": "0001001288",
        "fillingDate": "2009-02-27",
        "acceptedDate": "2009-02-27 16:55:21",
        "calendarYear": "2008",
        "period": "Q4",
        "revenue": 1084000000,
        "costOfRevenue": 769000000,
        "grossProfit": 315000000,
        "grossProfitRatio": 0.2905904059,
        "researchAndDevelopmentExpenses": 105000000,
        "generalAndAdministrativeExpenses": 190000000,
        "sellingAndMarketingExpenses": 19000000,
        "sellingGeneralAndAdministrativeExpenses": 209000000,
        "otherExpenses": 0,
        "operatingExpenses": 314000000,
        "costAndExpenses": 1083000000,
        "interestIncome": 0,
        "interestExpense": -2000000,
        "depreciationAndAmortization": 53000000,
        "ebitda": 45000000,
        "ebitdaratio": 0.0415129151,
        "operatingIncome": -8000000,
        "operatingIncomeRatio": -0.0073800738,
        "totalOtherIncomeExpensesNet": 2000000,
        "incomeBeforeTax": -6000000,
        "incomeBeforeTaxRatio": -0.0055350554,
        "incomeTaxExpense": -23000000,
        "netIncome": 17000000,
        "netIncomeRatio": 0.0156826568,
        "eps": 0.19,
        "epsdiluted": 0.19,
        "weightedAverageShsOut": 88000000,
        "weightedAverageShsOutDil": 89000000,
        "link": "https://www.sec.gov/Archives/edgar/data/1001288/000095015209001964/0000950152-09-001964-index.htm",
        "finalLink": "https://www.sec.gov/Archives/edgar/data/1001288/000095015209001964/l35086ae10vk.htm"
    },
    {
        "date": "2008-09-30",
        "symbol": "LXK",
        "reportedCurrency": "USD",
        "cik": "0001001288",
        "fillingDate": "2008-11-04",
        "acceptedDate": "2008-11-04 17:22:30",
        "calendarYear": "2008",
        "period": "Q3",
        "revenue": 1130000000,
        "costOfRevenue": 763000000,
        "grossProfit": 367000000,
        "grossProfitRatio": 0.3247787611,
        "researchAndDevelopmentExpenses": 110000000,
        "generalAndAdministrativeExpenses": 197000000,
        "sellingAndMarketingExpenses": 7000000,
        "sellingGeneralAndAdministrativeExpenses": 204000000,
        "otherExpenses": 0,
        "operatingExpenses": 314000000,
        "costAndExpenses": 1077000000,
        "interestIncome": 0,
        "interestExpense": -2000000,
        "depreciationAndAmortization": 56000000,
        "ebitda": 103000000,
        "ebitdaratio": 0.0911504425,
        "operatingIncome": 54000000,
        "operatingIncomeRatio": 0.0477876106,
        "totalOtherIncomeExpensesNet": -5000000,
        "incomeBeforeTax": 49000000,
        "incomeBeforeTaxRatio": 0.0433628319,
        "incomeTaxExpense": 12000000,
        "netIncome": 37000000,
        "netIncomeRatio": 0.0327433628,
        "eps": 0.4,
        "epsdiluted": 0.4,
        "weightedAverageShsOut": 92000000,
        "weightedAverageShsOutDil": 92000000,
        "link": "https://www.sec.gov/Archives/edgar/data/1001288/000100128808000057/0001001288-08-000057-index.htm",
        "finalLink": "https://www.sec.gov/Archives/edgar/data/1001288/000100128808000057/form10q3q2008.htm"
    },
    {
        "date": "2008-06-30",
        "symbol": "LXK",
        "reportedCurrency": "USD",
        "cik": "0001001288",
        "fillingDate": "2008-08-05",
        "acceptedDate": "2008-08-05 13:27:00",
        "calendarYear": "2008",
        "period": "Q2",
        "revenue": 1139000000,
        "costOfRevenue": 722000000,
        "grossProfit": 417000000,
        "grossProfitRatio": 0.3661106234,
        "researchAndDevelopmentExpenses": 103000000,
        "generalAndAdministrativeExpenses": 211000000,
        "sellingAndMarketingExpenses": 2000000,
        "sellingGeneralAndAdministrativeExpenses": 213000000,
        "otherExpenses": 0,
        "operatingExpenses": 316000000,
        "costAndExpenses": 1038000000,
        "interestIncome": 0,
        "interestExpense": 3000000,
        "depreciationAndAmortization": 45000000,
        "ebitda": 152000000,
        "ebitdaratio": 0.1334503951,
        "operatingIncome": 101000000,
        "operatingIncomeRatio": 0.0886742757,
        "totalOtherIncomeExpensesNet": 3000000,
        "incomeBeforeTax": 104000000,
        "incomeBeforeTaxRatio": 0.0913081651,
        "incomeTaxExpense": 20000000,
        "netIncome": 84000000,
        "netIncomeRatio": 0.0737489025,
        "eps": 0.89,
        "epsdiluted": 0.89,
        "weightedAverageShsOut": 94000000,
        "weightedAverageShsOutDil": 94000000,
        "link": "https://www.sec.gov/Archives/edgar/data/1001288/000100128808000040/0001001288-08-000040-index.htm",
        "finalLink": "https://www.sec.gov/Archives/edgar/data/1001288/000100128808000040/form10q2q2008.htm"
    },
    {
        "date": "2007-12-31",
        "symbol": "LXK",
        "reportedCurrency": "USD",
        "cik": "0001001288",
        "fillingDate": "2008-02-27",
        "acceptedDate": "2008-02-27 17:13:27",
        "calendarYear": "2007",
        "period": "Q4",
        "revenue": 1309000000,
        "costOfRevenue": 872000000,
        "grossProfit": 437000000,
        "grossProfitRatio": 0.333842628,
        "researchAndDevelopmentExpenses": 100000000,
        "generalAndAdministrativeExpenses": 204000000,
        "sellingAndMarketingExpenses": 20000000,
        "sellingGeneralAndAdministrativeExpenses": 224000000,
        "otherExpenses": 0,
        "operatingExpenses": 324000000,
        "costAndExpenses": 1196000000,
        "interestIncome": 0,
        "interestExpense": 8000000,
        "depreciationAndAmortization": 58000000,
        "ebitda": 187000000,
        "ebitdaratio": 0.1428571429,
        "operatingIncome": 114000000,
        "operatingIncomeRatio": 0.0870893812,
        "totalOtherIncomeExpensesNet": 7000000,
        "incomeBeforeTax": 121000000,
        "incomeBeforeTaxRatio": 0.0924369748,
        "incomeTaxExpense": 22000000,
        "netIncome": 99000000,
        "netIncomeRatio": 0.0756302521,
        "eps": 1.04,
        "epsdiluted": 1.04,
        "weightedAverageShsOut": 95000000,
        "weightedAverageShsOutDil": 95000000,
        "link": "https://www.sec.gov/Archives/edgar/data/1001288/000095015208001473/0000950152-08-001473-index.htm",
        "finalLink": "https://www.sec.gov/Archives/edgar/data/1001288/000095015208001473/l29751ae10vk.htm"
    },
    {
        "date": "2007-09-30",
        "symbol": "LXK",
        "reportedCurrency": "USD",
        "cik": "0001001288",
        "fillingDate": "2007-11-06",
        "acceptedDate": "2007-11-06 12:38:34",
        "calendarYear": "2007",
        "period": "Q3",
        "revenue": 1196000000,
        "costOfRevenue": 863000000,
        "grossProfit": 333000000,
        "grossProfitRatio": 0.2784280936,
        "researchAndDevelopmentExpenses": 101000000,
        "generalAndAdministrativeExpenses": 204000000,
        "sellingAndMarketingExpenses": 7000000,
        "sellingGeneralAndAdministrativeExpenses": 211000000,
        "otherExpenses": 0,
        "operatingExpenses": 312000000,
        "costAndExpenses": 1175000000,
        "interestIncome": 0,
        "interestExpense": 5000000,
        "depreciationAndAmortization": 50000000,
        "ebitda": 82000000,
        "ebitdaratio": 0.0685618729,
        "operatingIncome": 21000000,
        "operatingIncomeRatio": 0.0175585284,
        "totalOtherIncomeExpensesNet": 6000000,
        "incomeBeforeTax": 27000000,
        "incomeBeforeTaxRatio": 0.0225752508,
        "incomeTaxExpense": -18000000,
        "netIncome": 45000000,
        "netIncomeRatio": 0.0376254181,
        "eps": 0.47,
        "epsdiluted": 0.47,
        "weightedAverageShsOut": 95000000,
        "weightedAverageShsOutDil": 96000000,
        "link": "https://www.sec.gov/Archives/edgar/data/1001288/000100128807000126/0001001288-07-000126-index.htm",
        "finalLink": "https://www.sec.gov/Archives/edgar/data/1001288/000100128807000126/form10q3q2007.htm"
    },
    {
        "date": "2007-06-30",
        "symbol": "LXK",
        "reportedCurrency": "USD",
        "cik": "0001001288",
        "fillingDate": "2007-08-07",
        "acceptedDate": "2007-08-07 16:01:01",
        "calendarYear": "2007",
        "period": "Q2",
        "revenue": 1208000000,
        "costOfRevenue": 838000000,
        "grossProfit": 370000000,
        "grossProfitRatio": 0.3062913907,
        "researchAndDevelopmentExpenses": 103000000,
        "generalAndAdministrativeExpenses": 203000000,
        "sellingAndMarketingExpenses": -1000000,
        "sellingGeneralAndAdministrativeExpenses": 202000000,
        "otherExpenses": 0,
        "operatingExpenses": 305000000,
        "costAndExpenses": 1143000000,
        "interestIncome": 0,
        "interestExpense": 4000000,
        "depreciationAndAmortization": 43000000,
        "ebitda": 124000000,
        "ebitdaratio": 0.1026490066,
        "operatingIncome": 65000000,
        "operatingIncomeRatio": 0.053807947,
        "totalOtherIncomeExpensesNet": 12000000,
        "incomeBeforeTax": 77000000,
        "incomeBeforeTaxRatio": 0.0637417219,
        "incomeTaxExpense": 13000000,
        "netIncome": 64000000,
        "netIncomeRatio": 0.0529801325,
        "eps": 0.67,
        "epsdiluted": 0.67,
        "weightedAverageShsOut": 95000000,
        "weightedAverageShsOutDil": 96000000,
        "link": "https://www.sec.gov/Archives/edgar/data/1001288/000100128807000101/0001001288-07-000101-index.htm",
        "finalLink": "https://www.sec.gov/Archives/edgar/data/1001288/000100128807000101/form10q2q2007.htm"
    },
    {
        "date": "2007-03-31",
        "symbol": "LXK",
        "reportedCurrency": "USD",
        "cik": "0001001288",
        "fillingDate": "2007-05-08",
        "acceptedDate": "2007-05-08 14:43:10",
        "calendarYear": "2007",
        "period": "Q1",
        "revenue": 1260000000,
        "costOfRevenue": 837000000,
        "grossProfit": 423000000,
        "grossProfitRatio": 0.3357142857,
        "researchAndDevelopmentExpenses": 99000000,
        "generalAndAdministrativeExpenses": 201000000,
        "sellingAndMarketingExpenses": 1000000,
        "sellingGeneralAndAdministrativeExpenses": 202000000,
        "otherExpenses": 0,
        "operatingExpenses": 301000000,
        "costAndExpenses": 1138000000,
        "interestIncome": 0,
        "interestExpense": 4000000,
        "depreciationAndAmortization": 41000000,
        "ebitda": 169000000,
        "ebitdaratio": 0.1341269841,
        "operatingIncome": 121000000,
        "operatingIncomeRatio": 0.096031746,
        "totalOtherIncomeExpensesNet": 3000000,
        "incomeBeforeTax": 124000000,
        "incomeBeforeTaxRatio": 0.0984126984,
        "incomeTaxExpense": 31000000,
        "netIncome": 93000000,
        "netIncomeRatio": 0.0738095238,
        "eps": 0.97,
        "epsdiluted": 0.96,
        "weightedAverageShsOut": 96000000,
        "weightedAverageShsOutDil": 97000000,
        "link": "https://www.sec.gov/Archives/edgar/data/1001288/000100128807000069/0001001288-07-000069-index.htm",
        "finalLink": "https://www.sec.gov/Archives/edgar/data/1001288/000100128807000069/form10q1q2007.htm"
    },
    {
        "date": "2006-12-31",
        "symbol": "LXK",
        "reportedCurrency": "USD",
        "cik": "0001001288",
        "fillingDate": "2007-02-28",
        "acceptedDate": "2007-02-28 16:14:56",
        "calendarYear": "2006",
        "period": "Q4",
        "revenue": 1370000000,
        "costOfRevenue": 947000000,
        "grossProfit": 423000000,
        "grossProfitRatio": 0.3087591241,
        "researchAndDevelopmentExpenses": 97000000,
        "generalAndAdministrativeExpenses": 215000000,
        "sellingAndMarketingExpenses": 7000000,
        "sellingGeneralAndAdministrativeExpenses": 222000000,
        "otherExpenses": 0,
        "operatingExpenses": 319000000,
        "costAndExpenses": 1266000000,
        "interestIncome": 0,
        "interestExpense": 5000000,
        "depreciationAndAmortization": 41000000,
        "ebitda": 153000000,
        "ebitdaratio": 0.1116788321,
        "operatingIncome": 103000000,
        "operatingIncomeRatio": 0.0751824818,
        "totalOtherIncomeExpensesNet": 4000000,
        "incomeBeforeTax": 107000000,
        "incomeBeforeTaxRatio": 0.0781021898,
        "incomeTaxExpense": 17000000,
        "netIncome": 90000000,
        "netIncomeRatio": 0.0656934307,
        "eps": 0.88,
        "epsdiluted": 0.87,
        "weightedAverageShsOut": 102000000,
        "weightedAverageShsOutDil": 103000000,
        "link": "https://www.sec.gov/Archives/edgar/data/1001288/000095015207001618/0000950152-07-001618-index.htm",
        "finalLink": "https://www.sec.gov/Archives/edgar/data/1001288/000095015207001618/l23051ae10vk.htm"
    },
    {
        "date": "2006-09-30",
        "symbol": "LXK",
        "reportedCurrency": "USD",
        "cik": "0001001288",
        "fillingDate": "2006-11-07",
        "acceptedDate": "2006-11-07 09:43:14",
        "calendarYear": "2006",
        "period": "Q3",
        "revenue": 1234000000,
        "costOfRevenue": 833000000,
        "grossProfit": 401000000,
        "grossProfitRatio": 0.3249594814,
        "researchAndDevelopmentExpenses": 93000000,
        "generalAndAdministrativeExpenses": 186000000,
        "sellingAndMarketingExpenses": 8000000,
        "sellingGeneralAndAdministrativeExpenses": 194000000,
        "otherExpenses": 0,
        "operatingExpenses": 287000000,
        "costAndExpenses": 1120000000,
        "interestIncome": 0,
        "interestExpense": 6000000,
        "depreciationAndAmortization": 45000000,
        "ebitda": 170000000,
        "ebitdaratio": 0.1377633712,
        "operatingIncome": 115000000,
        "operatingIncomeRatio": 0.0931928687,
        "totalOtherIncomeExpensesNet": 4000000,
        "incomeBeforeTax": 119000000,
        "incomeBeforeTaxRatio": 0.0964343598,
        "incomeTaxExpense": 33000000,
        "netIncome": 86000000,
        "netIncomeRatio": 0.0696920583,
        "eps": 0.83,
        "epsdiluted": 0.82,
        "weightedAverageShsOut": 104000000,
        "weightedAverageShsOutDil": 105000000,
        "link": "https://www.sec.gov/Archives/edgar/data/1001288/000100128806000173/0001001288-06-000173-index.htm",
        "finalLink": "https://www.sec.gov/Archives/edgar/data/1001288/000100128806000173/form10q3q2006.htm"
    },
    {
        "date": "2006-06-30",
        "symbol": "LXK",
        "reportedCurrency": "USD",
        "cik": "0001001288",
        "fillingDate": "2006-08-08",
        "acceptedDate": "2006-08-08 17:12:21",
        "calendarYear": "2006",
        "period": "Q2",
        "revenue": 1229000000,
        "costOfRevenue": 811000000,
        "grossProfit": 418000000,
        "grossProfitRatio": 0.3401139138,
        "researchAndDevelopmentExpenses": 93000000,
        "generalAndAdministrativeExpenses": 186000000,
        "sellingAndMarketingExpenses": 35000000,
        "sellingGeneralAndAdministrativeExpenses": 221000000,
        "otherExpenses": 0,
        "operatingExpenses": 314000000,
        "costAndExpenses": 1125000000,
        "interestIncome": 0,
        "interestExpense": 5000000,
        "depreciationAndAmortization": 53000000,
        "ebitda": 165000000,
        "ebitdaratio": 0.1342554923,
        "operatingIncome": 104000000,
        "operatingIncomeRatio": 0.0846216436,
        "totalOtherIncomeExpensesNet": 3000000,
        "incomeBeforeTax": 107000000,
        "incomeBeforeTaxRatio": 0.0870626526,
        "incomeTaxExpense": 31000000,
        "netIncome": 76000000,
        "netIncomeRatio": 0.0618388934,
        "eps": 0.72,
        "epsdiluted": 0.71,
        "weightedAverageShsOut": 106000000,
        "weightedAverageShsOutDil": 107000000,
        "link": "https://www.sec.gov/Archives/edgar/data/1001288/000100128806000120/0001001288-06-000120-index.htm",
        "finalLink": "https://www.sec.gov/Archives/edgar/data/1001288/000100128806000120/form10q2q2006.htm"
    },
    {
        "date": "2006-03-31",
        "symbol": "LXK",
        "reportedCurrency": "USD",
        "cik": "0001001288",
        "fillingDate": "2006-05-08",
        "acceptedDate": "2006-05-08 17:17:53",
        "calendarYear": "2006",
        "period": "Q1",
        "revenue": 1275000000,
        "costOfRevenue": 871000000,
        "grossProfit": 404000000,
        "grossProfitRatio": 0.3168627451,
        "researchAndDevelopmentExpenses": 87000000,
        "generalAndAdministrativeExpenses": 174000000,
        "sellingAndMarketingExpenses": 22000000,
        "sellingGeneralAndAdministrativeExpenses": 196000000,
        "otherExpenses": 0,
        "operatingExpenses": 283000000,
        "costAndExpenses": 1154000000,
        "interestIncome": 0,
        "interestExpense": 6000000,
        "depreciationAndAmortization": 61000000,
        "ebitda": 193000000,
        "ebitdaratio": 0.151372549,
        "operatingIncome": 120000000,
        "operatingIncomeRatio": 0.0941176471,
        "totalOtherIncomeExpensesNet": 6000000,
        "incomeBeforeTax": 126000000,
        "incomeBeforeTaxRatio": 0.0988235294,
        "incomeTaxExpense": 39000000,
        "netIncome": 87000000,
        "netIncomeRatio": 0.0682352941,
        "eps": 0.8,
        "epsdiluted": 0.79,
        "weightedAverageShsOut": 109000000,
        "weightedAverageShsOutDil": 110000000,
        "link": "https://www.sec.gov/Archives/edgar/data/1001288/000100128806000085/0001001288-06-000085-index.htm",
        "finalLink": "https://www.sec.gov/Archives/edgar/data/1001288/000100128806000085/lxk1q2006.htm"
    },
    {
        "date": "2005-12-31",
        "symbol": "LXK",
        "reportedCurrency": "USD",
        "cik": "0001001288",
        "fillingDate": "2006-03-08",
        "acceptedDate": "2006-03-08 17:01:51",
        "calendarYear": "2005",
        "period": "Q4",
        "revenue": 1365000000,
        "costOfRevenue": 978000000,
        "grossProfit": 387000000,
        "grossProfitRatio": 0.2835164835,
        "researchAndDevelopmentExpenses": 84000000,
        "generalAndAdministrativeExpenses": 189000000,
        "sellingAndMarketingExpenses": -1000000,
        "sellingGeneralAndAdministrativeExpenses": 188000000,
        "otherExpenses": 0,
        "operatingExpenses": 272000000,
        "costAndExpenses": 1250000000,
        "interestIncome": 0,
        "interestExpense": 6000000,
        "depreciationAndAmortization": 48000000,
        "ebitda": 172000000,
        "ebitdaratio": 0.126007326,
        "operatingIncome": 114000000,
        "operatingIncomeRatio": 0.0835164835,
        "totalOtherIncomeExpensesNet": 4000000,
        "incomeBeforeTax": 118000000,
        "incomeBeforeTaxRatio": 0.0864468864,
        "incomeTaxExpense": 36000000,
        "netIncome": 82000000,
        "netIncomeRatio": 0.0600732601,
        "eps": 0.68,
        "epsdiluted": 0.67,
        "weightedAverageShsOut": 121000000,
        "weightedAverageShsOutDil": 122000000,
        "link": "https://www.sec.gov/Archives/edgar/data/1001288/000095015206001859/0000950152-06-001859-index.htm",
        "finalLink": "https://www.sec.gov/Archives/edgar/data/1001288/000095015206001859/j1702701e10vk.htm"
    }
]