[
    {
        "date": "2025-08-02",
        "symbol": "M",
        "reportedCurrency": "USD",
        "cik": "0000794367",
        "fillingDate": "2025-09-10",
        "acceptedDate": "2025-09-10 16:11:54",
        "calendarYear": "2025",
        "period": "Q2",
        "revenue": 4999000000,
        "costOfRevenue": 2900000000,
        "grossProfit": 2099000000,
        "grossProfitRatio": 0.4198839768,
        "researchAndDevelopmentExpenses": 0,
        "generalAndAdministrativeExpenses": 0,
        "sellingAndMarketingExpenses": 0,
        "sellingGeneralAndAdministrativeExpenses": 1944000000,
        "otherExpenses": 0,
        "operatingExpenses": 1944000000,
        "costAndExpenses": 4844000000,
        "interestIncome": 0,
        "interestExpense": 25000000,
        "depreciationAndAmortization": 218000000,
        "ebitda": 358000000,
        "ebitdaratio": 0.0716143229,
        "operatingIncome": 155000000,
        "operatingIncomeRatio": 0.0310062012,
        "totalOtherIncomeExpensesNet": -40000000,
        "incomeBeforeTax": 115000000,
        "incomeBeforeTaxRatio": 0.0230046009,
        "incomeTaxExpense": 28000000,
        "netIncome": 87000000,
        "netIncomeRatio": 0.0174034807,
        "eps": 0.32,
        "epsdiluted": 0.31,
        "weightedAverageShsOut": 274700000,
        "weightedAverageShsOutDil": 278300000,
        "link": "https://www.sec.gov/Archives/edgar/data/794367/000079436725000145/0000794367-25-000145-index.htm",
        "finalLink": "https://www.sec.gov/Archives/edgar/data/794367/000079436725000145/m-20250802.htm"
    },
    {
        "date": "2025-05-03",
        "symbol": "M",
        "reportedCurrency": "USD",
        "cik": "0000794367",
        "fillingDate": "2025-06-05",
        "acceptedDate": "2025-06-05 07:00:54",
        "calendarYear": "2025",
        "period": "Q1",
        "revenue": 4793000000,
        "costOfRevenue": 2795000000,
        "grossProfit": 1998000000,
        "grossProfitRatio": 0.4168579178,
        "researchAndDevelopmentExpenses": 0,
        "generalAndAdministrativeExpenses": 1913000000,
        "sellingAndMarketingExpenses": 0,
        "sellingGeneralAndAdministrativeExpenses": 1913000000,
        "otherExpenses": -9000000,
        "operatingExpenses": 1904000000,
        "costAndExpenses": 4699000000,
        "interestIncome": 0,
        "interestExpense": 27000000,
        "depreciationAndAmortization": 219000000,
        "ebitda": 314000000,
        "ebitdaratio": 0.0655122053,
        "operatingIncome": 94000000,
        "operatingIncomeRatio": 0.0196119341,
        "totalOtherIncomeExpensesNet": -26000000,
        "incomeBeforeTax": 68000000,
        "incomeBeforeTaxRatio": 0.0141873566,
        "incomeTaxExpense": 30000000,
        "netIncome": 38000000,
        "netIncomeRatio": 0.0079282287,
        "eps": 0.14,
        "epsdiluted": 0.14,
        "weightedAverageShsOut": 277600000,
        "weightedAverageShsOutDil": 280700000,
        "link": "https://www.sec.gov/Archives/edgar/data/794367/000162828025029500/0001628280-25-029500-index.htm",
        "finalLink": "https://www.sec.gov/Archives/edgar/data/794367/000162828025029500/m-20250503.htm"
    },
    {
        "date": "2025-01-31",
        "symbol": "M",
        "reportedCurrency": "USD",
        "cik": "0000794367",
        "fillingDate": "2025-03-21",
        "acceptedDate": "2025-03-21 16:05:35",
        "calendarYear": "2024",
        "period": "Q4",
        "revenue": 8007000000,
        "costOfRevenue": 4991000000,
        "grossProfit": 3016000000,
        "grossProfitRatio": 0.3766704134,
        "researchAndDevelopmentExpenses": 0,
        "generalAndAdministrativeExpenses": 0,
        "sellingAndMarketingExpenses": 0,
        "sellingGeneralAndAdministrativeExpenses": 2382000000,
        "otherExpenses": 135000000,
        "operatingExpenses": 2517000000,
        "costAndExpenses": 7508000000,
        "interestIncome": 0,
        "interestExpense": 21000000,
        "depreciationAndAmortization": 224000000,
        "ebitda": 681000000,
        "ebitdaratio": 0.0850505807,
        "operatingIncome": 499000000,
        "operatingIncomeRatio": 0.0623204696,
        "totalOtherIncomeExpensesNet": -63000000,
        "incomeBeforeTax": 436000000,
        "incomeBeforeTaxRatio": 0.0544523542,
        "incomeTaxExpense": 94000000,
        "netIncome": 342000000,
        "netIncomeRatio": 0.0427126265,
        "eps": 1.23,
        "epsdiluted": 1.21,
        "weightedAverageShsOut": 278500000,
        "weightedAverageShsOutDil": 282600000,
        "link": "https://www.sec.gov/Archives/edgar/data/794367/000162828025014315/0001628280-25-014315-index.htm",
        "finalLink": "https://www.sec.gov/Archives/edgar/data/794367/000162828025014315/m-20250201.htm"
    },
    {
        "date": "2024-11-02",
        "symbol": "M",
        "reportedCurrency": "USD",
        "cik": "0000794367",
        "fillingDate": "2024-12-12",
        "acceptedDate": "2024-12-12 16:41:09",
        "calendarYear": "2024",
        "period": "Q3",
        "revenue": 4903000000,
        "costOfRevenue": 2864000000,
        "grossProfit": 2039000000,
        "grossProfitRatio": 0.415867836,
        "researchAndDevelopmentExpenses": 0,
        "generalAndAdministrativeExpenses": 2064000000,
        "sellingAndMarketingExpenses": 0,
        "sellingGeneralAndAdministrativeExpenses": 2064000000,
        "otherExpenses": -89000000,
        "operatingExpenses": 1975000000,
        "costAndExpenses": 4839000000,
        "interestIncome": 0,
        "interestExpense": 32000000,
        "depreciationAndAmortization": 228000000,
        "ebitda": 295000000,
        "ebitdaratio": 0.0601672445,
        "operatingIncome": 64000000,
        "operatingIncomeRatio": 0.0130532327,
        "totalOtherIncomeExpensesNet": -29000000,
        "incomeBeforeTax": 35000000,
        "incomeBeforeTaxRatio": 0.0071384866,
        "incomeTaxExpense": 7000000,
        "netIncome": 28000000,
        "netIncomeRatio": 0.0057107893,
        "eps": 0.1,
        "epsdiluted": 0.0995,
        "weightedAverageShsOut": 278400000,
        "weightedAverageShsOutDil": 281500000,
        "link": "https://www.sec.gov/Archives/edgar/data/794367/000162828024051058/0001628280-24-051058-index.htm",
        "finalLink": "https://www.sec.gov/Archives/edgar/data/794367/000162828024051058/m-20241102.htm"
    },
    {
        "date": "2024-08-03",
        "symbol": "M",
        "reportedCurrency": "USD",
        "cik": "0000794367",
        "fillingDate": "2024-09-04",
        "acceptedDate": "2024-09-04 06:51:12",
        "calendarYear": "2024",
        "period": "Q2",
        "revenue": 5096000000,
        "costOfRevenue": 2938000000,
        "grossProfit": 2158000000,
        "grossProfitRatio": 0.4234693878,
        "researchAndDevelopmentExpenses": 0,
        "generalAndAdministrativeExpenses": 1973000000,
        "sellingAndMarketingExpenses": 0,
        "sellingGeneralAndAdministrativeExpenses": 1973000000,
        "otherExpenses": -37000000,
        "operatingExpenses": 1936000000,
        "costAndExpenses": 4874000000,
        "interestIncome": 0,
        "interestExpense": 31000000,
        "depreciationAndAmortization": 213000000,
        "ebitda": 439000000,
        "ebitdaratio": 0.0861459969,
        "operatingIncome": 222000000,
        "operatingIncomeRatio": 0.0435635793,
        "totalOtherIncomeExpensesNet": -27000000,
        "incomeBeforeTax": 195000000,
        "incomeBeforeTaxRatio": 0.0382653061,
        "incomeTaxExpense": 45000000,
        "netIncome": 150000000,
        "netIncomeRatio": 0.0294348509,
        "eps": 0.54,
        "epsdiluted": 0.53,
        "weightedAverageShsOut": 277700000,
        "weightedAverageShsOutDil": 281600000,
        "link": "https://www.sec.gov/Archives/edgar/data/794367/000162828024039219/0001628280-24-039219-index.htm",
        "finalLink": "https://www.sec.gov/Archives/edgar/data/794367/000162828024039219/m-20240803.htm"
    },
    {
        "date": "2024-05-04",
        "symbol": "M",
        "reportedCurrency": "USD",
        "cik": "0000794367",
        "fillingDate": "2024-05-30",
        "acceptedDate": "2024-05-30 17:09:44",
        "calendarYear": "2024",
        "period": "Q1",
        "revenue": 5000000000,
        "costOfRevenue": 2946000000,
        "grossProfit": 2054000000,
        "grossProfitRatio": 0.4108,
        "researchAndDevelopmentExpenses": 0,
        "generalAndAdministrativeExpenses": 1911000000,
        "sellingAndMarketingExpenses": 0,
        "sellingGeneralAndAdministrativeExpenses": 1911000000,
        "otherExpenses": 18000000,
        "operatingExpenses": 1929000000,
        "costAndExpenses": 4875000000,
        "interestIncome": 0,
        "interestExpense": 31000000,
        "depreciationAndAmortization": 216000000,
        "ebitda": 345000000,
        "ebitdaratio": 0.069,
        "operatingIncome": 125000000,
        "operatingIncomeRatio": 0.025,
        "totalOtherIncomeExpensesNet": -27000000,
        "incomeBeforeTax": 98000000,
        "incomeBeforeTaxRatio": 0.0196,
        "incomeTaxExpense": 36000000,
        "netIncome": 62000000,
        "netIncomeRatio": 0.0124,
        "eps": 0.22,
        "epsdiluted": 0.22,
        "weightedAverageShsOut": 276100000,
        "weightedAverageShsOutDil": 281000000,
        "link": "https://www.sec.gov/Archives/edgar/data/794367/000162828024025853/0001628280-24-025853-index.htm",
        "finalLink": "https://www.sec.gov/Archives/edgar/data/794367/000162828024025853/m-20240504.htm"
    },
    {
        "date": "2024-01-31",
        "symbol": "M",
        "reportedCurrency": "USD",
        "cik": "0000794367",
        "fillingDate": "2024-03-22",
        "acceptedDate": "2024-03-22 16:13:42",
        "calendarYear": "2023",
        "period": "Q4",
        "revenue": 8375000000,
        "costOfRevenue": 5076000000,
        "grossProfit": 3299000000,
        "grossProfitRatio": 0.3939104478,
        "researchAndDevelopmentExpenses": 0,
        "generalAndAdministrativeExpenses": 2405000000,
        "sellingAndMarketingExpenses": 0,
        "sellingGeneralAndAdministrativeExpenses": 2405000000,
        "otherExpenses": 965000000,
        "operatingExpenses": 3370000000,
        "costAndExpenses": 8446000000,
        "interestIncome": 0,
        "interestExpense": 27000000,
        "depreciationAndAmortization": 232000000,
        "ebitda": 157000000,
        "ebitdaratio": 0.0187462687,
        "operatingIncome": -71000000,
        "operatingIncomeRatio": -0.0084776119,
        "totalOtherIncomeExpensesNet": -31000000,
        "incomeBeforeTax": -102000000,
        "incomeBeforeTaxRatio": -0.0121791045,
        "incomeTaxExpense": -32000000,
        "netIncome": -70000000,
        "netIncomeRatio": -0.008358209,
        "eps": -0.26,
        "epsdiluted": -0.26,
        "weightedAverageShsOut": 275000000,
        "weightedAverageShsOutDil": 275000000,
        "link": "https://www.sec.gov/Archives/edgar/data/794367/000162828024012734/0001628280-24-012734-index.htm",
        "finalLink": "https://www.sec.gov/Archives/edgar/data/794367/000162828024012734/m-20240203.htm"
    },
    {
        "date": "2023-10-28",
        "symbol": "M",
        "reportedCurrency": "USD",
        "cik": "0000794367",
        "fillingDate": "2023-11-28",
        "acceptedDate": "2023-11-27 17:33:37",
        "calendarYear": "2023",
        "period": "Q3",
        "revenue": 5038000000,
        "costOfRevenue": 2905000000,
        "grossProfit": 2133000000,
        "grossProfitRatio": 0.4233822946,
        "researchAndDevelopmentExpenses": 0,
        "generalAndAdministrativeExpenses": 2047000000,
        "sellingAndMarketingExpenses": 0,
        "sellingGeneralAndAdministrativeExpenses": 2047000000,
        "otherExpenses": 3000000,
        "operatingExpenses": 2050000000,
        "costAndExpenses": 4955000000,
        "interestIncome": 0,
        "interestExpense": 35000000,
        "depreciationAndAmortization": 232000000,
        "ebitda": 310000000,
        "ebitdaratio": 0.0615323541,
        "operatingIncome": 83000000,
        "operatingIncomeRatio": 0.0164747916,
        "totalOtherIncomeExpensesNet": -40000000,
        "incomeBeforeTax": 43000000,
        "incomeBeforeTaxRatio": 0.008535133,
        "incomeTaxExpense": 2000000,
        "netIncome": 41000000,
        "netIncomeRatio": 0.0081381501,
        "eps": 0.15,
        "epsdiluted": 0.15,
        "weightedAverageShsOut": 274700000,
        "weightedAverageShsOutDil": 277600000,
        "link": "https://www.sec.gov/Archives/edgar/data/794367/000162828023040057/0001628280-23-040057-index.htm",
        "finalLink": "https://www.sec.gov/Archives/edgar/data/794367/000162828023040057/m-20231028.htm"
    },
    {
        "date": "2023-07-29",
        "symbol": "M",
        "reportedCurrency": "USD",
        "cik": "0000794367",
        "fillingDate": "2023-08-25",
        "acceptedDate": "2023-08-25 16:36:24",
        "calendarYear": "2023",
        "period": "Q2",
        "revenue": 5280000000,
        "costOfRevenue": 3176000000,
        "grossProfit": 2104000000,
        "grossProfitRatio": 0.3984848485,
        "researchAndDevelopmentExpenses": 0,
        "generalAndAdministrativeExpenses": 2102000000,
        "sellingAndMarketingExpenses": 0,
        "sellingGeneralAndAdministrativeExpenses": 2102000000,
        "otherExpenses": -122000000,
        "operatingExpenses": 1980000000,
        "costAndExpenses": 5156000000,
        "interestIncome": 0,
        "interestExpense": 36000000,
        "depreciationAndAmortization": 215000000,
        "ebitda": 221000000,
        "ebitdaratio": 0.0418560606,
        "operatingIncome": 124000000,
        "operatingIncomeRatio": 0.0234848485,
        "totalOtherIncomeExpensesNet": -154000000,
        "incomeBeforeTax": -30000000,
        "incomeBeforeTaxRatio": -0.0056818182,
        "incomeTaxExpense": -8000000,
        "netIncome": -22000000,
        "netIncomeRatio": -0.0041666667,
        "eps": -0.0804,
        "epsdiluted": -0.0804,
        "weightedAverageShsOut": 273800000,
        "weightedAverageShsOutDil": 273800000,
        "link": "https://www.sec.gov/Archives/edgar/data/794367/000162828023030657/0001628280-23-030657-index.htm",
        "finalLink": "https://www.sec.gov/Archives/edgar/data/794367/000162828023030657/m-20230729.htm"
    },
    {
        "date": "2023-04-29",
        "symbol": "M",
        "reportedCurrency": "USD",
        "cik": "0000794367",
        "fillingDate": "2023-06-06",
        "acceptedDate": "2023-06-06 16:11:37",
        "calendarYear": "2023",
        "period": "Q1",
        "revenue": 5173000000,
        "costOfRevenue": 2988000000,
        "grossProfit": 2185000000,
        "grossProfitRatio": 0.422385463,
        "researchAndDevelopmentExpenses": 0,
        "generalAndAdministrativeExpenses": 1950000000,
        "sellingAndMarketingExpenses": 0,
        "sellingGeneralAndAdministrativeExpenses": 1950000000,
        "otherExpenses": -9000000,
        "operatingExpenses": 1941000000,
        "costAndExpenses": 4929000000,
        "interestIncome": 0,
        "interestExpense": 37000000,
        "depreciationAndAmortization": 218000000,
        "ebitda": 466000000,
        "ebitdaratio": 0.0900831239,
        "operatingIncome": 244000000,
        "operatingIncomeRatio": 0.0471679876,
        "totalOtherIncomeExpensesNet": -33000000,
        "incomeBeforeTax": 211000000,
        "incomeBeforeTaxRatio": 0.0407887106,
        "incomeTaxExpense": 56000000,
        "netIncome": 155000000,
        "netIncomeRatio": 0.0299632708,
        "eps": 0.57,
        "epsdiluted": 0.56,
        "weightedAverageShsOut": 273100000,
        "weightedAverageShsOutDil": 277800000,
        "link": "https://www.sec.gov/Archives/edgar/data/794367/000162828023021104/0001628280-23-021104-index.htm",
        "finalLink": "https://www.sec.gov/Archives/edgar/data/794367/000162828023021104/m-20230429.htm"
    },
    {
        "date": "2023-01-31",
        "symbol": "M",
        "reportedCurrency": "USD",
        "cik": "0000794367",
        "fillingDate": "2023-03-24",
        "acceptedDate": "2023-03-24 16:02:12",
        "calendarYear": "2022",
        "period": "Q4",
        "revenue": 8526000000,
        "costOfRevenue": 5450000000,
        "grossProfit": 3076000000,
        "grossProfitRatio": 0.3607787943,
        "researchAndDevelopmentExpenses": 0,
        "generalAndAdministrativeExpenses": 2406000000,
        "sellingAndMarketingExpenses": 0,
        "sellingGeneralAndAdministrativeExpenses": 2406000000,
        "otherExpenses": -6000000,
        "operatingExpenses": 2400000000,
        "costAndExpenses": 7850000000,
        "interestIncome": 12000000,
        "interestExpense": 43000000,
        "depreciationAndAmortization": 219000000,
        "ebitda": 899000000,
        "ebitdaratio": 0.1054421769,
        "operatingIncome": 676000000,
        "operatingIncomeRatio": 0.0792868872,
        "totalOtherIncomeExpensesNet": -39000000,
        "incomeBeforeTax": 637000000,
        "incomeBeforeTaxRatio": 0.0747126437,
        "incomeTaxExpense": 128000000,
        "netIncome": 509000000,
        "netIncomeRatio": 0.059699742,
        "eps": 1.87,
        "epsdiluted": 1.83,
        "weightedAverageShsOut": 272200000,
        "weightedAverageShsOutDil": 278500000,
        "link": "https://www.sec.gov/Archives/edgar/data/794367/000162828023009154/0001628280-23-009154-index.htm",
        "finalLink": "https://www.sec.gov/Archives/edgar/data/794367/000162828023009154/m-20230128.htm"
    },
    {
        "date": "2022-10-29",
        "symbol": "M",
        "reportedCurrency": "USD",
        "cik": "0000794367",
        "fillingDate": "2022-11-30",
        "acceptedDate": "2022-11-30 16:11:36",
        "calendarYear": "2022",
        "period": "Q3",
        "revenue": 5467000000,
        "costOfRevenue": 3204000000,
        "grossProfit": 2263000000,
        "grossProfitRatio": 0.4139381745,
        "researchAndDevelopmentExpenses": 0,
        "generalAndAdministrativeExpenses": 2120000000,
        "sellingAndMarketingExpenses": 0,
        "sellingGeneralAndAdministrativeExpenses": 2120000000,
        "otherExpenses": -49000000,
        "operatingExpenses": 2071000000,
        "costAndExpenses": 5275000000,
        "interestIncome": 0,
        "interestExpense": 42000000,
        "depreciationAndAmortization": 225000000,
        "ebitda": 392000000,
        "ebitdaratio": 0.0717029449,
        "operatingIncome": 192000000,
        "operatingIncomeRatio": 0.0351198098,
        "totalOtherIncomeExpensesNet": -67000000,
        "incomeBeforeTax": 125000000,
        "incomeBeforeTaxRatio": 0.0228644595,
        "incomeTaxExpense": 17000000,
        "netIncome": 108000000,
        "netIncomeRatio": 0.019754893,
        "eps": 0.4,
        "epsdiluted": 0.39,
        "weightedAverageShsOut": 272000000,
        "weightedAverageShsOutDil": 277700000,
        "link": "https://www.sec.gov/Archives/edgar/data/794367/000156459022038681/0001564590-22-038681-index.htm",
        "finalLink": "https://www.sec.gov/Archives/edgar/data/794367/000156459022038681/m-10q_20221029.htm"
    },
    {
        "date": "2022-07-30",
        "symbol": "M",
        "reportedCurrency": "USD",
        "cik": "0000794367",
        "fillingDate": "2022-08-26",
        "acceptedDate": "2022-08-26 16:01:08",
        "calendarYear": "2022",
        "period": "Q2",
        "revenue": 5834000000,
        "costOfRevenue": 3422000000,
        "grossProfit": 2412000000,
        "grossProfitRatio": 0.4134384642,
        "researchAndDevelopmentExpenses": 0,
        "generalAndAdministrativeExpenses": 2011000000,
        "sellingAndMarketingExpenses": 0,
        "sellingGeneralAndAdministrativeExpenses": 2011000000,
        "otherExpenses": 2000000,
        "operatingExpenses": 2013000000,
        "costAndExpenses": 5435000000,
        "interestIncome": 0,
        "interestExpense": 42000000,
        "depreciationAndAmortization": 207000000,
        "ebitda": 613000000,
        "ebitdaratio": 0.1050737059,
        "operatingIncome": 399000000,
        "operatingIncomeRatio": 0.0683921838,
        "totalOtherIncomeExpensesNet": -35000000,
        "incomeBeforeTax": 364000000,
        "incomeBeforeTaxRatio": 0.0623928694,
        "incomeTaxExpense": 89000000,
        "netIncome": 275000000,
        "netIncomeRatio": 0.04713747,
        "eps": 1.01,
        "epsdiluted": 0.99,
        "weightedAverageShsOut": 271100000,
        "weightedAverageShsOutDil": 277400000,
        "link": "https://www.sec.gov/Archives/edgar/data/794367/000156459022030190/0001564590-22-030190-index.htm",
        "finalLink": "https://www.sec.gov/Archives/edgar/data/794367/000156459022030190/m-10q_20220730.htm"
    },
    {
        "date": "2022-04-30",
        "symbol": "M",
        "reportedCurrency": "USD",
        "cik": "0000794367",
        "fillingDate": "2022-06-07",
        "acceptedDate": "2022-06-06 17:42:05",
        "calendarYear": "2022",
        "period": "Q1",
        "revenue": 5565000000,
        "costOfRevenue": 3231000000,
        "grossProfit": 2334000000,
        "grossProfitRatio": 0.4194070081,
        "researchAndDevelopmentExpenses": 0,
        "generalAndAdministrativeExpenses": 1905000000,
        "sellingAndMarketingExpenses": 0,
        "sellingGeneralAndAdministrativeExpenses": 1905000000,
        "otherExpenses": -34000000,
        "operatingExpenses": 1871000000,
        "costAndExpenses": 5102000000,
        "interestIncome": 0,
        "interestExpense": 47000000,
        "depreciationAndAmortization": 206000000,
        "ebitda": 645000000,
        "ebitdaratio": 0.115902965,
        "operatingIncome": 463000000,
        "operatingIncomeRatio": 0.0831985624,
        "totalOtherIncomeExpensesNet": -71000000,
        "incomeBeforeTax": 392000000,
        "incomeBeforeTaxRatio": 0.0704402516,
        "incomeTaxExpense": 106000000,
        "netIncome": 286000000,
        "netIncomeRatio": 0.0513926325,
        "eps": 1.01,
        "epsdiluted": 0.98,
        "weightedAverageShsOut": 283600000,
        "weightedAverageShsOutDil": 290900000,
        "link": "https://www.sec.gov/Archives/edgar/data/794367/000156459022022602/0001564590-22-022602-index.htm",
        "finalLink": "https://www.sec.gov/Archives/edgar/data/794367/000156459022022602/m-10q_20220430.htm"
    },
    {
        "date": "2022-01-31",
        "symbol": "M",
        "reportedCurrency": "USD",
        "cik": "0000794367",
        "fillingDate": "2022-03-25",
        "acceptedDate": "2022-03-25 06:01:37",
        "calendarYear": "2021",
        "period": "Q4",
        "revenue": 8930000000,
        "costOfRevenue": 5507000000,
        "grossProfit": 3423000000,
        "grossProfitRatio": 0.3833146697,
        "researchAndDevelopmentExpenses": 0,
        "generalAndAdministrativeExpenses": 2435000000,
        "sellingAndMarketingExpenses": 0,
        "sellingGeneralAndAdministrativeExpenses": 2435000000,
        "otherExpenses": -27000000,
        "operatingExpenses": 2408000000,
        "costAndExpenses": 7915000000,
        "interestIncome": 3000000,
        "interestExpense": 47000000,
        "depreciationAndAmortization": 206000000,
        "ebitda": 1235000000,
        "ebitdaratio": 0.1382978723,
        "operatingIncome": 1015000000,
        "operatingIncomeRatio": 0.1136618141,
        "totalOtherIncomeExpensesNet": -33000000,
        "incomeBeforeTax": 982000000,
        "incomeBeforeTaxRatio": 0.1099664054,
        "incomeTaxExpense": 239000000,
        "netIncome": 743000000,
        "netIncomeRatio": 0.0832026876,
        "eps": 2.5,
        "epsdiluted": 2.44,
        "weightedAverageShsOut": 296500000,
        "weightedAverageShsOutDil": 304800000,
        "link": "https://www.sec.gov/Archives/edgar/data/794367/000156459022011726/0001564590-22-011726-index.htm",
        "finalLink": "https://www.sec.gov/Archives/edgar/data/794367/000156459022011726/m-10k_20220129.htm"
    },
    {
        "date": "2021-10-30",
        "symbol": "M",
        "reportedCurrency": "USD",
        "cik": "0000794367",
        "fillingDate": "2021-12-07",
        "acceptedDate": "2021-12-07 16:05:52",
        "calendarYear": "2021",
        "period": "Q3",
        "revenue": 5653000000,
        "costOfRevenue": 3207000000,
        "grossProfit": 2446000000,
        "grossProfitRatio": 0.4326906068,
        "researchAndDevelopmentExpenses": 0,
        "generalAndAdministrativeExpenses": 1981000000,
        "sellingAndMarketingExpenses": 0,
        "sellingGeneralAndAdministrativeExpenses": 1981000000,
        "otherExpenses": -58000000,
        "operatingExpenses": 1923000000,
        "costAndExpenses": 5130000000,
        "interestIncome": 0,
        "interestExpense": 53000000,
        "depreciationAndAmortization": 224000000,
        "ebitda": 571000000,
        "ebitdaratio": 0.1010083142,
        "operatingIncome": 523000000,
        "operatingIncomeRatio": 0.0925172475,
        "totalOtherIncomeExpensesNet": -229000000,
        "incomeBeforeTax": 294000000,
        "incomeBeforeTaxRatio": 0.0520077835,
        "incomeTaxExpense": 55000000,
        "netIncome": 239000000,
        "netIncomeRatio": 0.0422784362,
        "eps": 0.78,
        "epsdiluted": 0.76,
        "weightedAverageShsOut": 306900000,
        "weightedAverageShsOutDil": 313800000,
        "link": "https://www.sec.gov/Archives/edgar/data/794367/000156459021059577/0001564590-21-059577-index.htm",
        "finalLink": "https://www.sec.gov/Archives/edgar/data/794367/000156459021059577/m-10q_20211030.htm"
    },
    {
        "date": "2021-07-31",
        "symbol": "M",
        "reportedCurrency": "USD",
        "cik": "0000794367",
        "fillingDate": "2021-09-03",
        "acceptedDate": "2021-09-03 16:16:22",
        "calendarYear": "2021",
        "period": "Q2",
        "revenue": 5844000000,
        "costOfRevenue": 3353000000,
        "grossProfit": 2491000000,
        "grossProfitRatio": 0.4262491444,
        "researchAndDevelopmentExpenses": 0,
        "generalAndAdministrativeExpenses": 1979000000,
        "sellingAndMarketingExpenses": 0,
        "sellingGeneralAndAdministrativeExpenses": 1979000000,
        "otherExpenses": -85000000,
        "operatingExpenses": 1894000000,
        "costAndExpenses": 5247000000,
        "interestIncome": 0,
        "interestExpense": 80000000,
        "depreciationAndAmortization": 220000000,
        "ebitda": 750000000,
        "ebitdaratio": 0.1283367556,
        "operatingIncome": 597000000,
        "operatingIncomeRatio": 0.1021560575,
        "totalOtherIncomeExpensesNet": -147000000,
        "incomeBeforeTax": 450000000,
        "incomeBeforeTaxRatio": 0.0770020534,
        "incomeTaxExpense": 105000000,
        "netIncome": 345000000,
        "netIncomeRatio": 0.0590349076,
        "eps": 1.11,
        "epsdiluted": 1.08,
        "weightedAverageShsOut": 312400000,
        "weightedAverageShsOutDil": 318600000,
        "link": "https://www.sec.gov/Archives/edgar/data/794367/000156459021047102/0001564590-21-047102-index.htm",
        "finalLink": "https://www.sec.gov/Archives/edgar/data/794367/000156459021047102/m-10q_20210731.htm"
    },
    {
        "date": "2021-05-01",
        "symbol": "M",
        "reportedCurrency": "USD",
        "cik": "0000794367",
        "fillingDate": "2021-06-07",
        "acceptedDate": "2021-06-07 16:06:17",
        "calendarYear": "2021",
        "period": "Q1",
        "revenue": 4865000000,
        "costOfRevenue": 2889000000,
        "grossProfit": 1976000000,
        "grossProfitRatio": 0.4061664954,
        "researchAndDevelopmentExpenses": 0,
        "generalAndAdministrativeExpenses": 1748000000,
        "sellingAndMarketingExpenses": 0,
        "sellingGeneralAndAdministrativeExpenses": 1748000000,
        "otherExpenses": 13000000,
        "operatingExpenses": 1761000000,
        "costAndExpenses": 4650000000,
        "interestIncome": 0,
        "interestExpense": 79000000,
        "depreciationAndAmortization": 224000000,
        "ebitda": 443000000,
        "ebitdaratio": 0.0910585817,
        "operatingIncome": 215000000,
        "operatingIncomeRatio": 0.0441932169,
        "totalOtherIncomeExpensesNet": -75000000,
        "incomeBeforeTax": 140000000,
        "incomeBeforeTaxRatio": 0.0287769784,
        "incomeTaxExpense": 37000000,
        "netIncome": 103000000,
        "netIncomeRatio": 0.0211716341,
        "eps": 0.33,
        "epsdiluted": 0.32,
        "weightedAverageShsOut": 311600000,
        "weightedAverageShsOutDil": 318600000,
        "link": "https://www.sec.gov/Archives/edgar/data/794367/000156459021031943/0001564590-21-031943-index.htm",
        "finalLink": "https://www.sec.gov/Archives/edgar/data/794367/000156459021031943/m-10q_20210501.htm"
    },
    {
        "date": "2021-01-31",
        "symbol": "M",
        "reportedCurrency": "USD",
        "cik": "0000794367",
        "fillingDate": "2021-03-29",
        "acceptedDate": "2021-03-29 16:06:50",
        "calendarYear": "2020",
        "period": "Q4",
        "revenue": 7037000000,
        "costOfRevenue": 4498000000,
        "grossProfit": 2539000000,
        "grossProfitRatio": 0.3608071621,
        "researchAndDevelopmentExpenses": 0,
        "generalAndAdministrativeExpenses": 2063000000,
        "sellingAndMarketingExpenses": 0,
        "sellingGeneralAndAdministrativeExpenses": 2063000000,
        "otherExpenses": 75000000,
        "operatingExpenses": 2138000000,
        "costAndExpenses": 6636000000,
        "interestIncome": 1000000,
        "interestExpense": 86000000,
        "depreciationAndAmortization": 237000000,
        "ebitda": 640000000,
        "ebitdaratio": 0.0909478471,
        "operatingIncome": 401000000,
        "operatingIncomeRatio": 0.0569845104,
        "totalOtherIncomeExpensesNet": -87000000,
        "incomeBeforeTax": 314000000,
        "incomeBeforeTaxRatio": 0.0446212875,
        "incomeTaxExpense": 154000000,
        "netIncome": 160000000,
        "netIncomeRatio": 0.0227369618,
        "eps": 0.51,
        "epsdiluted": 0.5,
        "weightedAverageShsOut": 311400000,
        "weightedAverageShsOutDil": 316600000,
        "link": "https://www.sec.gov/Archives/edgar/data/794367/000156459021016119/0001564590-21-016119-index.htm",
        "finalLink": "https://www.sec.gov/Archives/edgar/data/794367/000156459021016119/m-10k_20210130.htm"
    },
    {
        "date": "2020-10-31",
        "symbol": "M",
        "reportedCurrency": "USD",
        "cik": "0000794367",
        "fillingDate": "2020-12-08",
        "acceptedDate": "2020-12-08 16:10:16",
        "calendarYear": "2020",
        "period": "Q3",
        "revenue": 4185000000,
        "costOfRevenue": 2569000000,
        "grossProfit": 1616000000,
        "grossProfitRatio": 0.3861409797,
        "researchAndDevelopmentExpenses": 0,
        "generalAndAdministrativeExpenses": 1752000000,
        "sellingAndMarketingExpenses": 0,
        "sellingGeneralAndAdministrativeExpenses": 1752000000,
        "otherExpenses": -9000000,
        "operatingExpenses": 1743000000,
        "costAndExpenses": 4312000000,
        "interestIncome": 0,
        "interestExpense": 80000000,
        "depreciationAndAmortization": 250000000,
        "ebitda": 113000000,
        "ebitdaratio": 0.0270011947,
        "operatingIncome": -127000000,
        "operatingIncomeRatio": -0.0303464755,
        "totalOtherIncomeExpensesNet": -90000000,
        "incomeBeforeTax": -217000000,
        "incomeBeforeTaxRatio": -0.0518518519,
        "incomeTaxExpense": -126000000,
        "netIncome": -91000000,
        "netIncomeRatio": -0.021744325,
        "eps": -0.29,
        "epsdiluted": -0.29,
        "weightedAverageShsOut": 311200000,
        "weightedAverageShsOutDil": 311200000,
        "link": "https://www.sec.gov/Archives/edgar/data/794367/000079436720000149/0000794367-20-000149-index.htm",
        "finalLink": "https://www.sec.gov/Archives/edgar/data/794367/000079436720000149/m-20201031.htm"
    },
    {
        "date": "2020-08-01",
        "symbol": "M",
        "reportedCurrency": "USD",
        "cik": "0000794367",
        "fillingDate": "2020-09-03",
        "acceptedDate": "2020-09-03 17:10:35",
        "calendarYear": "2020",
        "period": "Q2",
        "revenue": 3727000000,
        "costOfRevenue": 2718000000,
        "grossProfit": 1009000000,
        "grossProfitRatio": 0.2707271264,
        "researchAndDevelopmentExpenses": 0,
        "generalAndAdministrativeExpenses": 1436000000,
        "sellingAndMarketingExpenses": 0,
        "sellingGeneralAndAdministrativeExpenses": 1436000000,
        "otherExpenses": 204000000,
        "operatingExpenses": 1640000000,
        "costAndExpenses": 4358000000,
        "interestIncome": 1000000,
        "interestExpense": 73000000,
        "depreciationAndAmortization": 235000000,
        "ebitda": -424000000,
        "ebitdaratio": -0.1137644218,
        "operatingIncome": -631000000,
        "operatingIncomeRatio": -0.1693050711,
        "totalOtherIncomeExpensesNet": -98000000,
        "incomeBeforeTax": -729000000,
        "incomeBeforeTaxRatio": -0.195599678,
        "incomeTaxExpense": -298000000,
        "netIncome": -431000000,
        "netIncomeRatio": -0.115642608,
        "eps": -1.39,
        "epsdiluted": -1.38,
        "weightedAverageShsOut": 310071942,
        "weightedAverageShsOutDil": 311200000,
        "link": "https://www.sec.gov/Archives/edgar/data/794367/000079436720000125/0000794367-20-000125-index.htm",
        "finalLink": "https://www.sec.gov/Archives/edgar/data/794367/000079436720000125/m-20200801.htm"
    },
    {
        "date": "2020-05-02",
        "symbol": "M",
        "reportedCurrency": "USD",
        "cik": "0000794367",
        "fillingDate": "2020-07-02",
        "acceptedDate": "2020-07-02 13:50:46",
        "calendarYear": "2020",
        "period": "Q1",
        "revenue": 3148000000,
        "costOfRevenue": 2501000000,
        "grossProfit": 647000000,
        "grossProfitRatio": 0.2055273189,
        "researchAndDevelopmentExpenses": 0,
        "generalAndAdministrativeExpenses": 1598000000,
        "sellingAndMarketingExpenses": 0,
        "sellingGeneralAndAdministrativeExpenses": 1598000000,
        "otherExpenses": 3168000000,
        "operatingExpenses": 4766000000,
        "costAndExpenses": 7267000000,
        "interestIncome": 2000000,
        "interestExpense": 49000000,
        "depreciationAndAmortization": 237000000,
        "ebitda": -3871000000,
        "ebitdaratio": -1.2296696315,
        "operatingIncome": -4119000000,
        "operatingIncomeRatio": -1.3084498094,
        "totalOtherIncomeExpensesNet": -38000000,
        "incomeBeforeTax": -4157000000,
        "incomeBeforeTaxRatio": -1.3205209657,
        "incomeTaxExpense": -576000000,
        "netIncome": -3581000000,
        "netIncomeRatio": -1.1375476493,
        "eps": -11.53,
        "epsdiluted": -11.53,
        "weightedAverageShsOut": 310581092,
        "weightedAverageShsOutDil": 310600000,
        "link": "https://www.sec.gov/Archives/edgar/data/794367/000079436720000089/0000794367-20-000089-index.htm",
        "finalLink": "https://www.sec.gov/Archives/edgar/data/794367/000079436720000089/m-0502202010q.htm"
    },
    {
        "date": "2020-01-31",
        "symbol": "M",
        "reportedCurrency": "USD",
        "cik": "0000794367",
        "fillingDate": "2020-03-30",
        "acceptedDate": "2020-03-30 16:58:41",
        "calendarYear": "2019",
        "period": "Q4",
        "revenue": 8577000000,
        "costOfRevenue": 5266000000,
        "grossProfit": 3311000000,
        "grossProfitRatio": 0.3860324123,
        "researchAndDevelopmentExpenses": 0,
        "generalAndAdministrativeExpenses": 2555000000,
        "sellingAndMarketingExpenses": 0,
        "sellingGeneralAndAdministrativeExpenses": 2555000000,
        "otherExpenses": 197000000,
        "operatingExpenses": 2752000000,
        "costAndExpenses": 8018000000,
        "interestIncome": 9000000,
        "interestExpense": 51000000,
        "depreciationAndAmortization": 256000000,
        "ebitda": 756000000,
        "ebitdaratio": 0.0881427072,
        "operatingIncome": 559000000,
        "operatingIncomeRatio": 0.0651743034,
        "totalOtherIncomeExpensesNet": -110000000,
        "incomeBeforeTax": 449000000,
        "incomeBeforeTaxRatio": 0.0523493063,
        "incomeTaxExpense": 109000000,
        "netIncome": 340000000,
        "netIncomeRatio": 0.0396409001,
        "eps": 1.1,
        "epsdiluted": 1.09,
        "weightedAverageShsOut": 309900000,
        "weightedAverageShsOutDil": 311500000,
        "link": "https://www.sec.gov/Archives/edgar/data/794367/000079436720000040/0000794367-20-000040-index.htm",
        "finalLink": "https://www.sec.gov/Archives/edgar/data/794367/000079436720000040/m-0201202010xk.htm"
    },
    {
        "date": "2019-11-02",
        "symbol": "M",
        "reportedCurrency": "USD",
        "cik": "0000794367",
        "fillingDate": "2019-12-10",
        "acceptedDate": "2019-12-10 16:12:18",
        "calendarYear": "2019",
        "period": "Q3",
        "revenue": 5356000000,
        "costOfRevenue": 3106000000,
        "grossProfit": 2250000000,
        "grossProfitRatio": 0.4200896191,
        "researchAndDevelopmentExpenses": 0,
        "generalAndAdministrativeExpenses": 2214000000,
        "sellingAndMarketingExpenses": 0,
        "sellingGeneralAndAdministrativeExpenses": 2214000000,
        "otherExpenses": -16000000,
        "operatingExpenses": 2198000000,
        "costAndExpenses": 5304000000,
        "interestIncome": 4000000,
        "interestExpense": 52000000,
        "depreciationAndAmortization": 253000000,
        "ebitda": 305000000,
        "ebitdaratio": 0.0569454817,
        "operatingIncome": 52000000,
        "operatingIncomeRatio": 0.0097087379,
        "totalOtherIncomeExpensesNet": -52000000,
        "incomeBeforeTax": 0,
        "incomeBeforeTaxRatio": 0,
        "incomeTaxExpense": -2000000,
        "netIncome": 2000000,
        "netIncomeRatio": 0.000373413,
        "eps": 0.01,
        "epsdiluted": 0.01,
        "weightedAverageShsOut": 309900000,
        "weightedAverageShsOutDil": 311000000,
        "link": "https://www.sec.gov/Archives/edgar/data/794367/000079436719000118/0000794367-19-000118-index.htm",
        "finalLink": "https://www.sec.gov/Archives/edgar/data/794367/000079436719000118/m-11021910q.htm"
    },
    {
        "date": "2019-08-03",
        "symbol": "M",
        "reportedCurrency": "USD",
        "cik": "0000794367",
        "fillingDate": "2019-08-30",
        "acceptedDate": "2019-08-30 12:42:01",
        "calendarYear": "2019",
        "period": "Q2",
        "revenue": 5722000000,
        "costOfRevenue": 3395000000,
        "grossProfit": 2327000000,
        "grossProfitRatio": 0.4066759874,
        "researchAndDevelopmentExpenses": 0,
        "generalAndAdministrativeExpenses": 2177000000,
        "sellingAndMarketingExpenses": 0,
        "sellingGeneralAndAdministrativeExpenses": 2177000000,
        "otherExpenses": -5000000,
        "operatingExpenses": 2172000000,
        "costAndExpenses": 5567000000,
        "interestIncome": 5000000,
        "interestExpense": 52000000,
        "depreciationAndAmortization": 236000000,
        "ebitda": 404000000,
        "ebitdaratio": 0.0706046837,
        "operatingIncome": 155000000,
        "operatingIncomeRatio": 0.0270884306,
        "totalOtherIncomeExpensesNet": -39000000,
        "incomeBeforeTax": 116000000,
        "incomeBeforeTaxRatio": 0.0202726319,
        "incomeTaxExpense": 30000000,
        "netIncome": 86000000,
        "netIncomeRatio": 0.0150297099,
        "eps": 0.28,
        "epsdiluted": 0.28,
        "weightedAverageShsOut": 309800000,
        "weightedAverageShsOutDil": 311600000,
        "link": "https://www.sec.gov/Archives/edgar/data/794367/000079436719000097/0000794367-19-000097-index.htm",
        "finalLink": "https://www.sec.gov/Archives/edgar/data/794367/000079436719000097/m-08031910q.htm"
    },
    {
        "date": "2019-05-04",
        "symbol": "M",
        "reportedCurrency": "USD",
        "cik": "0000794367",
        "fillingDate": "2019-06-05",
        "acceptedDate": "2019-06-05 16:30:13",
        "calendarYear": "2019",
        "period": "Q1",
        "revenue": 5676000000,
        "costOfRevenue": 3403000000,
        "grossProfit": 2273000000,
        "grossProfitRatio": 0.4004580691,
        "researchAndDevelopmentExpenses": 0,
        "generalAndAdministrativeExpenses": 2112000000,
        "sellingAndMarketingExpenses": 0,
        "sellingGeneralAndAdministrativeExpenses": 2112000000,
        "otherExpenses": -42000000,
        "operatingExpenses": 2070000000,
        "costAndExpenses": 5473000000,
        "interestIncome": 7000000,
        "interestExpense": 54000000,
        "depreciationAndAmortization": 236000000,
        "ebitda": 453000000,
        "ebitdaratio": 0.0798097252,
        "operatingIncome": 203000000,
        "operatingIncomeRatio": 0.035764623,
        "totalOtherIncomeExpensesNet": -40000000,
        "incomeBeforeTax": 163000000,
        "incomeBeforeTaxRatio": 0.0287174066,
        "incomeTaxExpense": 27000000,
        "netIncome": 136000000,
        "netIncomeRatio": 0.0239605356,
        "eps": 0.44,
        "epsdiluted": 0.44,
        "weightedAverageShsOut": 309100000,
        "weightedAverageShsOutDil": 311400000,
        "link": "https://www.sec.gov/Archives/edgar/data/794367/000079436719000080/0000794367-19-000080-index.htm",
        "finalLink": "https://www.sec.gov/Archives/edgar/data/794367/000079436719000080/m-05041910q.htm"
    },
    {
        "date": "2019-01-31",
        "symbol": "M",
        "reportedCurrency": "USD",
        "cik": "0000794367",
        "fillingDate": "2019-04-03",
        "acceptedDate": "2019-04-03 11:09:06",
        "calendarYear": "2018",
        "period": "Q4",
        "revenue": 8695000000,
        "costOfRevenue": 5288000000,
        "grossProfit": 3407000000,
        "grossProfitRatio": 0.3918343876,
        "researchAndDevelopmentExpenses": 0,
        "generalAndAdministrativeExpenses": 2553000000,
        "sellingAndMarketingExpenses": 0,
        "sellingGeneralAndAdministrativeExpenses": 2553000000,
        "otherExpenses": -196000000,
        "operatingExpenses": 2357000000,
        "costAndExpenses": 7645000000,
        "interestIncome": 15000000,
        "interestExpense": 64000000,
        "depreciationAndAmortization": 244000000,
        "ebitda": 1274000000,
        "ebitdaratio": 0.1465209891,
        "operatingIncome": 1050000000,
        "operatingIncomeRatio": 0.1207590569,
        "totalOtherIncomeExpensesNet": -84000000,
        "incomeBeforeTax": 966000000,
        "incomeBeforeTaxRatio": 0.1110983324,
        "incomeTaxExpense": 226000000,
        "netIncome": 740000000,
        "netIncomeRatio": 0.085106383,
        "eps": 2.37,
        "epsdiluted": 2.37,
        "weightedAverageShsOut": 308300000,
        "weightedAverageShsOutDil": 312000000,
        "link": "https://www.sec.gov/Archives/edgar/data/794367/000079436719000038/0000794367-19-000038-index.htm",
        "finalLink": "https://www.sec.gov/Archives/edgar/data/794367/000079436719000038/m-0202201910xk.htm"
    },
    {
        "date": "2018-11-03",
        "symbol": "M",
        "reportedCurrency": "USD",
        "cik": "0000794367",
        "fillingDate": "2018-12-07",
        "acceptedDate": "2018-12-07 11:48:44",
        "calendarYear": "2018",
        "period": "Q3",
        "revenue": 5589000000,
        "costOfRevenue": 3226000000,
        "grossProfit": 2363000000,
        "grossProfitRatio": 0.4227947755,
        "researchAndDevelopmentExpenses": 0,
        "generalAndAdministrativeExpenses": 2278000000,
        "sellingAndMarketingExpenses": 0,
        "sellingGeneralAndAdministrativeExpenses": 2278000000,
        "otherExpenses": -62000000,
        "operatingExpenses": 2216000000,
        "costAndExpenses": 5442000000,
        "interestIncome": 5000000,
        "interestExpense": 64000000,
        "depreciationAndAmortization": 248000000,
        "ebitda": 386000000,
        "ebitdaratio": 0.0690642333,
        "operatingIncome": 147000000,
        "operatingIncomeRatio": 0.026301664,
        "totalOtherIncomeExpensesNet": -73000000,
        "incomeBeforeTax": 74000000,
        "incomeBeforeTaxRatio": 0.0132402934,
        "incomeTaxExpense": 12000000,
        "netIncome": 62000000,
        "netIncomeRatio": 0.0110932188,
        "eps": 0.2,
        "epsdiluted": 0.2,
        "weightedAverageShsOut": 308100000,
        "weightedAverageShsOutDil": 312200000,
        "link": "https://www.sec.gov/Archives/edgar/data/794367/000079436718000128/0000794367-18-000128-index.htm",
        "finalLink": "https://www.sec.gov/Archives/edgar/data/794367/000079436718000128/m-11031810q.htm"
    },
    {
        "date": "2018-08-04",
        "symbol": "M",
        "reportedCurrency": "USD",
        "cik": "0000794367",
        "fillingDate": "2018-08-31",
        "acceptedDate": "2018-08-31 09:12:46",
        "calendarYear": "2018",
        "period": "Q2",
        "revenue": 5758000000,
        "costOfRevenue": 3320000000,
        "grossProfit": 2438000000,
        "grossProfitRatio": 0.4234109066,
        "researchAndDevelopmentExpenses": 0,
        "generalAndAdministrativeExpenses": 2214000000,
        "sellingAndMarketingExpenses": 0,
        "sellingGeneralAndAdministrativeExpenses": 2214000000,
        "otherExpenses": -79000000,
        "operatingExpenses": 2135000000,
        "costAndExpenses": 5455000000,
        "interestIncome": 7000000,
        "interestExpense": 69000000,
        "depreciationAndAmortization": 235000000,
        "ebitda": 501000000,
        "ebitdaratio": 0.0870093783,
        "operatingIncome": 303000000,
        "operatingIncomeRatio": 0.0526224383,
        "totalOtherIncomeExpensesNet": -106000000,
        "incomeBeforeTax": 197000000,
        "incomeBeforeTaxRatio": 0.0342132685,
        "incomeTaxExpense": 33000000,
        "netIncome": 166000000,
        "netIncomeRatio": 0.0288294547,
        "eps": 0.54,
        "epsdiluted": 0.53,
        "weightedAverageShsOut": 306800000,
        "weightedAverageShsOutDil": 312000000,
        "link": "https://www.sec.gov/Archives/edgar/data/794367/000079436718000094/0000794367-18-000094-index.htm",
        "finalLink": "https://www.sec.gov/Archives/edgar/data/794367/000079436718000094/m-08041810q.htm"
    },
    {
        "date": "2018-05-05",
        "symbol": "M",
        "reportedCurrency": "USD",
        "cik": "0000794367",
        "fillingDate": "2018-06-01",
        "acceptedDate": "2018-06-01 14:35:13",
        "calendarYear": "2018",
        "period": "Q1",
        "revenue": 5698000000,
        "costOfRevenue": 3382000000,
        "grossProfit": 2316000000,
        "grossProfitRatio": 0.4064584065,
        "researchAndDevelopmentExpenses": 0,
        "generalAndAdministrativeExpenses": 2083000000,
        "sellingAndMarketingExpenses": 0,
        "sellingGeneralAndAdministrativeExpenses": 2083000000,
        "otherExpenses": -5000000,
        "operatingExpenses": 2078000000,
        "costAndExpenses": 5460000000,
        "interestIncome": 5000000,
        "interestExpense": 71000000,
        "depreciationAndAmortization": 235000000,
        "ebitda": 489000000,
        "ebitdaratio": 0.0858195858,
        "operatingIncome": 238000000,
        "operatingIncomeRatio": 0.0417690418,
        "totalOtherIncomeExpensesNet": -55000000,
        "incomeBeforeTax": 183000000,
        "incomeBeforeTaxRatio": 0.0321165321,
        "incomeTaxExpense": 52000000,
        "netIncome": 139000000,
        "netIncomeRatio": 0.0243945244,
        "eps": 0.45,
        "epsdiluted": 0.45,
        "weightedAverageShsOut": 306600000,
        "weightedAverageShsOutDil": 309400000,
        "link": "https://www.sec.gov/Archives/edgar/data/794367/000079436718000078/0000794367-18-000078-index.htm",
        "finalLink": "https://www.sec.gov/Archives/edgar/data/794367/000079436718000078/m-0505201810q.htm"
    },
    {
        "date": "2018-01-31",
        "symbol": "M",
        "reportedCurrency": "USD",
        "cik": "0000794367",
        "fillingDate": "2018-04-04",
        "acceptedDate": "2018-04-04 16:32:17",
        "calendarYear": "2017",
        "period": "Q4",
        "revenue": 8666000000,
        "costOfRevenue": 5358000000,
        "grossProfit": 3308000000,
        "grossProfitRatio": 0.3817216709,
        "researchAndDevelopmentExpenses": 0,
        "generalAndAdministrativeExpenses": 2310000000,
        "sellingAndMarketingExpenses": 0,
        "sellingGeneralAndAdministrativeExpenses": 2310000000,
        "otherExpenses": -215000000,
        "operatingExpenses": 2095000000,
        "costAndExpenses": 7453000000,
        "interestIncome": 13000000,
        "interestExpense": 86000000,
        "depreciationAndAmortization": 250000000,
        "ebitda": 1487000000,
        "ebitdaratio": 0.1715901223,
        "operatingIncome": 1213000000,
        "operatingIncomeRatio": 0.1399723056,
        "totalOtherIncomeExpensesNet": -62000000,
        "incomeBeforeTax": 1151000000,
        "incomeBeforeTaxRatio": 0.1328179091,
        "incomeTaxExpense": -169000000,
        "netIncome": 1325000000,
        "netIncomeRatio": 0.1528963766,
        "eps": 4.34,
        "epsdiluted": 4.31,
        "weightedAverageShsOut": 305600000,
        "weightedAverageShsOutDil": 307400000,
        "link": "https://www.sec.gov/Archives/edgar/data/794367/000079436718000036/0000794367-18-000036-index.htm",
        "finalLink": "https://www.sec.gov/Archives/edgar/data/794367/000079436718000036/m-0203201810k.htm"
    },
    {
        "date": "2017-10-28",
        "symbol": "M",
        "reportedCurrency": "USD",
        "cik": "0000794367",
        "fillingDate": "2017-12-04",
        "acceptedDate": "2017-12-04 15:58:06",
        "calendarYear": "2017",
        "period": "Q3",
        "revenue": 5426000000,
        "costOfRevenue": 3152000000,
        "grossProfit": 2274000000,
        "grossProfitRatio": 0.4190932547,
        "researchAndDevelopmentExpenses": 0,
        "generalAndAdministrativeExpenses": 2210000000,
        "sellingAndMarketingExpenses": 0,
        "sellingGeneralAndAdministrativeExpenses": 2210000000,
        "otherExpenses": -54000000,
        "operatingExpenses": 2156000000,
        "costAndExpenses": 5308000000,
        "interestIncome": 2000000,
        "interestExpense": 76000000,
        "depreciationAndAmortization": 254000000,
        "ebitda": 367000000,
        "ebitdaratio": 0.0676373019,
        "operatingIncome": 118000000,
        "operatingIncomeRatio": 0.0217471434,
        "totalOtherIncomeExpensesNet": -81000000,
        "incomeBeforeTax": 37000000,
        "incomeBeforeTaxRatio": 0.0068190195,
        "incomeTaxExpense": 10000000,
        "netIncome": 30000000,
        "netIncomeRatio": 0.0055289348,
        "eps": 0.1,
        "epsdiluted": 0.1,
        "weightedAverageShsOut": 305500000,
        "weightedAverageShsOutDil": 306500000,
        "link": "https://www.sec.gov/Archives/edgar/data/794367/000079436717000135/0000794367-17-000135-index.htm",
        "finalLink": "https://www.sec.gov/Archives/edgar/data/794367/000079436717000135/m-1028201710q.htm"
    },
    {
        "date": "2017-07-29",
        "symbol": "M",
        "reportedCurrency": "USD",
        "cik": "0000794367",
        "fillingDate": "2017-08-25",
        "acceptedDate": "2017-08-25 15:15:22",
        "calendarYear": "2017",
        "period": "Q2",
        "revenue": 5803000000,
        "costOfRevenue": 3403000000,
        "grossProfit": 2400000000,
        "grossProfitRatio": 0.4135791832,
        "researchAndDevelopmentExpenses": 0,
        "generalAndAdministrativeExpenses": 2212000000,
        "sellingAndMarketingExpenses": 0,
        "sellingGeneralAndAdministrativeExpenses": 2212000000,
        "otherExpenses": -94000000,
        "operatingExpenses": 2118000000,
        "costAndExpenses": 5521000000,
        "interestIncome": 3000000,
        "interestExpense": 82000000,
        "depreciationAndAmortization": 244000000,
        "ebitda": 494000000,
        "ebitdaratio": 0.0851283819,
        "operatingIncome": 282000000,
        "operatingIncomeRatio": 0.048595554,
        "totalOtherIncomeExpensesNet": -114000000,
        "incomeBeforeTax": 168000000,
        "incomeBeforeTaxRatio": 0.0289505428,
        "incomeTaxExpense": 60000000,
        "netIncome": 111000000,
        "netIncomeRatio": 0.0191280372,
        "eps": 0.36,
        "epsdiluted": 0.36,
        "weightedAverageShsOut": 305500000,
        "weightedAverageShsOutDil": 306500000,
        "link": "https://www.sec.gov/Archives/edgar/data/794367/000079436717000108/0000794367-17-000108-index.htm",
        "finalLink": "https://www.sec.gov/Archives/edgar/data/794367/000079436717000108/m-0729201710q.htm"
    },
    {
        "date": "2017-04-29",
        "symbol": "M",
        "reportedCurrency": "USD",
        "cik": "0000794367",
        "fillingDate": "2017-06-02",
        "acceptedDate": "2017-06-02 14:59:30",
        "calendarYear": "2017",
        "period": "Q1",
        "revenue": 5511000000,
        "costOfRevenue": 3303000000,
        "grossProfit": 2208000000,
        "grossProfitRatio": 0.400653239,
        "researchAndDevelopmentExpenses": 0,
        "generalAndAdministrativeExpenses": 2057000000,
        "sellingAndMarketingExpenses": 0,
        "sellingGeneralAndAdministrativeExpenses": 2057000000,
        "otherExpenses": -68000000,
        "operatingExpenses": 1989000000,
        "costAndExpenses": 5292000000,
        "interestIncome": 2000000,
        "interestExpense": 86000000,
        "depreciationAndAmortization": 243000000,
        "ebitda": 474000000,
        "ebitdaratio": 0.0860097986,
        "operatingIncome": 219000000,
        "operatingIncomeRatio": 0.0397387044,
        "totalOtherIncomeExpensesNet": -74000000,
        "incomeBeforeTax": 145000000,
        "incomeBeforeTaxRatio": 0.0263110143,
        "incomeTaxExpense": 68000000,
        "netIncome": 78000000,
        "netIncomeRatio": 0.0141535112,
        "eps": 0.26,
        "epsdiluted": 0.26,
        "weightedAverageShsOut": 304300000,
        "weightedAverageShsOutDil": 306900000,
        "link": "https://www.sec.gov/Archives/edgar/data/794367/000079436717000081/0000794367-17-000081-index.htm",
        "finalLink": "https://www.sec.gov/Archives/edgar/data/794367/000079436717000081/m-0429201710q.htm"
    },
    {
        "date": "2017-01-31",
        "symbol": "M",
        "reportedCurrency": "USD",
        "cik": "0000794367",
        "fillingDate": "2017-03-29",
        "acceptedDate": "2017-03-29 16:43:09",
        "calendarYear": "2016",
        "period": "Q4",
        "revenue": 8515000000,
        "costOfRevenue": 5251000000,
        "grossProfit": 3264000000,
        "grossProfitRatio": 0.3833235467,
        "researchAndDevelopmentExpenses": 0,
        "generalAndAdministrativeExpenses": 2219000000,
        "sellingAndMarketingExpenses": 0,
        "sellingGeneralAndAdministrativeExpenses": 2219000000,
        "otherExpenses": 230000000,
        "operatingExpenses": 2449000000,
        "costAndExpenses": 7700000000,
        "interestIncome": 23000000,
        "interestExpense": 110000000,
        "depreciationAndAmortization": 271000000,
        "ebitda": 1109000000,
        "ebitdaratio": 0.1302407516,
        "operatingIncome": 815000000,
        "operatingIncomeRatio": 0.0957134469,
        "totalOtherIncomeExpensesNet": -87000000,
        "incomeBeforeTax": 728000000,
        "incomeBeforeTaxRatio": 0.0854961832,
        "incomeTaxExpense": 256000000,
        "netIncome": 475000000,
        "netIncomeRatio": 0.0557839107,
        "eps": 1.56,
        "epsdiluted": 1.54,
        "weightedAverageShsOut": 305500000,
        "weightedAverageShsOutDil": 307800000,
        "link": "https://www.sec.gov/Archives/edgar/data/794367/000079436717000041/0000794367-17-000041-index.htm",
        "finalLink": "https://www.sec.gov/Archives/edgar/data/794367/000079436717000041/m-0128201710k.htm"
    },
    {
        "date": "2016-10-29",
        "symbol": "M",
        "reportedCurrency": "USD",
        "cik": "0000794367",
        "fillingDate": "2016-12-01",
        "acceptedDate": "2016-12-01 14:32:47",
        "calendarYear": "2016",
        "period": "Q3",
        "revenue": 5626000000,
        "costOfRevenue": 3386000000,
        "grossProfit": 2240000000,
        "grossProfitRatio": 0.3981514397,
        "researchAndDevelopmentExpenses": 0,
        "generalAndAdministrativeExpenses": 2174000000,
        "sellingAndMarketingExpenses": 0,
        "sellingGeneralAndAdministrativeExpenses": 2174000000,
        "otherExpenses": -41000000,
        "operatingExpenses": 2133000000,
        "costAndExpenses": 5519000000,
        "interestIncome": 1000000,
        "interestExpense": 82000000,
        "depreciationAndAmortization": 267000000,
        "ebitda": 375000000,
        "ebitdaratio": 0.0666548169,
        "operatingIncome": 107000000,
        "operatingIncomeRatio": 0.0190188411,
        "totalOtherIncomeExpensesNet": -81000000,
        "incomeBeforeTax": 26000000,
        "incomeBeforeTaxRatio": 0.0046214006,
        "incomeTaxExpense": 11000000,
        "netIncome": 17000000,
        "netIncomeRatio": 0.003021685,
        "eps": 0.05,
        "epsdiluted": 0.05,
        "weightedAverageShsOut": 308400000,
        "weightedAverageShsOutDil": 310600000,
        "link": "https://www.sec.gov/Archives/edgar/data/794367/000079436716000290/0000794367-16-000290-index.htm",
        "finalLink": "https://www.sec.gov/Archives/edgar/data/794367/000079436716000290/m-1029201610q.htm"
    },
    {
        "date": "2016-07-30",
        "symbol": "M",
        "reportedCurrency": "USD",
        "cik": "0000794367",
        "fillingDate": "2016-08-26",
        "acceptedDate": "2016-08-26 12:05:30",
        "calendarYear": "2016",
        "period": "Q2",
        "revenue": 5866000000,
        "costOfRevenue": 3468000000,
        "grossProfit": 2398000000,
        "grossProfitRatio": 0.4087964541,
        "researchAndDevelopmentExpenses": 0,
        "generalAndAdministrativeExpenses": 2053000000,
        "sellingAndMarketingExpenses": 0,
        "sellingGeneralAndAdministrativeExpenses": 2053000000,
        "otherExpenses": 228000000,
        "operatingExpenses": 2281000000,
        "costAndExpenses": 5749000000,
        "interestIncome": 1000000,
        "interestExpense": 98000000,
        "depreciationAndAmortization": 260000000,
        "ebitda": 378000000,
        "ebitdaratio": 0.0644391408,
        "operatingIncome": 117000000,
        "operatingIncomeRatio": 0.0199454483,
        "totalOtherIncomeExpensesNet": -97000000,
        "incomeBeforeTax": 20000000,
        "incomeBeforeTaxRatio": 0.0034094783,
        "incomeTaxExpense": 11000000,
        "netIncome": 11000000,
        "netIncomeRatio": 0.0018752131,
        "eps": 0.03,
        "epsdiluted": 0.03,
        "weightedAverageShsOut": 309400000,
        "weightedAverageShsOutDil": 311300000,
        "link": "https://www.sec.gov/Archives/edgar/data/794367/000079436716000274/0000794367-16-000274-index.htm",
        "finalLink": "https://www.sec.gov/Archives/edgar/data/794367/000079436716000274/m-730201610q.htm"
    },
    {
        "date": "2016-04-30",
        "symbol": "M",
        "reportedCurrency": "USD",
        "cik": "0000794367",
        "fillingDate": "2016-06-03",
        "acceptedDate": "2016-06-03 09:41:03",
        "calendarYear": "2016",
        "period": "Q1",
        "revenue": 5771000000,
        "costOfRevenue": 3516000000,
        "grossProfit": 2255000000,
        "grossProfitRatio": 0.3907468376,
        "researchAndDevelopmentExpenses": 0,
        "generalAndAdministrativeExpenses": 1979000000,
        "sellingAndMarketingExpenses": 0,
        "sellingGeneralAndAdministrativeExpenses": 1979000000,
        "otherExpenses": 0,
        "operatingExpenses": 1979000000,
        "costAndExpenses": 5495000000,
        "interestIncome": 1000000,
        "interestExpense": 99000000,
        "depreciationAndAmortization": 260000000,
        "ebitda": 537000000,
        "ebitdaratio": 0.0930514642,
        "operatingIncome": 276000000,
        "operatingIncomeRatio": 0.0478253336,
        "totalOtherIncomeExpensesNet": -98000000,
        "incomeBeforeTax": 178000000,
        "incomeBeforeTaxRatio": 0.0308438745,
        "incomeTaxExpense": 63000000,
        "netIncome": 116000000,
        "netIncomeRatio": 0.0201005025,
        "eps": 0.37,
        "epsdiluted": 0.37,
        "weightedAverageShsOut": 310600000,
        "weightedAverageShsOutDil": 313500000,
        "link": "https://www.sec.gov/Archives/edgar/data/794367/000079436716000252/0000794367-16-000252-index.htm",
        "finalLink": "https://www.sec.gov/Archives/edgar/data/794367/000079436716000252/m-430201610q.htm"
    },
    {
        "date": "2016-01-31",
        "symbol": "M",
        "reportedCurrency": "USD",
        "cik": "0000794367",
        "fillingDate": "2016-03-30",
        "acceptedDate": "2016-03-30 10:31:53",
        "calendarYear": "2015",
        "period": "Q4",
        "revenue": 8869000000,
        "costOfRevenue": 5549000000,
        "grossProfit": 3320000000,
        "grossProfitRatio": 0.3743375803,
        "researchAndDevelopmentExpenses": 0,
        "generalAndAdministrativeExpenses": 2207000000,
        "sellingAndMarketingExpenses": 0,
        "sellingGeneralAndAdministrativeExpenses": 2207000000,
        "otherExpenses": 177000000,
        "operatingExpenses": 2384000000,
        "costAndExpenses": 7933000000,
        "interestIncome": 22000000,
        "interestExpense": 115000000,
        "depreciationAndAmortization": 270000000,
        "ebitda": 1228000000,
        "ebitdaratio": 0.1384598038,
        "operatingIncome": 936000000,
        "operatingIncomeRatio": 0.1055361371,
        "totalOtherIncomeExpensesNet": -93000000,
        "incomeBeforeTax": 843000000,
        "incomeBeforeTaxRatio": 0.0950501748,
        "incomeTaxExpense": 300000000,
        "netIncome": 544000000,
        "netIncomeRatio": 0.0613372421,
        "eps": 1.74,
        "epsdiluted": 1.73,
        "weightedAverageShsOut": 312200000,
        "weightedAverageShsOutDil": 314800000,
        "link": "https://www.sec.gov/Archives/edgar/data/794367/000079436716000221/0000794367-16-000221-index.htm",
        "finalLink": "https://www.sec.gov/Archives/edgar/data/794367/000079436716000221/m-0130201610k.htm"
    },
    {
        "date": "2015-10-31",
        "symbol": "M",
        "reportedCurrency": "USD",
        "cik": "0000794367",
        "fillingDate": "2015-12-01",
        "acceptedDate": "2015-12-01 12:24:57",
        "calendarYear": "2015",
        "period": "Q3",
        "revenue": 5874000000,
        "costOfRevenue": 3537000000,
        "grossProfit": 2337000000,
        "grossProfitRatio": 0.397854954,
        "researchAndDevelopmentExpenses": 0,
        "generalAndAdministrativeExpenses": 1968000000,
        "sellingAndMarketingExpenses": 0,
        "sellingGeneralAndAdministrativeExpenses": 1968000000,
        "otherExpenses": 111000000,
        "operatingExpenses": 2079000000,
        "costAndExpenses": 5616000000,
        "interestIncome": 0,
        "interestExpense": 80000000,
        "depreciationAndAmortization": 271000000,
        "ebitda": 529000000,
        "ebitdaratio": 0.0900578822,
        "operatingIncome": 258000000,
        "operatingIncomeRatio": 0.0439223698,
        "totalOtherIncomeExpensesNet": -80000000,
        "incomeBeforeTax": 178000000,
        "incomeBeforeTaxRatio": 0.0303030303,
        "incomeTaxExpense": 61000000,
        "netIncome": 118000000,
        "netIncomeRatio": 0.0200885257,
        "eps": 0.36,
        "epsdiluted": 0.36,
        "weightedAverageShsOut": 325300000,
        "weightedAverageShsOutDil": 329700000,
        "link": "https://www.sec.gov/Archives/edgar/data/794367/000079436715000156/0000794367-15-000156-index.htm",
        "finalLink": "https://www.sec.gov/Archives/edgar/data/794367/000079436715000156/m-1031201510q.htm"
    },
    {
        "date": "2015-08-01",
        "symbol": "M",
        "reportedCurrency": "USD",
        "cik": "0000794367",
        "fillingDate": "2015-08-28",
        "acceptedDate": "2015-08-28 14:40:05",
        "calendarYear": "2015",
        "period": "Q2",
        "revenue": 6104000000,
        "costOfRevenue": 3610000000,
        "grossProfit": 2494000000,
        "grossProfitRatio": 0.4085845347,
        "researchAndDevelopmentExpenses": 0,
        "generalAndAdministrativeExpenses": 2058000000,
        "sellingAndMarketingExpenses": 0,
        "sellingGeneralAndAdministrativeExpenses": 2058000000,
        "otherExpenses": 0,
        "operatingExpenses": 2058000000,
        "costAndExpenses": 5668000000,
        "interestIncome": 1000000,
        "interestExpense": 94000000,
        "depreciationAndAmortization": 261000000,
        "ebitda": 698000000,
        "ebitdaratio": 0.1143512451,
        "operatingIncome": 436000000,
        "operatingIncomeRatio": 0.0714285714,
        "totalOtherIncomeExpensesNet": -93000000,
        "incomeBeforeTax": 343000000,
        "incomeBeforeTaxRatio": 0.0561926606,
        "incomeTaxExpense": 126000000,
        "netIncome": 217000000,
        "netIncomeRatio": 0.0355504587,
        "eps": 0.65,
        "epsdiluted": 0.64,
        "weightedAverageShsOut": 335700000,
        "weightedAverageShsOutDil": 341000000,
        "link": "https://www.sec.gov/Archives/edgar/data/794367/000079436715000142/0000794367-15-000142-index.htm",
        "finalLink": "https://www.sec.gov/Archives/edgar/data/794367/000079436715000142/m-0801201510q.htm"
    },
    {
        "date": "2015-05-02",
        "symbol": "M",
        "reportedCurrency": "USD",
        "cik": "0000794367",
        "fillingDate": "2015-06-04",
        "acceptedDate": "2015-06-04 11:18:41",
        "calendarYear": "2015",
        "period": "Q1",
        "revenue": 6232000000,
        "costOfRevenue": 3800000000,
        "grossProfit": 2432000000,
        "grossProfitRatio": 0.3902439024,
        "researchAndDevelopmentExpenses": 0,
        "generalAndAdministrativeExpenses": 2023000000,
        "sellingAndMarketingExpenses": 0,
        "sellingGeneralAndAdministrativeExpenses": 2023000000,
        "otherExpenses": 0,
        "operatingExpenses": 2023000000,
        "costAndExpenses": 5823000000,
        "interestIncome": 0,
        "interestExpense": 95000000,
        "depreciationAndAmortization": 259000000,
        "ebitda": 668000000,
        "ebitdaratio": 0.1071887035,
        "operatingIncome": 409000000,
        "operatingIncomeRatio": 0.0656290116,
        "totalOtherIncomeExpensesNet": -95000000,
        "incomeBeforeTax": 314000000,
        "incomeBeforeTaxRatio": 0.0503851091,
        "incomeTaxExpense": 121000000,
        "netIncome": 193000000,
        "netIncomeRatio": 0.0309691913,
        "eps": 0.57,
        "epsdiluted": 0.56,
        "weightedAverageShsOut": 340700000,
        "weightedAverageShsOutDil": 346500000,
        "link": "https://www.sec.gov/Archives/edgar/data/794367/000079436715000123/0000794367-15-000123-index.htm",
        "finalLink": "https://www.sec.gov/Archives/edgar/data/794367/000079436715000123/m-0502201510q.htm"
    },
    {
        "date": "2015-01-31",
        "symbol": "M",
        "reportedCurrency": "USD",
        "cik": "0000794367",
        "fillingDate": "2015-04-01",
        "acceptedDate": "2015-04-01 08:55:15",
        "calendarYear": "2014",
        "period": "Q4",
        "revenue": 9364000000,
        "costOfRevenue": 5589000000,
        "grossProfit": 3775000000,
        "grossProfitRatio": 0.4031396839,
        "researchAndDevelopmentExpenses": 0,
        "generalAndAdministrativeExpenses": 2324000000,
        "sellingAndMarketingExpenses": 0,
        "sellingGeneralAndAdministrativeExpenses": 2324000000,
        "otherExpenses": 87000000,
        "operatingExpenses": 2411000000,
        "costAndExpenses": 8000000000,
        "interestIncome": 12000000,
        "interestExpense": 109000000,
        "depreciationAndAmortization": 266000000,
        "ebitda": 1625000000,
        "ebitdaratio": 0.17353695,
        "operatingIncome": 1364000000,
        "operatingIncomeRatio": 0.145664246,
        "totalOtherIncomeExpensesNet": -114000000,
        "incomeBeforeTax": 1250000000,
        "incomeBeforeTaxRatio": 0.1334899616,
        "incomeTaxExpense": 457000000,
        "netIncome": 793000000,
        "netIncomeRatio": 0.0846860316,
        "eps": 2.22,
        "epsdiluted": 2.22,
        "weightedAverageShsOut": 344100000,
        "weightedAverageShsOutDil": 357700000,
        "link": "https://www.sec.gov/Archives/edgar/data/794367/000079436715000073/0000794367-15-000073-index.htm",
        "finalLink": "https://www.sec.gov/Archives/edgar/data/794367/000079436715000073/m-0131201510k.htm"
    },
    {
        "date": "2014-11-01",
        "symbol": "M",
        "reportedCurrency": "USD",
        "cik": "0000794367",
        "fillingDate": "2014-12-08",
        "acceptedDate": "2014-12-08 12:03:54",
        "calendarYear": "2014",
        "period": "Q3",
        "revenue": 6195000000,
        "costOfRevenue": 3766000000,
        "grossProfit": 2429000000,
        "grossProfitRatio": 0.3920903955,
        "researchAndDevelopmentExpenses": 0,
        "generalAndAdministrativeExpenses": 2007000000,
        "sellingAndMarketingExpenses": 0,
        "sellingGeneralAndAdministrativeExpenses": 2007000000,
        "otherExpenses": 0,
        "operatingExpenses": 2007000000,
        "costAndExpenses": 5773000000,
        "interestIncome": 1000000,
        "interestExpense": 97000000,
        "depreciationAndAmortization": 263000000,
        "ebitda": 686000000,
        "ebitdaratio": 0.1107344633,
        "operatingIncome": 422000000,
        "operatingIncomeRatio": 0.0681194512,
        "totalOtherIncomeExpensesNet": -96000000,
        "incomeBeforeTax": 326000000,
        "incomeBeforeTaxRatio": 0.0526230831,
        "incomeTaxExpense": 109000000,
        "netIncome": 217000000,
        "netIncomeRatio": 0.0350282486,
        "eps": 0.62,
        "epsdiluted": 0.61,
        "weightedAverageShsOut": 351600000,
        "weightedAverageShsOutDil": 357700000,
        "link": "https://www.sec.gov/Archives/edgar/data/794367/000079436714000166/0000794367-14-000166-index.htm",
        "finalLink": "https://www.sec.gov/Archives/edgar/data/794367/000079436714000166/m-11012014x10q.htm"
    },
    {
        "date": "2014-08-02",
        "symbol": "M",
        "reportedCurrency": "USD",
        "cik": "0000794367",
        "fillingDate": "2014-09-08",
        "acceptedDate": "2014-09-08 13:00:55",
        "calendarYear": "2014",
        "period": "Q2",
        "revenue": 6267000000,
        "costOfRevenue": 3672000000,
        "grossProfit": 2595000000,
        "grossProfitRatio": 0.4140737195,
        "researchAndDevelopmentExpenses": 0,
        "generalAndAdministrativeExpenses": 2024000000,
        "sellingAndMarketingExpenses": 0,
        "sellingGeneralAndAdministrativeExpenses": 2024000000,
        "otherExpenses": 0,
        "operatingExpenses": 2024000000,
        "costAndExpenses": 5696000000,
        "interestIncome": 1000000,
        "interestExpense": 101000000,
        "depreciationAndAmortization": 254000000,
        "ebitda": 826000000,
        "ebitdaratio": 0.1318014999,
        "operatingIncome": 571000000,
        "operatingIncomeRatio": 0.0911121749,
        "totalOtherIncomeExpensesNet": -100000000,
        "incomeBeforeTax": 471000000,
        "incomeBeforeTaxRatio": 0.0751555768,
        "incomeTaxExpense": 179000000,
        "netIncome": 292000000,
        "netIncomeRatio": 0.0465932663,
        "eps": 0.81,
        "epsdiluted": 0.8,
        "weightedAverageShsOut": 359200000,
        "weightedAverageShsOutDil": 365400000,
        "link": "https://www.sec.gov/Archives/edgar/data/794367/000079436714000141/0000794367-14-000141-index.htm",
        "finalLink": "https://www.sec.gov/Archives/edgar/data/794367/000079436714000141/m-08022014x10q.htm"
    },
    {
        "date": "2014-05-03",
        "symbol": "M",
        "reportedCurrency": "USD",
        "cik": "0000794367",
        "fillingDate": "2014-06-09",
        "acceptedDate": "2014-06-09 11:08:36",
        "calendarYear": "2014",
        "period": "Q1",
        "revenue": 6279000000,
        "costOfRevenue": 3836000000,
        "grossProfit": 2443000000,
        "grossProfitRatio": 0.3890746934,
        "researchAndDevelopmentExpenses": 0,
        "generalAndAdministrativeExpenses": 2000000000,
        "sellingAndMarketingExpenses": 0,
        "sellingGeneralAndAdministrativeExpenses": 2000000000,
        "otherExpenses": 0,
        "operatingExpenses": 2000000000,
        "costAndExpenses": 5836000000,
        "interestIncome": 0,
        "interestExpense": 100000000,
        "depreciationAndAmortization": 253000000,
        "ebitda": 696000000,
        "ebitdaratio": 0.1108456761,
        "operatingIncome": 443000000,
        "operatingIncomeRatio": 0.0705526358,
        "totalOtherIncomeExpensesNet": -100000000,
        "incomeBeforeTax": 343000000,
        "incomeBeforeTaxRatio": 0.0546265329,
        "incomeTaxExpense": 119000000,
        "netIncome": 224000000,
        "netIncomeRatio": 0.0356744705,
        "eps": 0.61,
        "epsdiluted": 0.6,
        "weightedAverageShsOut": 365900000,
        "weightedAverageShsOutDil": 372600000,
        "link": "https://www.sec.gov/Archives/edgar/data/794367/000079436714000112/0000794367-14-000112-index.htm",
        "finalLink": "https://www.sec.gov/Archives/edgar/data/794367/000079436714000112/m-05032014x10q.htm"
    },
    {
        "date": "2014-01-31",
        "symbol": "M",
        "reportedCurrency": "USD",
        "cik": "0000794367",
        "fillingDate": "2014-04-02",
        "acceptedDate": "2014-04-02 11:25:01",
        "calendarYear": "2013",
        "period": "Q4",
        "revenue": 9202000000,
        "costOfRevenue": 5464000000,
        "grossProfit": 3738000000,
        "grossProfitRatio": 0.40621604,
        "researchAndDevelopmentExpenses": 0,
        "generalAndAdministrativeExpenses": 2301000000,
        "sellingAndMarketingExpenses": 0,
        "sellingGeneralAndAdministrativeExpenses": 2301000000,
        "otherExpenses": 88000000,
        "operatingExpenses": 2389000000,
        "costAndExpenses": 7853000000,
        "interestIncome": 15000000,
        "interestExpense": 114000000,
        "depreciationAndAmortization": 259000000,
        "ebitda": 1623000000,
        "ebitdaratio": 0.1763747012,
        "operatingIncome": 1349000000,
        "operatingIncomeRatio": 0.1465985655,
        "totalOtherIncomeExpensesNet": -99000000,
        "incomeBeforeTax": 1250000000,
        "incomeBeforeTaxRatio": 0.1358400348,
        "incomeTaxExpense": 439000000,
        "netIncome": 811000000,
        "netIncomeRatio": 0.0881330146,
        "eps": 2.21,
        "epsdiluted": 2.16,
        "weightedAverageShsOut": 367700000,
        "weightedAverageShsOutDil": 375100000,
        "link": "https://www.sec.gov/Archives/edgar/data/794367/000079436714000071/0000794367-14-000071-index.htm",
        "finalLink": "https://www.sec.gov/Archives/edgar/data/794367/000079436714000071/m-02012014x10k.htm"
    },
    {
        "date": "2013-11-02",
        "symbol": "M",
        "reportedCurrency": "USD",
        "cik": "0000794367",
        "fillingDate": "2013-12-09",
        "acceptedDate": "2013-12-09 10:59:06",
        "calendarYear": "2013",
        "period": "Q3",
        "revenue": 6276000000,
        "costOfRevenue": 3817000000,
        "grossProfit": 2459000000,
        "grossProfitRatio": 0.3918100701,
        "researchAndDevelopmentExpenses": 0,
        "generalAndAdministrativeExpenses": 2099000000,
        "sellingAndMarketingExpenses": 0,
        "sellingGeneralAndAdministrativeExpenses": 2099000000,
        "otherExpenses": 0,
        "operatingExpenses": 2099000000,
        "costAndExpenses": 5916000000,
        "interestIncome": 1000000,
        "interestExpense": 97000000,
        "depreciationAndAmortization": 257000000,
        "ebitda": 618000000,
        "ebitdaratio": 0.0984703633,
        "operatingIncome": 360000000,
        "operatingIncomeRatio": 0.0573613767,
        "totalOtherIncomeExpensesNet": -96000000,
        "incomeBeforeTax": 264000000,
        "incomeBeforeTaxRatio": 0.0420650096,
        "incomeTaxExpense": 87000000,
        "netIncome": 177000000,
        "netIncomeRatio": 0.0282026769,
        "eps": 0.47,
        "epsdiluted": 0.47,
        "weightedAverageShsOut": 374800000,
        "weightedAverageShsOutDil": 380200000,
        "link": "https://www.sec.gov/Archives/edgar/data/794367/000079436713000188/0000794367-13-000188-index.htm",
        "finalLink": "https://www.sec.gov/Archives/edgar/data/794367/000079436713000188/m-11022013x10q.htm"
    },
    {
        "date": "2013-08-03",
        "symbol": "M",
        "reportedCurrency": "USD",
        "cik": "0000794367",
        "fillingDate": "2013-09-05",
        "acceptedDate": "2013-09-05 16:11:57",
        "calendarYear": "2013",
        "period": "Q2",
        "revenue": 6066000000,
        "costOfRevenue": 3533000000,
        "grossProfit": 2533000000,
        "grossProfitRatio": 0.4175733597,
        "researchAndDevelopmentExpenses": 0,
        "generalAndAdministrativeExpenses": 1999000000,
        "sellingAndMarketingExpenses": 0,
        "sellingGeneralAndAdministrativeExpenses": 1999000000,
        "otherExpenses": 0,
        "operatingExpenses": 1999000000,
        "costAndExpenses": 5532000000,
        "interestIncome": 1000000,
        "interestExpense": 97000000,
        "depreciationAndAmortization": 253000000,
        "ebitda": 788000000,
        "ebitdaratio": 0.1299043851,
        "operatingIncome": 534000000,
        "operatingIncomeRatio": 0.0880316518,
        "totalOtherIncomeExpensesNet": -96000000,
        "incomeBeforeTax": 438000000,
        "incomeBeforeTaxRatio": 0.0722057369,
        "incomeTaxExpense": 157000000,
        "netIncome": 281000000,
        "netIncomeRatio": 0.0463237718,
        "eps": 0.73,
        "epsdiluted": 0.72,
        "weightedAverageShsOut": 382500000,
        "weightedAverageShsOutDil": 389300000,
        "link": "https://www.sec.gov/Archives/edgar/data/794367/000079436713000154/0000794367-13-000154-index.htm",
        "finalLink": "https://www.sec.gov/Archives/edgar/data/794367/000079436713000154/m-08032013x10q.htm"
    },
    {
        "date": "2013-05-04",
        "symbol": "M",
        "reportedCurrency": "USD",
        "cik": "0000794367",
        "fillingDate": "2013-06-10",
        "acceptedDate": "2013-06-10 11:44:01",
        "calendarYear": "2013",
        "period": "Q1",
        "revenue": 6387000000,
        "costOfRevenue": 3911000000,
        "grossProfit": 2476000000,
        "grossProfitRatio": 0.3876624393,
        "researchAndDevelopmentExpenses": 0,
        "generalAndAdministrativeExpenses": 2041000000,
        "sellingAndMarketingExpenses": 0,
        "sellingGeneralAndAdministrativeExpenses": 2041000000,
        "otherExpenses": 0,
        "operatingExpenses": 2041000000,
        "costAndExpenses": 5952000000,
        "interestIncome": 0,
        "interestExpense": 97000000,
        "depreciationAndAmortization": 251000000,
        "ebitda": 686000000,
        "ebitdaratio": 0.1074056678,
        "operatingIncome": 435000000,
        "operatingIncomeRatio": 0.0681070925,
        "totalOtherIncomeExpensesNet": -97000000,
        "incomeBeforeTax": 338000000,
        "incomeBeforeTaxRatio": 0.0529199937,
        "incomeTaxExpense": 121000000,
        "netIncome": 217000000,
        "netIncomeRatio": 0.0339752623,
        "eps": 0.56,
        "epsdiluted": 0.55,
        "weightedAverageShsOut": 388200000,
        "weightedAverageShsOutDil": 394500000,
        "link": "https://www.sec.gov/Archives/edgar/data/794367/000079436713000122/0000794367-13-000122-index.htm",
        "finalLink": "https://www.sec.gov/Archives/edgar/data/794367/000079436713000122/m-05042013x10q.htm"
    },
    {
        "date": "2013-01-31",
        "symbol": "M",
        "reportedCurrency": "USD",
        "cik": "0000794367",
        "fillingDate": "2013-04-03",
        "acceptedDate": "2013-04-03 14:20:19",
        "calendarYear": "2012",
        "period": "Q4",
        "revenue": 9350000000,
        "costOfRevenue": 5554000000,
        "grossProfit": 3796000000,
        "grossProfitRatio": 0.4059893048,
        "researchAndDevelopmentExpenses": 0,
        "generalAndAdministrativeExpenses": 2400000000,
        "sellingAndMarketingExpenses": 0,
        "sellingGeneralAndAdministrativeExpenses": 2400000000,
        "otherExpenses": 5000000,
        "operatingExpenses": 2405000000,
        "costAndExpenses": 7959000000,
        "interestIncome": 20000000,
        "interestExpense": 122000000,
        "depreciationAndAmortization": 267000000,
        "ebitda": 1541000000,
        "ebitdaratio": 0.1648128342,
        "operatingIncome": 1391000000,
        "operatingIncomeRatio": 0.1487700535,
        "totalOtherIncomeExpensesNet": -239000000,
        "incomeBeforeTax": 1152000000,
        "incomeBeforeTaxRatio": 0.1232085561,
        "incomeTaxExpense": 422000000,
        "netIncome": 730000000,
        "netIncomeRatio": 0.0780748663,
        "eps": 1.83,
        "epsdiluted": 1.83,
        "weightedAverageShsOut": 392300000,
        "weightedAverageShsOutDil": 399500000,
        "link": "https://www.sec.gov/Archives/edgar/data/794367/000079436713000092/0000794367-13-000092-index.htm",
        "finalLink": "https://www.sec.gov/Archives/edgar/data/794367/000079436713000092/m-02022013x10k.htm"
    },
    {
        "date": "2012-10-27",
        "symbol": "M",
        "reportedCurrency": "USD",
        "cik": "0000794367",
        "fillingDate": "2012-12-03",
        "acceptedDate": "2012-12-03 13:46:41",
        "calendarYear": "2012",
        "period": "Q3",
        "revenue": 6075000000,
        "costOfRevenue": 3672000000,
        "grossProfit": 2403000000,
        "grossProfitRatio": 0.3955555556,
        "researchAndDevelopmentExpenses": 0,
        "generalAndAdministrativeExpenses": 2078000000,
        "sellingAndMarketingExpenses": 0,
        "sellingGeneralAndAdministrativeExpenses": 2078000000,
        "otherExpenses": 0,
        "operatingExpenses": 2078000000,
        "costAndExpenses": 5750000000,
        "interestIncome": 1000000,
        "interestExpense": 104000000,
        "depreciationAndAmortization": 269000000,
        "ebitda": 595000000,
        "ebitdaratio": 0.0979423868,
        "operatingIncome": 325000000,
        "operatingIncomeRatio": 0.0534979424,
        "totalOtherIncomeExpensesNet": -103000000,
        "incomeBeforeTax": 222000000,
        "incomeBeforeTaxRatio": 0.0365432099,
        "incomeTaxExpense": 77000000,
        "netIncome": 145000000,
        "netIncomeRatio": 0.0238683128,
        "eps": 0.36,
        "epsdiluted": 0.36,
        "weightedAverageShsOut": 401300000,
        "weightedAverageShsOutDil": 407900000,
        "link": "https://www.sec.gov/Archives/edgar/data/794367/000079436712000189/0000794367-12-000189-index.htm",
        "finalLink": "https://www.sec.gov/Archives/edgar/data/794367/000079436712000189/m-10272012x10q.htm"
    },
    {
        "date": "2012-07-28",
        "symbol": "M",
        "reportedCurrency": "USD",
        "cik": "0000794367",
        "fillingDate": "2012-09-04",
        "acceptedDate": "2012-09-04 12:09:14",
        "calendarYear": "2012",
        "period": "Q2",
        "revenue": 6118000000,
        "costOfRevenue": 3555000000,
        "grossProfit": 2563000000,
        "grossProfitRatio": 0.4189277542,
        "researchAndDevelopmentExpenses": 0,
        "generalAndAdministrativeExpenses": 2009000000,
        "sellingAndMarketingExpenses": 0,
        "sellingGeneralAndAdministrativeExpenses": 2009000000,
        "otherExpenses": 0,
        "operatingExpenses": 2009000000,
        "costAndExpenses": 5564000000,
        "interestIncome": 0,
        "interestExpense": 105000000,
        "depreciationAndAmortization": 257000000,
        "ebitda": 811000000,
        "ebitdaratio": 0.13255966,
        "operatingIncome": 554000000,
        "operatingIncomeRatio": 0.0905524681,
        "totalOtherIncomeExpensesNet": -105000000,
        "incomeBeforeTax": 449000000,
        "incomeBeforeTaxRatio": 0.0733899967,
        "incomeTaxExpense": 170000000,
        "netIncome": 279000000,
        "netIncomeRatio": 0.0456031383,
        "eps": 0.68,
        "epsdiluted": 0.67,
        "weightedAverageShsOut": 411200000,
        "weightedAverageShsOutDil": 417100000,
        "link": "https://www.sec.gov/Archives/edgar/data/794367/000079436712000157/0000794367-12-000157-index.htm",
        "finalLink": "https://www.sec.gov/Archives/edgar/data/794367/000079436712000157/m-07282012x10q.htm"
    },
    {
        "date": "2012-04-28",
        "symbol": "M",
        "reportedCurrency": "USD",
        "cik": "0000794367",
        "fillingDate": "2012-06-04",
        "acceptedDate": "2012-06-04 10:14:34",
        "calendarYear": "2012",
        "period": "Q1",
        "revenue": 6143000000,
        "costOfRevenue": 3757000000,
        "grossProfit": 2386000000,
        "grossProfitRatio": 0.3884095719,
        "researchAndDevelopmentExpenses": 0,
        "generalAndAdministrativeExpenses": 1995000000,
        "sellingAndMarketingExpenses": 0,
        "sellingGeneralAndAdministrativeExpenses": 1995000000,
        "otherExpenses": 0,
        "operatingExpenses": 1995000000,
        "costAndExpenses": 5752000000,
        "interestIncome": 1000000,
        "interestExpense": 113000000,
        "depreciationAndAmortization": 256000000,
        "ebitda": 648000000,
        "ebitdaratio": 0.1054859189,
        "operatingIncome": 391000000,
        "operatingIncomeRatio": 0.0636496826,
        "totalOtherIncomeExpensesNet": -112000000,
        "incomeBeforeTax": 279000000,
        "incomeBeforeTaxRatio": 0.0454175484,
        "incomeTaxExpense": 98000000,
        "netIncome": 181000000,
        "netIncomeRatio": 0.0294644311,
        "eps": 0.43,
        "epsdiluted": 0.43,
        "weightedAverageShsOut": 417100000,
        "weightedAverageShsOutDil": 424300000,
        "link": "https://www.sec.gov/Archives/edgar/data/794367/000079436712000130/0000794367-12-000130-index.htm",
        "finalLink": "https://www.sec.gov/Archives/edgar/data/794367/000079436712000130/m-04282012x10q.htm"
    },
    {
        "date": "2012-01-31",
        "symbol": "M",
        "reportedCurrency": "USD",
        "cik": "0000794367",
        "fillingDate": "2012-03-28",
        "acceptedDate": "2012-03-28 11:37:07",
        "calendarYear": "2011",
        "period": "Q4",
        "revenue": 8724000000,
        "costOfRevenue": 5151000000,
        "grossProfit": 3573000000,
        "grossProfitRatio": 0.4095598349,
        "researchAndDevelopmentExpenses": 0,
        "generalAndAdministrativeExpenses": 0,
        "sellingAndMarketingExpenses": 0,
        "sellingGeneralAndAdministrativeExpenses": 2314000000,
        "otherExpenses": -25000000,
        "operatingExpenses": 2289000000,
        "costAndExpenses": 7440000000,
        "interestIncome": 24000000,
        "interestExpense": 132000000,
        "depreciationAndAmortization": 267000000,
        "ebitda": 1575000000,
        "ebitdaratio": 0.1805364512,
        "operatingIncome": 1284000000,
        "operatingIncomeRatio": 0.1471801926,
        "totalOtherIncomeExpensesNet": -108000000,
        "incomeBeforeTax": 1176000000,
        "incomeBeforeTaxRatio": 0.1348005502,
        "incomeTaxExpense": 431000000,
        "netIncome": 745000000,
        "netIncomeRatio": 0.0853966071,
        "eps": 1.74,
        "epsdiluted": 1.74,
        "weightedAverageShsOut": 420000000,
        "weightedAverageShsOutDil": 427300000,
        "link": "https://www.sec.gov/Archives/edgar/data/794367/000079436712000096/0000794367-12-000096-index.htm",
        "finalLink": "https://www.sec.gov/Archives/edgar/data/794367/000079436712000096/m-01282012x10k.htm"
    },
    {
        "date": "2011-10-29",
        "symbol": "M",
        "reportedCurrency": "USD",
        "cik": "0000794367",
        "fillingDate": "2011-12-05",
        "acceptedDate": "2011-12-05 09:49:47",
        "calendarYear": "2011",
        "period": "Q3",
        "revenue": 5853000000,
        "costOfRevenue": 3544000000,
        "grossProfit": 2309000000,
        "grossProfitRatio": 0.3944985478,
        "researchAndDevelopmentExpenses": 0,
        "generalAndAdministrativeExpenses": 2018000000,
        "sellingAndMarketingExpenses": 0,
        "sellingGeneralAndAdministrativeExpenses": 2018000000,
        "otherExpenses": 0,
        "operatingExpenses": 2018000000,
        "costAndExpenses": 5562000000,
        "interestIncome": 1000000,
        "interestExpense": 109000000,
        "depreciationAndAmortization": 282000000,
        "ebitda": 574000000,
        "ebitdaratio": 0.0980693661,
        "operatingIncome": 291000000,
        "operatingIncomeRatio": 0.0497180933,
        "totalOtherIncomeExpensesNet": -108000000,
        "incomeBeforeTax": 183000000,
        "incomeBeforeTaxRatio": 0.0312660174,
        "incomeTaxExpense": 44000000,
        "netIncome": 139000000,
        "netIncomeRatio": 0.023748505,
        "eps": 0.33,
        "epsdiluted": 0.32,
        "weightedAverageShsOut": 425300000,
        "weightedAverageShsOutDil": 431800000,
        "link": "https://www.sec.gov/Archives/edgar/data/794367/000119312511329758/0001193125-11-329758-index.htm",
        "finalLink": "https://www.sec.gov/Archives/edgar/data/794367/000119312511329758/d231724d10q.htm"
    },
    {
        "date": "2011-07-30",
        "symbol": "M",
        "reportedCurrency": "USD",
        "cik": "0000794367",
        "fillingDate": "2011-09-06",
        "acceptedDate": "2011-09-06 11:55:29",
        "calendarYear": "2011",
        "period": "Q2",
        "revenue": 5939000000,
        "costOfRevenue": 3457000000,
        "grossProfit": 2482000000,
        "grossProfitRatio": 0.417915474,
        "researchAndDevelopmentExpenses": 0,
        "generalAndAdministrativeExpenses": 1976000000,
        "sellingAndMarketingExpenses": 0,
        "sellingGeneralAndAdministrativeExpenses": 1976000000,
        "otherExpenses": 0,
        "operatingExpenses": 1976000000,
        "costAndExpenses": 5433000000,
        "interestIncome": 1000000,
        "interestExpense": 112000000,
        "depreciationAndAmortization": 268000000,
        "ebitda": 775000000,
        "ebitdaratio": 0.130493349,
        "operatingIncome": 506000000,
        "operatingIncomeRatio": 0.0851995285,
        "totalOtherIncomeExpensesNet": -111000000,
        "incomeBeforeTax": 395000000,
        "incomeBeforeTaxRatio": 0.0665095134,
        "incomeTaxExpense": 154000000,
        "netIncome": 241000000,
        "netIncomeRatio": 0.0405792221,
        "eps": 0.56,
        "epsdiluted": 0.55,
        "weightedAverageShsOut": 427500000,
        "weightedAverageShsOutDil": 434600000,
        "link": "https://www.sec.gov/Archives/edgar/data/794367/000119312511240837/0001193125-11-240837-index.htm",
        "finalLink": "https://www.sec.gov/Archives/edgar/data/794367/000119312511240837/d10q.htm"
    },
    {
        "date": "2011-04-30",
        "symbol": "M",
        "reportedCurrency": "USD",
        "cik": "0000794367",
        "fillingDate": "2011-06-06",
        "acceptedDate": "2011-06-06 11:58:15",
        "calendarYear": "2011",
        "period": "Q1",
        "revenue": 5889000000,
        "costOfRevenue": 3586000000,
        "grossProfit": 2303000000,
        "grossProfitRatio": 0.3910680931,
        "researchAndDevelopmentExpenses": 0,
        "generalAndAdministrativeExpenses": 1973000000,
        "sellingAndMarketingExpenses": 0,
        "sellingGeneralAndAdministrativeExpenses": 1973000000,
        "otherExpenses": 0,
        "operatingExpenses": 1973000000,
        "costAndExpenses": 5559000000,
        "interestIncome": 1000000,
        "interestExpense": 117000000,
        "depreciationAndAmortization": 268000000,
        "ebitda": 599000000,
        "ebitdaratio": 0.101715062,
        "operatingIncome": 330000000,
        "operatingIncomeRatio": 0.0560366786,
        "totalOtherIncomeExpensesNet": -116000000,
        "incomeBeforeTax": 214000000,
        "incomeBeforeTaxRatio": 0.036338937,
        "incomeTaxExpense": 83000000,
        "netIncome": 131000000,
        "netIncomeRatio": 0.0222448633,
        "eps": 0.31,
        "epsdiluted": 0.3,
        "weightedAverageShsOut": 425100000,
        "weightedAverageShsOutDil": 430000000,
        "link": "https://www.sec.gov/Archives/edgar/data/794367/000119312511159078/0001193125-11-159078-index.htm",
        "finalLink": "https://www.sec.gov/Archives/edgar/data/794367/000119312511159078/d10q.htm"
    },
    {
        "date": "2011-01-31",
        "symbol": "M",
        "reportedCurrency": "USD",
        "cik": "0000794367",
        "fillingDate": "2011-03-30",
        "acceptedDate": "2011-03-30 15:30:26",
        "calendarYear": "2010",
        "period": "Q4",
        "revenue": 8269000000,
        "costOfRevenue": 4855000000,
        "grossProfit": 3414000000,
        "grossProfitRatio": 0.4128673358,
        "researchAndDevelopmentExpenses": 0,
        "generalAndAdministrativeExpenses": 0,
        "sellingAndMarketingExpenses": 0,
        "sellingGeneralAndAdministrativeExpenses": 2245000000,
        "otherExpenses": 25000000,
        "operatingExpenses": 2270000000,
        "costAndExpenses": 7125000000,
        "interestIncome": 1000000,
        "interestExpense": 119000000,
        "depreciationAndAmortization": 285000000,
        "ebitda": 1430000000,
        "ebitdaratio": 0.1729350587,
        "operatingIncome": 1144000000,
        "operatingIncomeRatio": 0.1383480469,
        "totalOtherIncomeExpensesNet": -118000000,
        "incomeBeforeTax": 1026000000,
        "incomeBeforeTaxRatio": 0.1240778812,
        "incomeTaxExpense": 359000000,
        "netIncome": 667000000,
        "netIncomeRatio": 0.0806627162,
        "eps": 1.55,
        "epsdiluted": 1.55,
        "weightedAverageShsOut": 424200000,
        "weightedAverageShsOutDil": 429100000,
        "link": "https://www.sec.gov/Archives/edgar/data/794367/000119312511082813/0001193125-11-082813-index.htm",
        "finalLink": "https://www.sec.gov/Archives/edgar/data/794367/000119312511082813/d10k.htm"
    },
    {
        "date": "2010-10-30",
        "symbol": "M",
        "reportedCurrency": "USD",
        "cik": "0000794367",
        "fillingDate": "2010-12-06",
        "acceptedDate": "2010-12-06 11:09:45",
        "calendarYear": "2010",
        "period": "Q3",
        "revenue": 5623000000,
        "costOfRevenue": 3377000000,
        "grossProfit": 2246000000,
        "grossProfitRatio": 0.3994309088,
        "researchAndDevelopmentExpenses": 0,
        "generalAndAdministrativeExpenses": 0,
        "sellingAndMarketingExpenses": 0,
        "sellingGeneralAndAdministrativeExpenses": 2069000000,
        "otherExpenses": 0,
        "operatingExpenses": 2069000000,
        "costAndExpenses": 5446000000,
        "interestIncome": 2000000,
        "interestExpense": 166000000,
        "depreciationAndAmortization": 290000000,
        "ebitda": 469000000,
        "ebitdaratio": 0.0834074338,
        "operatingIncome": 177000000,
        "operatingIncomeRatio": 0.0314778588,
        "totalOtherIncomeExpensesNet": -164000000,
        "incomeBeforeTax": 13000000,
        "incomeBeforeTaxRatio": 0.0023119331,
        "incomeTaxExpense": 3000000,
        "netIncome": 10000000,
        "netIncomeRatio": 0.0017784101,
        "eps": 0.02,
        "epsdiluted": 0.02,
        "weightedAverageShsOut": 423500000,
        "weightedAverageShsOutDil": 427600000,
        "link": "https://www.sec.gov/Archives/edgar/data/794367/000119312510274286/0001193125-10-274286-index.htm",
        "finalLink": "https://www.sec.gov/Archives/edgar/data/794367/000119312510274286/d10q.htm"
    },
    {
        "date": "2010-07-31",
        "symbol": "M",
        "reportedCurrency": "USD",
        "cik": "0000794367",
        "fillingDate": "2010-09-07",
        "acceptedDate": "2010-09-07 13:30:45",
        "calendarYear": "2010",
        "period": "Q2",
        "revenue": 5537000000,
        "costOfRevenue": 3214000000,
        "grossProfit": 2323000000,
        "grossProfitRatio": 0.4195412678,
        "researchAndDevelopmentExpenses": 0,
        "generalAndAdministrativeExpenses": 0,
        "sellingAndMarketingExpenses": 0,
        "sellingGeneralAndAdministrativeExpenses": 1953000000,
        "otherExpenses": 0,
        "operatingExpenses": 1953000000,
        "costAndExpenses": 5167000000,
        "interestIncome": 1000000,
        "interestExpense": 131000000,
        "depreciationAndAmortization": 288000000,
        "ebitda": 659000000,
        "ebitdaratio": 0.1190175185,
        "operatingIncome": 370000000,
        "operatingIncomeRatio": 0.0668231895,
        "totalOtherIncomeExpensesNet": -130000000,
        "incomeBeforeTax": 240000000,
        "incomeBeforeTaxRatio": 0.0433447715,
        "incomeTaxExpense": 93000000,
        "netIncome": 147000000,
        "netIncomeRatio": 0.0265486726,
        "eps": 0.35,
        "epsdiluted": 0.35,
        "weightedAverageShsOut": 421800000,
        "weightedAverageShsOutDil": 426500000,
        "link": "https://www.sec.gov/Archives/edgar/data/794367/000119312510205516/0001193125-10-205516-index.htm",
        "finalLink": "https://www.sec.gov/Archives/edgar/data/794367/000119312510205516/d10q.htm"
    },
    {
        "date": "2010-05-01",
        "symbol": "M",
        "reportedCurrency": "USD",
        "cik": "0000794367",
        "fillingDate": "2010-06-07",
        "acceptedDate": "2010-06-07 12:18:20",
        "calendarYear": "2010",
        "period": "Q1",
        "revenue": 5574000000,
        "costOfRevenue": 3378000000,
        "grossProfit": 2196000000,
        "grossProfitRatio": 0.3939720129,
        "researchAndDevelopmentExpenses": 0,
        "generalAndAdministrativeExpenses": 0,
        "sellingAndMarketingExpenses": 0,
        "sellingGeneralAndAdministrativeExpenses": 1993000000,
        "otherExpenses": 0,
        "operatingExpenses": 1993000000,
        "costAndExpenses": 5371000000,
        "interestIncome": 1000000,
        "interestExpense": 163000000,
        "depreciationAndAmortization": 287000000,
        "ebitda": 491000000,
        "ebitdaratio": 0.0880875493,
        "operatingIncome": 203000000,
        "operatingIncomeRatio": 0.0364190886,
        "totalOtherIncomeExpensesNet": -162000000,
        "incomeBeforeTax": 41000000,
        "incomeBeforeTaxRatio": 0.0073555795,
        "incomeTaxExpense": 18000000,
        "netIncome": 23000000,
        "netIncomeRatio": 0.0041263007,
        "eps": 0.05,
        "epsdiluted": 0.05,
        "weightedAverageShsOut": 422600000,
        "weightedAverageShsOutDil": 426200000,
        "link": "https://www.sec.gov/Archives/edgar/data/794367/000119312510133698/0001193125-10-133698-index.htm",
        "finalLink": "https://www.sec.gov/Archives/edgar/data/794367/000119312510133698/d10q.htm"
    },
    {
        "date": "2010-01-31",
        "symbol": "M",
        "reportedCurrency": "USD",
        "cik": "0000794367",
        "fillingDate": "2010-03-31",
        "acceptedDate": "2010-03-31 12:06:20",
        "calendarYear": "2009",
        "period": "Q4",
        "revenue": 7849000000,
        "costOfRevenue": 4577000000,
        "grossProfit": 3272000000,
        "grossProfitRatio": 0.4168683909,
        "researchAndDevelopmentExpenses": 0,
        "generalAndAdministrativeExpenses": 0,
        "sellingAndMarketingExpenses": 0,
        "sellingGeneralAndAdministrativeExpenses": 2212000000,
        "otherExpenses": 186000000,
        "operatingExpenses": 2398000000,
        "costAndExpenses": 6975000000,
        "interestIncome": 0,
        "interestExpense": 139000000,
        "depreciationAndAmortization": 305000000,
        "ebitda": 1179000000,
        "ebitdaratio": 0.1502102179,
        "operatingIncome": 874000000,
        "operatingIncomeRatio": 0.1113517646,
        "totalOtherIncomeExpensesNet": -139000000,
        "incomeBeforeTax": 735000000,
        "incomeBeforeTaxRatio": 0.0936425022,
        "incomeTaxExpense": 269000000,
        "netIncome": 466000000,
        "netIncomeRatio": 0.0593706205,
        "eps": 1.1,
        "epsdiluted": 1.1,
        "weightedAverageShsOut": 421800000,
        "weightedAverageShsOutDil": 421800000,
        "link": "https://www.sec.gov/Archives/edgar/data/794367/000119312510072854/0001193125-10-072854-index.htm",
        "finalLink": "https://www.sec.gov/Archives/edgar/data/794367/000119312510072854/d10k.htm"
    },
    {
        "date": "2009-10-31",
        "symbol": "M",
        "reportedCurrency": "USD",
        "cik": "0000794367",
        "fillingDate": "2009-12-07",
        "acceptedDate": "2009-12-07 13:44:51",
        "calendarYear": "2009",
        "period": "Q3",
        "revenue": 5277000000,
        "costOfRevenue": 3156000000,
        "grossProfit": 2121000000,
        "grossProfitRatio": 0.4019329164,
        "researchAndDevelopmentExpenses": 0,
        "generalAndAdministrativeExpenses": 0,
        "sellingAndMarketingExpenses": 0,
        "sellingGeneralAndAdministrativeExpenses": 2033000000,
        "otherExpenses": 33000000,
        "operatingExpenses": 2066000000,
        "costAndExpenses": 5222000000,
        "interestIncome": 2000000,
        "interestExpense": 139000000,
        "depreciationAndAmortization": 301000000,
        "ebitda": 358000000,
        "ebitdaratio": 0.0678415767,
        "operatingIncome": 55000000,
        "operatingIncomeRatio": 0.0104225886,
        "totalOtherIncomeExpensesNet": -137000000,
        "incomeBeforeTax": -82000000,
        "incomeBeforeTaxRatio": -0.0155391321,
        "incomeTaxExpense": -47000000,
        "netIncome": -35000000,
        "netIncomeRatio": -0.0066325564,
        "eps": -0.083,
        "epsdiluted": -0.083,
        "weightedAverageShsOut": 421800000,
        "weightedAverageShsOutDil": 421800000,
        "link": "https://www.sec.gov/Archives/edgar/data/794367/000119312509248286/0001193125-09-248286-index.htm",
        "finalLink": "https://www.sec.gov/Archives/edgar/data/794367/000119312509248286/d10q.htm"
    },
    {
        "date": "2009-08-01",
        "symbol": "M",
        "reportedCurrency": "USD",
        "cik": "0000794367",
        "fillingDate": "2009-09-08",
        "acceptedDate": "2009-09-08 15:23:57",
        "calendarYear": "2009",
        "period": "Q2",
        "revenue": 5164000000,
        "costOfRevenue": 3021000000,
        "grossProfit": 2143000000,
        "grossProfitRatio": 0.4149883811,
        "researchAndDevelopmentExpenses": 0,
        "generalAndAdministrativeExpenses": 0,
        "sellingAndMarketingExpenses": 0,
        "sellingGeneralAndAdministrativeExpenses": 1861000000,
        "otherExpenses": 34000000,
        "operatingExpenses": 1895000000,
        "costAndExpenses": 4916000000,
        "interestIncome": 2000000,
        "interestExpense": 141000000,
        "depreciationAndAmortization": 301000000,
        "ebitda": 551000000,
        "ebitdaratio": 0.1067002324,
        "operatingIncome": 248000000,
        "operatingIncomeRatio": 0.048024787,
        "totalOtherIncomeExpensesNet": -139000000,
        "incomeBeforeTax": 109000000,
        "incomeBeforeTaxRatio": 0.0211076685,
        "incomeTaxExpense": 102000000,
        "netIncome": 7000000,
        "netIncomeRatio": 0.0013555383,
        "eps": 0.02,
        "epsdiluted": 0.02,
        "weightedAverageShsOut": 421500000,
        "weightedAverageShsOutDil": 422100000,
        "link": "https://www.sec.gov/Archives/edgar/data/794367/000119312509188479/0001193125-09-188479-index.htm",
        "finalLink": "https://www.sec.gov/Archives/edgar/data/794367/000119312509188479/d10q.htm"
    },
    {
        "date": "2009-04-30",
        "symbol": "M",
        "reportedCurrency": "USD",
        "cik": "0000794367",
        "fillingDate": "2009-04-30",
        "acceptedDate": "2009-04-29 20:00:00",
        "calendarYear": "2009",
        "period": "Q1",
        "revenue": 5199000000,
        "costOfRevenue": 3219000000,
        "grossProfit": 1980000000,
        "grossProfitRatio": 0.3808424697,
        "researchAndDevelopmentExpenses": 0,
        "generalAndAdministrativeExpenses": 0,
        "sellingAndMarketingExpenses": 0,
        "sellingGeneralAndAdministrativeExpenses": 1956000000,
        "otherExpenses": 138000000,
        "operatingExpenses": 2094000000,
        "costAndExpenses": 5313000000,
        "interestIncome": 2000000,
        "interestExpense": 143000000,
        "depreciationAndAmortization": 303000000,
        "ebitda": 191000000,
        "ebitdaratio": 0.0367378342,
        "operatingIncome": -114000000,
        "operatingIncomeRatio": -0.0219272937,
        "totalOtherIncomeExpensesNet": -141000000,
        "incomeBeforeTax": -255000000,
        "incomeBeforeTaxRatio": -0.0490478938,
        "incomeTaxExpense": -167000000,
        "netIncome": -88000000,
        "netIncomeRatio": -0.016926332,
        "eps": -0.21,
        "epsdiluted": -0.21,
        "weightedAverageShsOut": 421400000,
        "weightedAverageShsOutDil": 421400000,
        "link": "",
        "finalLink": ""
    },
    {
        "date": "2009-01-31",
        "symbol": "M",
        "reportedCurrency": "USD",
        "cik": "0000794367",
        "fillingDate": "2009-04-01",
        "acceptedDate": "2009-04-01 12:17:57",
        "calendarYear": "2008",
        "period": "Q4",
        "revenue": 7934000000,
        "costOfRevenue": 4812000000,
        "grossProfit": 3122000000,
        "grossProfitRatio": 0.3934963448,
        "researchAndDevelopmentExpenses": 0,
        "generalAndAdministrativeExpenses": 0,
        "sellingAndMarketingExpenses": 0,
        "sellingGeneralAndAdministrativeExpenses": 2256000000,
        "otherExpenses": 5601000000,
        "operatingExpenses": 7857000000,
        "costAndExpenses": 12669000000,
        "interestIncome": 0,
        "interestExpense": 0,
        "depreciationAndAmortization": 301000000,
        "ebitda": -4434000000,
        "ebitdaratio": -0.5588605999,
        "operatingIncome": -4735000000,
        "operatingIncomeRatio": -0.5967985884,
        "totalOtherIncomeExpensesNet": -143000000,
        "incomeBeforeTax": -4878000000,
        "incomeBeforeTaxRatio": -0.6148222838,
        "incomeTaxExpense": -105000000,
        "netIncome": -4773000000,
        "netIncomeRatio": -0.6015881018,
        "eps": -11.33,
        "epsdiluted": -11.33,
        "weightedAverageShsOut": 421300000,
        "weightedAverageShsOutDil": 421300000,
        "link": "https://www.sec.gov/Archives/edgar/data/794367/000119312509070344/0001193125-09-070344-index.htm",
        "finalLink": "https://www.sec.gov/Archives/edgar/data/794367/000119312509070344/d10k.htm"
    },
    {
        "date": "2008-11-01",
        "symbol": "M",
        "reportedCurrency": "USD",
        "cik": "0000794367",
        "fillingDate": "2008-12-08",
        "acceptedDate": "2008-12-08 15:32:33",
        "calendarYear": "2008",
        "period": "Q3",
        "revenue": 5493000000,
        "costOfRevenue": 3324000000,
        "grossProfit": 2169000000,
        "grossProfitRatio": 0.3948661933,
        "researchAndDevelopmentExpenses": 0,
        "generalAndAdministrativeExpenses": 0,
        "sellingAndMarketingExpenses": 0,
        "sellingGeneralAndAdministrativeExpenses": 2085000000,
        "otherExpenses": 16000000,
        "operatingExpenses": 2101000000,
        "costAndExpenses": 5425000000,
        "interestIncome": 0,
        "interestExpense": 0,
        "depreciationAndAmortization": 334000000,
        "ebitda": 418000000,
        "ebitdaratio": 0.0760968505,
        "operatingIncome": 68000000,
        "operatingIncomeRatio": 0.012379392,
        "totalOtherIncomeExpensesNet": -143000000,
        "incomeBeforeTax": -75000000,
        "incomeBeforeTaxRatio": -0.0136537411,
        "incomeTaxExpense": -31000000,
        "netIncome": -44000000,
        "netIncomeRatio": -0.0080101948,
        "eps": -0.1,
        "epsdiluted": -0.1,
        "weightedAverageShsOut": 421150000,
        "weightedAverageShsOutDil": 421650000,
        "link": "https://www.sec.gov/Archives/edgar/data/794367/000079436708000153/0000794367-08-000153-index.htm",
        "finalLink": "https://www.sec.gov/Archives/edgar/data/794367/000079436708000153/esthirdqtrq08.htm"
    },
    {
        "date": "2008-08-02",
        "symbol": "M",
        "reportedCurrency": "USD",
        "cik": "0000794367",
        "fillingDate": "2008-09-08",
        "acceptedDate": "2008-09-08 13:53:48",
        "calendarYear": "2008",
        "period": "Q2",
        "revenue": 5718000000,
        "costOfRevenue": 3346000000,
        "grossProfit": 2372000000,
        "grossProfitRatio": 0.4148303603,
        "researchAndDevelopmentExpenses": 0,
        "generalAndAdministrativeExpenses": 0,
        "sellingAndMarketingExpenses": 0,
        "sellingGeneralAndAdministrativeExpenses": 2037000000,
        "otherExpenses": 76000000,
        "operatingExpenses": 2113000000,
        "costAndExpenses": 5459000000,
        "interestIncome": 0,
        "interestExpense": 0,
        "depreciationAndAmortization": 308000000,
        "ebitda": 593000000,
        "ebitdaratio": 0.1037075901,
        "operatingIncome": 259000000,
        "operatingIncomeRatio": 0.0452955579,
        "totalOtherIncomeExpensesNet": -138000000,
        "incomeBeforeTax": 121000000,
        "incomeBeforeTaxRatio": 0.0211612452,
        "incomeTaxExpense": 48000000,
        "netIncome": 73000000,
        "netIncomeRatio": 0.0127667016,
        "eps": 0.17,
        "epsdiluted": 0.17,
        "weightedAverageShsOut": 421100000,
        "weightedAverageShsOutDil": 422100000,
        "link": "https://www.sec.gov/Archives/edgar/data/794367/000079436708000119/0000794367-08-000119-index.htm",
        "finalLink": "https://www.sec.gov/Archives/edgar/data/794367/000079436708000119/essecondq2008.htm"
    },
    {
        "date": "2008-05-03",
        "symbol": "M",
        "reportedCurrency": "USD",
        "cik": "0000794367",
        "fillingDate": "2008-06-09",
        "acceptedDate": "2008-06-09 13:50:29",
        "calendarYear": "2008",
        "period": "Q1",
        "revenue": 5747000000,
        "costOfRevenue": 3527000000,
        "grossProfit": 2220000000,
        "grossProfitRatio": 0.3862884983,
        "researchAndDevelopmentExpenses": 0,
        "generalAndAdministrativeExpenses": 0,
        "sellingAndMarketingExpenses": 0,
        "sellingGeneralAndAdministrativeExpenses": 2103000000,
        "otherExpenses": 87000000,
        "operatingExpenses": 2190000000,
        "costAndExpenses": 5717000000,
        "interestIncome": 0,
        "interestExpense": 0,
        "depreciationAndAmortization": 308000000,
        "ebitda": 425000000,
        "ebitdaratio": 0.0739516269,
        "operatingIncome": 30000000,
        "operatingIncomeRatio": 0.0052201148,
        "totalOtherIncomeExpensesNet": -136000000,
        "incomeBeforeTax": -106000000,
        "incomeBeforeTaxRatio": -0.0184444058,
        "incomeTaxExpense": -47000000,
        "netIncome": -59000000,
        "netIncomeRatio": -0.0102662259,
        "eps": -0.14,
        "epsdiluted": -0.14,
        "weightedAverageShsOut": 420900000,
        "weightedAverageShsOutDil": 420900000,
        "link": "https://www.sec.gov/Archives/edgar/data/794367/000079436708000090/0000794367-08-000090-index.htm",
        "finalLink": "https://www.sec.gov/Archives/edgar/data/794367/000079436708000090/firstqtrq081.htm"
    },
    {
        "date": "2008-01-31",
        "symbol": "M",
        "reportedCurrency": "USD",
        "cik": "0000794367",
        "fillingDate": "2008-04-01",
        "acceptedDate": "2008-04-01 12:18:34",
        "calendarYear": "2007",
        "period": "Q4",
        "revenue": 8594000000,
        "costOfRevenue": 5021000000,
        "grossProfit": 3573000000,
        "grossProfitRatio": 0.415755178,
        "researchAndDevelopmentExpenses": 0,
        "generalAndAdministrativeExpenses": 0,
        "sellingAndMarketingExpenses": 0,
        "sellingGeneralAndAdministrativeExpenses": 2282000000,
        "otherExpenses": 69000000,
        "operatingExpenses": 2351000000,
        "costAndExpenses": 7372000000,
        "interestIncome": 0,
        "interestExpense": 0,
        "depreciationAndAmortization": 320000000,
        "ebitda": 1611000000,
        "ebitdaratio": 0.1874563649,
        "operatingIncome": 1222000000,
        "operatingIncomeRatio": 0.1421922271,
        "totalOtherIncomeExpensesNet": -136000000,
        "incomeBeforeTax": 1086000000,
        "incomeBeforeTaxRatio": 0.126367233,
        "incomeTaxExpense": 336000000,
        "netIncome": 750000000,
        "netIncomeRatio": 0.0872701885,
        "eps": 1.73,
        "epsdiluted": 1.73,
        "weightedAverageShsOut": 432200000,
        "weightedAverageShsOutDil": 434700000,
        "link": "https://www.sec.gov/Archives/edgar/data/794367/000095015208002496/0000950152-08-002496-index.htm",
        "finalLink": "https://www.sec.gov/Archives/edgar/data/794367/000095015208002496/l30670ae10vk.htm"
    },
    {
        "date": "2007-11-03",
        "symbol": "M",
        "reportedCurrency": "USD",
        "cik": "0000794367",
        "fillingDate": "2007-12-10",
        "acceptedDate": "2007-12-10 14:26:31",
        "calendarYear": "2007",
        "period": "Q3",
        "revenue": 5906000000,
        "costOfRevenue": 3585000000,
        "grossProfit": 2321000000,
        "grossProfitRatio": 0.3929901795,
        "researchAndDevelopmentExpenses": 0,
        "generalAndAdministrativeExpenses": 0,
        "sellingAndMarketingExpenses": 0,
        "sellingGeneralAndAdministrativeExpenses": 2121000000,
        "otherExpenses": 17000000,
        "operatingExpenses": 2138000000,
        "costAndExpenses": 5723000000,
        "interestIncome": 0,
        "interestExpense": 0,
        "depreciationAndAmortization": 338000000,
        "ebitda": 538000000,
        "ebitdaratio": 0.0910938029,
        "operatingIncome": 183000000,
        "operatingIncomeRatio": 0.0309854385,
        "totalOtherIncomeExpensesNet": -145000000,
        "incomeBeforeTax": 38000000,
        "incomeBeforeTaxRatio": 0.0064341348,
        "incomeTaxExpense": 5000000,
        "netIncome": 33000000,
        "netIncomeRatio": 0.0055875381,
        "eps": 0.08,
        "epsdiluted": 0.08,
        "weightedAverageShsOut": 434200000,
        "weightedAverageShsOutDil": 438100000,
        "link": "https://www.sec.gov/Archives/edgar/data/794367/000079436707000186/0000794367-07-000186-index.htm",
        "finalLink": "https://www.sec.gov/Archives/edgar/data/794367/000079436707000186/thirdq07.htm"
    },
    {
        "date": "2007-08-04",
        "symbol": "M",
        "reportedCurrency": "USD",
        "cik": "0000794367",
        "fillingDate": "2007-09-10",
        "acceptedDate": "2007-09-10 14:04:45",
        "calendarYear": "2007",
        "period": "Q2",
        "revenue": 5892000000,
        "costOfRevenue": 3507000000,
        "grossProfit": 2385000000,
        "grossProfitRatio": 0.4047861507,
        "researchAndDevelopmentExpenses": 0,
        "generalAndAdministrativeExpenses": 0,
        "sellingAndMarketingExpenses": 0,
        "sellingGeneralAndAdministrativeExpenses": 2038000000,
        "otherExpenses": 97000000,
        "operatingExpenses": 2135000000,
        "costAndExpenses": 5642000000,
        "interestIncome": 0,
        "interestExpense": 0,
        "depreciationAndAmortization": 319000000,
        "ebitda": 666000000,
        "ebitdaratio": 0.1130346232,
        "operatingIncome": 250000000,
        "operatingIncomeRatio": 0.0424304141,
        "totalOtherIncomeExpensesNet": -137000000,
        "incomeBeforeTax": 113000000,
        "incomeBeforeTaxRatio": 0.0191785472,
        "incomeTaxExpense": 39000000,
        "netIncome": 74000000,
        "netIncomeRatio": 0.0125594026,
        "eps": 0.16,
        "epsdiluted": 0.16,
        "weightedAverageShsOut": 451900000,
        "weightedAverageShsOutDil": 457800000,
        "link": "https://www.sec.gov/Archives/edgar/data/794367/000079436707000166/0000794367-07-000166-index.htm",
        "finalLink": "https://www.sec.gov/Archives/edgar/data/794367/000079436707000166/secondq071.htm"
    },
    {
        "date": "2007-05-05",
        "symbol": "M",
        "reportedCurrency": "USD",
        "cik": "0000794367",
        "fillingDate": "2007-06-11",
        "acceptedDate": "2007-06-11 15:57:40",
        "calendarYear": "2007",
        "period": "Q1",
        "revenue": 5921000000,
        "costOfRevenue": 3564000000,
        "grossProfit": 2357000000,
        "grossProfitRatio": 0.3980746496,
        "researchAndDevelopmentExpenses": 0,
        "generalAndAdministrativeExpenses": 0,
        "sellingAndMarketingExpenses": 0,
        "sellingGeneralAndAdministrativeExpenses": 2113000000,
        "otherExpenses": 36000000,
        "operatingExpenses": 2149000000,
        "costAndExpenses": 5713000000,
        "interestIncome": 0,
        "interestExpense": 0,
        "depreciationAndAmortization": 320000000,
        "ebitda": 564000000,
        "ebitdaratio": 0.09525418,
        "operatingIncome": 208000000,
        "operatingIncomeRatio": 0.0351292011,
        "totalOtherIncomeExpensesNet": -125000000,
        "incomeBeforeTax": 83000000,
        "incomeBeforeTaxRatio": 0.0140179024,
        "incomeTaxExpense": 31000000,
        "netIncome": 36000000,
        "netIncomeRatio": 0.006080054,
        "eps": 0.08,
        "epsdiluted": 0.08,
        "weightedAverageShsOut": 468200000,
        "weightedAverageShsOutDil": 476400000,
        "link": "https://www.sec.gov/Archives/edgar/data/794367/000079436707000130/0000794367-07-000130-index.htm",
        "finalLink": "https://www.sec.gov/Archives/edgar/data/794367/000079436707000130/firstqtrq20071.htm"
    },
    {
        "date": "2007-01-31",
        "symbol": "M",
        "reportedCurrency": "USD",
        "cik": "0000794367",
        "fillingDate": "2007-04-04",
        "acceptedDate": "2007-04-04 13:40:50",
        "calendarYear": "2006",
        "period": "Q4",
        "revenue": 9159000000,
        "costOfRevenue": 5419000000,
        "grossProfit": 3740000000,
        "grossProfitRatio": 0.408341522,
        "researchAndDevelopmentExpenses": 0,
        "generalAndAdministrativeExpenses": 0,
        "sellingAndMarketingExpenses": 0,
        "sellingGeneralAndAdministrativeExpenses": 2313000000,
        "otherExpenses": 167000000,
        "operatingExpenses": 2480000000,
        "costAndExpenses": 7899000000,
        "interestIncome": 0,
        "interestExpense": 0,
        "depreciationAndAmortization": 319000000,
        "ebitda": 1746000000,
        "ebitdaratio": 0.1906321651,
        "operatingIncome": 1260000000,
        "operatingIncomeRatio": 0.1375696037,
        "totalOtherIncomeExpensesNet": -49000000,
        "incomeBeforeTax": 1211000000,
        "incomeBeforeTaxRatio": 0.1322196746,
        "incomeTaxExpense": 451000000,
        "netIncome": 733000000,
        "netIncomeRatio": 0.080030571,
        "eps": 1.4,
        "epsdiluted": 1.4,
        "weightedAverageShsOut": 516000000,
        "weightedAverageShsOutDil": 523700000,
        "link": "https://www.sec.gov/Archives/edgar/data/794367/000095015207003009/0000950152-07-003009-index.htm",
        "finalLink": "https://www.sec.gov/Archives/edgar/data/794367/000095015207003009/l25203ae10vk.htm"
    },
    {
        "date": "2006-10-28",
        "symbol": "M",
        "reportedCurrency": "USD",
        "cik": "0000794367",
        "fillingDate": "2006-12-07",
        "acceptedDate": "2006-12-07 14:42:05",
        "calendarYear": "2006",
        "period": "Q3",
        "revenue": 5886000000,
        "costOfRevenue": 3541000000,
        "grossProfit": 2345000000,
        "grossProfitRatio": 0.3984029901,
        "researchAndDevelopmentExpenses": 0,
        "generalAndAdministrativeExpenses": 0,
        "sellingAndMarketingExpenses": 0,
        "sellingGeneralAndAdministrativeExpenses": 2094000000,
        "otherExpenses": 117000000,
        "operatingExpenses": 2211000000,
        "costAndExpenses": 5752000000,
        "interestIncome": 0,
        "interestExpense": 0,
        "depreciationAndAmortization": 304000000,
        "ebitda": 555000000,
        "ebitdaratio": 0.0942915392,
        "operatingIncome": 134000000,
        "operatingIncomeRatio": 0.0227658852,
        "totalOtherIncomeExpensesNet": -104000000,
        "incomeBeforeTax": 30000000,
        "incomeBeforeTaxRatio": 0.00509684,
        "incomeTaxExpense": 10000000,
        "netIncome": -3000000,
        "netIncomeRatio": -0.000509684,
        "eps": -0.0055,
        "epsdiluted": -0.0055,
        "weightedAverageShsOut": 541700000,
        "weightedAverageShsOutDil": 549900000,
        "link": "https://www.sec.gov/Archives/edgar/data/794367/000079436706000217/0000794367-06-000217-index.htm",
        "finalLink": "https://www.sec.gov/Archives/edgar/data/794367/000079436706000217/thirdq2006.htm"
    },
    {
        "date": "2006-07-29",
        "symbol": "M",
        "reportedCurrency": "USD",
        "cik": "0000794367",
        "fillingDate": "2006-09-07",
        "acceptedDate": "2006-09-07 13:42:24",
        "calendarYear": "2006",
        "period": "Q2",
        "revenue": 5995000000,
        "costOfRevenue": 3604000000,
        "grossProfit": 2391000000,
        "grossProfitRatio": 0.3988323603,
        "researchAndDevelopmentExpenses": 0,
        "generalAndAdministrativeExpenses": 0,
        "sellingAndMarketingExpenses": 0,
        "sellingGeneralAndAdministrativeExpenses": 2117000000,
        "otherExpenses": -148000000,
        "operatingExpenses": 1969000000,
        "costAndExpenses": 5573000000,
        "interestIncome": 0,
        "interestExpense": 0,
        "depreciationAndAmortization": 289000000,
        "ebitda": 754000000,
        "ebitdaratio": 0.1257714762,
        "operatingIncome": 422000000,
        "operatingIncomeRatio": 0.0703919933,
        "totalOtherIncomeExpensesNet": -99000000,
        "incomeBeforeTax": 323000000,
        "incomeBeforeTaxRatio": 0.0538782319,
        "incomeTaxExpense": 41000000,
        "netIncome": 317000000,
        "netIncomeRatio": 0.0528773978,
        "eps": 0.57,
        "epsdiluted": 0.57,
        "weightedAverageShsOut": 556140351,
        "weightedAverageShsOutDil": 556140351,
        "link": "https://www.sec.gov/Archives/edgar/data/794367/000079436706000172/0000794367-06-000172-index.htm",
        "finalLink": "https://www.sec.gov/Archives/edgar/data/794367/000079436706000172/secondqtrq061.htm"
    },
    {
        "date": "2006-04-29",
        "symbol": "M",
        "reportedCurrency": "USD",
        "cik": "0000794367",
        "fillingDate": "2006-06-08",
        "acceptedDate": "2006-06-08 13:24:05",
        "calendarYear": "2006",
        "period": "Q1",
        "revenue": 5930000000,
        "costOfRevenue": 3633000000,
        "grossProfit": 2297000000,
        "grossProfitRatio": 0.3873524452,
        "researchAndDevelopmentExpenses": 0,
        "generalAndAdministrativeExpenses": 0,
        "sellingAndMarketingExpenses": 0,
        "sellingGeneralAndAdministrativeExpenses": 2154000000,
        "otherExpenses": 123000000,
        "operatingExpenses": 2277000000,
        "costAndExpenses": 5910000000,
        "interestIncome": 0,
        "interestExpense": 0,
        "depreciationAndAmortization": 304000000,
        "ebitda": 447000000,
        "ebitdaratio": 0.0753794266,
        "operatingIncome": 20000000,
        "operatingIncomeRatio": 0.0033726813,
        "totalOtherIncomeExpensesNet": -138000000,
        "incomeBeforeTax": -118000000,
        "incomeBeforeTaxRatio": -0.0198988196,
        "incomeTaxExpense": -44000000,
        "netIncome": -52000000,
        "netIncomeRatio": -0.0087689713,
        "eps": -0.0945,
        "epsdiluted": -0.0945,
        "weightedAverageShsOut": 550200000,
        "weightedAverageShsOutDil": 550200000,
        "link": "https://www.sec.gov/Archives/edgar/data/794367/000079436706000123/0000794367-06-000123-index.htm",
        "finalLink": "https://www.sec.gov/Archives/edgar/data/794367/000079436706000123/firtqtr1061.htm"
    },
    {
        "date": "2006-01-31",
        "symbol": "M",
        "reportedCurrency": "USD",
        "cik": "0000794367",
        "fillingDate": "2006-04-13",
        "acceptedDate": "2006-04-13 14:32:33",
        "calendarYear": "2005",
        "period": "Q4",
        "revenue": 9341000000,
        "costOfRevenue": 5549000000,
        "grossProfit": 3792000000,
        "grossProfitRatio": 0.4059522535,
        "researchAndDevelopmentExpenses": 0,
        "generalAndAdministrativeExpenses": 0,
        "sellingAndMarketingExpenses": 0,
        "sellingGeneralAndAdministrativeExpenses": 2675000000,
        "otherExpenses": -63000000,
        "operatingExpenses": 2612000000,
        "costAndExpenses": 8161000000,
        "interestIncome": 0,
        "interestExpense": 0,
        "depreciationAndAmortization": 314000000,
        "ebitda": 1431000000,
        "ebitdaratio": 0.1531955893,
        "operatingIncome": 1180000000,
        "operatingIncomeRatio": 0.1263248046,
        "totalOtherIncomeExpensesNet": -127000000,
        "incomeBeforeTax": 1053000000,
        "incomeBeforeTaxRatio": 0.1127288299,
        "incomeTaxExpense": 384000000,
        "netIncome": 699000000,
        "netIncomeRatio": 0.0748313885,
        "eps": 1.26,
        "epsdiluted": 1.26,
        "weightedAverageShsOut": 545400000,
        "weightedAverageShsOutDil": 554300000,
        "link": "https://www.sec.gov/Archives/edgar/data/794367/000095015206003165/0000950152-06-003165-index.htm",
        "finalLink": "https://www.sec.gov/Archives/edgar/data/794367/000095015206003165/l19117ae10vk.htm"
    },
    {
        "date": "2005-10-29",
        "symbol": "M",
        "reportedCurrency": "USD",
        "cik": "0000794367",
        "fillingDate": "2005-12-08",
        "acceptedDate": "2005-12-08 15:16:33",
        "calendarYear": "2005",
        "period": "Q3",
        "revenue": 5555000000,
        "costOfRevenue": 3312000000,
        "grossProfit": 2243000000,
        "grossProfitRatio": 0.403780378,
        "researchAndDevelopmentExpenses": 0,
        "generalAndAdministrativeExpenses": 0,
        "sellingAndMarketingExpenses": 0,
        "sellingGeneralAndAdministrativeExpenses": 1973000000,
        "otherExpenses": -417000000,
        "operatingExpenses": 1556000000,
        "costAndExpenses": 4868000000,
        "interestIncome": 0,
        "interestExpense": 0,
        "depreciationAndAmortization": 274000000,
        "ebitda": 1024000000,
        "ebitdaratio": 0.1843384338,
        "operatingIncome": 687000000,
        "operatingIncomeRatio": 0.1236723672,
        "totalOtherIncomeExpensesNet": -145000000,
        "incomeBeforeTax": 542000000,
        "incomeBeforeTaxRatio": 0.097569757,
        "incomeTaxExpense": 118000000,
        "netIncome": 436000000,
        "netIncomeRatio": 0.0784878488,
        "eps": 0.91,
        "epsdiluted": 0.9,
        "weightedAverageShsOut": 478600000,
        "weightedAverageShsOutDil": 487000000,
        "link": "https://www.sec.gov/Archives/edgar/data/794367/000079436705000142/0000794367-05-000142-index.htm",
        "finalLink": "https://www.sec.gov/Archives/edgar/data/794367/000079436705000142/thirdqtrq05.htm"
    },
    {
        "date": "2005-07-30",
        "symbol": "M",
        "reportedCurrency": "USD",
        "cik": "0000794367",
        "fillingDate": "2005-09-08",
        "acceptedDate": "2005-09-08 13:13:42",
        "calendarYear": "2005",
        "period": "Q2",
        "revenue": 3623000000,
        "costOfRevenue": 2126000000,
        "grossProfit": 1497000000,
        "grossProfitRatio": 0.4131934861,
        "researchAndDevelopmentExpenses": 0,
        "generalAndAdministrativeExpenses": 0,
        "sellingAndMarketingExpenses": 0,
        "sellingGeneralAndAdministrativeExpenses": 1206000000,
        "otherExpenses": 0,
        "operatingExpenses": 1206000000,
        "costAndExpenses": 3332000000,
        "interestIncome": 0,
        "interestExpense": 0,
        "depreciationAndAmortization": 179000000,
        "ebitda": 470000000,
        "ebitdaratio": 0.1297267458,
        "operatingIncome": 291000000,
        "operatingIncomeRatio": 0.0803201766,
        "totalOtherIncomeExpensesNet": -54000000,
        "incomeBeforeTax": 237000000,
        "incomeBeforeTaxRatio": 0.0654154016,
        "incomeTaxExpense": 89000000,
        "netIncome": 148000000,
        "netIncomeRatio": 0.0408501242,
        "eps": 0.43,
        "epsdiluted": 0.42,
        "weightedAverageShsOut": 344186047,
        "weightedAverageShsOutDil": 352380952,
        "link": "https://www.sec.gov/Archives/edgar/data/794367/000079436705000109/0000794367-05-000109-index.htm",
        "finalLink": "https://www.sec.gov/Archives/edgar/data/794367/000079436705000109/secondqtrq05.htm"
    },
    {
        "date": "2005-04-30",
        "symbol": "M",
        "reportedCurrency": "USD",
        "cik": "0000794367",
        "fillingDate": "2005-06-09",
        "acceptedDate": "2005-06-09 11:46:19",
        "calendarYear": "2005",
        "period": "Q1",
        "revenue": 3641000000,
        "costOfRevenue": 2176000000,
        "grossProfit": 1465000000,
        "grossProfitRatio": 0.4023619885,
        "researchAndDevelopmentExpenses": 0,
        "generalAndAdministrativeExpenses": 0,
        "sellingAndMarketingExpenses": 0,
        "sellingGeneralAndAdministrativeExpenses": 1213000000,
        "otherExpenses": 0,
        "operatingExpenses": 1213000000,
        "costAndExpenses": 3389000000,
        "interestIncome": 0,
        "interestExpense": 0,
        "depreciationAndAmortization": 179000000,
        "ebitda": 431000000,
        "ebitdaratio": 0.1183740731,
        "operatingIncome": 252000000,
        "operatingIncomeRatio": 0.069211755,
        "totalOtherIncomeExpensesNet": -54000000,
        "incomeBeforeTax": 198000000,
        "incomeBeforeTaxRatio": 0.0543806647,
        "incomeTaxExpense": 75000000,
        "netIncome": 123000000,
        "netIncomeRatio": 0.033781928,
        "eps": 0.36,
        "epsdiluted": 0.36,
        "weightedAverageShsOut": 341666667,
        "weightedAverageShsOutDil": 341666667,
        "link": "https://www.sec.gov/Archives/edgar/data/794367/000079436705000068/0000794367-05-000068-index.htm",
        "finalLink": "https://www.sec.gov/Archives/edgar/data/794367/000079436705000068/secondqtrq2005.htm"
    },
    {
        "date": "2005-01-31",
        "symbol": "M",
        "reportedCurrency": "USD",
        "cik": "0000794367",
        "fillingDate": "2005-03-28",
        "acceptedDate": "2005-03-28 15:26:24",
        "calendarYear": "2004",
        "period": "Q4",
        "revenue": 5074000000,
        "costOfRevenue": 3001000000,
        "grossProfit": 2073000000,
        "grossProfitRatio": 0.4085534095,
        "researchAndDevelopmentExpenses": 0,
        "generalAndAdministrativeExpenses": 0,
        "sellingAndMarketingExpenses": 0,
        "sellingGeneralAndAdministrativeExpenses": 1310000000,
        "otherExpenses": 0,
        "operatingExpenses": 1310000000,
        "costAndExpenses": 4311000000,
        "interestIncome": 0,
        "interestExpense": 0,
        "depreciationAndAmortization": 205000000,
        "ebitda": 968000000,
        "ebitdaratio": 0.1907765077,
        "operatingIncome": 763000000,
        "operatingIncomeRatio": 0.150374458,
        "totalOtherIncomeExpensesNet": -50000000,
        "incomeBeforeTax": 713000000,
        "incomeBeforeTaxRatio": 0.1405202996,
        "incomeTaxExpense": 273000000,
        "netIncome": 440000000,
        "netIncomeRatio": 0.0867165944,
        "eps": 1.28,
        "epsdiluted": 1.28,
        "weightedAverageShsOut": 335784772,
        "weightedAverageShsOutDil": 344000000,
        "link": "https://www.sec.gov/Archives/edgar/data/794367/000095015205002623/0000950152-05-002623-index.htm",
        "finalLink": "https://www.sec.gov/Archives/edgar/data/794367/000095015205002623/l12973ae10vk.htm"
    },
    {
        "date": "2004-10-30",
        "symbol": "M",
        "reportedCurrency": "USD",
        "cik": "0000794367",
        "fillingDate": "2004-12-09",
        "acceptedDate": "2004-12-09 11:34:56",
        "calendarYear": "2004",
        "period": "Q3",
        "revenue": 3525000000,
        "costOfRevenue": 2121000000,
        "grossProfit": 1404000000,
        "grossProfitRatio": 0.3982978723,
        "researchAndDevelopmentExpenses": 0,
        "generalAndAdministrativeExpenses": 0,
        "sellingAndMarketingExpenses": 0,
        "sellingGeneralAndAdministrativeExpenses": 1229000000,
        "otherExpenses": 0,
        "operatingExpenses": 1229000000,
        "costAndExpenses": 3350000000,
        "interestIncome": 0,
        "interestExpense": 0,
        "depreciationAndAmortization": 179000000,
        "ebitda": 354000000,
        "ebitdaratio": 0.1004255319,
        "operatingIncome": 175000000,
        "operatingIncomeRatio": 0.0496453901,
        "totalOtherIncomeExpensesNet": -55000000,
        "incomeBeforeTax": 120000000,
        "incomeBeforeTaxRatio": 0.0340425532,
        "incomeTaxExpense": 46000000,
        "netIncome": 74000000,
        "netIncomeRatio": 0.0209929078,
        "eps": 0.22,
        "epsdiluted": 0.21,
        "weightedAverageShsOut": 344000000,
        "weightedAverageShsOutDil": 348800000,
        "link": "https://www.sec.gov/Archives/edgar/data/794367/000079436704000169/0000794367-04-000169-index.htm",
        "finalLink": "https://www.sec.gov/Archives/edgar/data/794367/000079436704000169/thirdq-2004.htm"
    },
    {
        "date": "2004-07-31",
        "symbol": "M",
        "reportedCurrency": "USD",
        "cik": "0000794367",
        "fillingDate": "2004-07-31",
        "acceptedDate": "2004-07-30 20:00:00",
        "calendarYear": "2004",
        "period": "Q2",
        "revenue": 3581000000,
        "costOfRevenue": 2111000000,
        "grossProfit": 1470000000,
        "grossProfitRatio": 0.4104998604,
        "researchAndDevelopmentExpenses": 0,
        "generalAndAdministrativeExpenses": 0,
        "sellingAndMarketingExpenses": 0,
        "sellingGeneralAndAdministrativeExpenses": 1225000000,
        "otherExpenses": 0,
        "operatingExpenses": 1225000000,
        "costAndExpenses": 3336000000,
        "interestIncome": 0,
        "interestExpense": 0,
        "depreciationAndAmortization": 181000000,
        "ebitda": 426000000,
        "ebitdaratio": 0.118961184,
        "operatingIncome": 245000000,
        "operatingIncomeRatio": 0.0684166434,
        "totalOtherIncomeExpensesNet": -119000000,
        "incomeBeforeTax": 126000000,
        "incomeBeforeTaxRatio": 0.0351857023,
        "incomeTaxExpense": 48000000,
        "netIncome": 78000000,
        "netIncomeRatio": 0.0217816252,
        "eps": 0.22,
        "epsdiluted": 0.22,
        "weightedAverageShsOut": 354545455,
        "weightedAverageShsOutDil": 362790698,
        "link": "",
        "finalLink": ""
    },
    {
        "date": "2004-05-01",
        "symbol": "M",
        "reportedCurrency": "USD",
        "cik": "0000794367",
        "fillingDate": "2004-06-09",
        "acceptedDate": "2004-06-09 16:37:12",
        "calendarYear": "2004",
        "period": "Q1",
        "revenue": 3550000000,
        "costOfRevenue": 2123000000,
        "grossProfit": 1427000000,
        "grossProfitRatio": 0.401971831,
        "researchAndDevelopmentExpenses": 0,
        "generalAndAdministrativeExpenses": 0,
        "sellingAndMarketingExpenses": 0,
        "sellingGeneralAndAdministrativeExpenses": 1210000000,
        "otherExpenses": 0,
        "operatingExpenses": 1210000000,
        "costAndExpenses": 3333000000,
        "interestIncome": 0,
        "interestExpense": 0,
        "depreciationAndAmortization": 178000000,
        "ebitda": 395000000,
        "ebitdaratio": 0.1112676056,
        "operatingIncome": 217000000,
        "operatingIncomeRatio": 0.0611267606,
        "totalOtherIncomeExpensesNet": -60000000,
        "incomeBeforeTax": 157000000,
        "incomeBeforeTaxRatio": 0.0442253521,
        "incomeTaxExpense": 60000000,
        "netIncome": 97000000,
        "netIncomeRatio": 0.0273239437,
        "eps": 0.27,
        "epsdiluted": 0.27,
        "weightedAverageShsOut": 359259259,
        "weightedAverageShsOutDil": 366037736,
        "link": "https://www.sec.gov/Archives/edgar/data/794367/000079436704000096/0000794367-04-000096-index.htm",
        "finalLink": "https://www.sec.gov/Archives/edgar/data/794367/000079436704000096/firstquarter10q2004.htm"
    },
    {
        "date": "2004-01-31",
        "symbol": "M",
        "reportedCurrency": "USD",
        "cik": "0000794367",
        "fillingDate": "2004-04-15",
        "acceptedDate": "2004-04-15 10:50:29",
        "calendarYear": "2003",
        "period": "Q4",
        "revenue": 5053000000,
        "costOfRevenue": 2981000000,
        "grossProfit": 2072000000,
        "grossProfitRatio": 0.4100534336,
        "researchAndDevelopmentExpenses": 0,
        "generalAndAdministrativeExpenses": 0,
        "sellingAndMarketingExpenses": 0,
        "sellingGeneralAndAdministrativeExpenses": 1314000000,
        "otherExpenses": 0,
        "operatingExpenses": 1314000000,
        "costAndExpenses": 4295000000,
        "interestIncome": 0,
        "interestExpense": 0,
        "depreciationAndAmortization": 182000000,
        "ebitda": 940000000,
        "ebitdaratio": 0.1860281021,
        "operatingIncome": 758000000,
        "operatingIncomeRatio": 0.1500098951,
        "totalOtherIncomeExpensesNet": -61000000,
        "incomeBeforeTax": 697000000,
        "incomeBeforeTaxRatio": 0.1379378587,
        "incomeTaxExpense": 237000000,
        "netIncome": 460000000,
        "netIncomeRatio": 0.0910350287,
        "eps": 1.26,
        "epsdiluted": 1.26,
        "weightedAverageShsOut": 359668085,
        "weightedAverageShsOutDil": 365200000,
        "link": "https://www.sec.gov/Archives/edgar/data/794367/000095015204002901/0000950152-04-002901-index.htm",
        "finalLink": "https://www.sec.gov/Archives/edgar/data/794367/000095015204002901/l06445ae10vk.htm"
    },
    {
        "date": "2003-10-31",
        "symbol": "M",
        "reportedCurrency": "USD",
        "cik": "0000794367",
        "fillingDate": "2003-10-31",
        "acceptedDate": "2003-10-30 19:00:00",
        "calendarYear": "2003",
        "period": "Q3",
        "revenue": 3486000000,
        "costOfRevenue": 2091000000,
        "grossProfit": 1395000000,
        "grossProfitRatio": 0.400172117,
        "researchAndDevelopmentExpenses": 0,
        "generalAndAdministrativeExpenses": 0,
        "sellingAndMarketingExpenses": 0,
        "sellingGeneralAndAdministrativeExpenses": 1222000000,
        "otherExpenses": 0,
        "operatingExpenses": 1222000000,
        "costAndExpenses": 3313000000,
        "interestIncome": 0,
        "interestExpense": 0,
        "depreciationAndAmortization": 177000000,
        "ebitda": 350000000,
        "ebitdaratio": 0.1004016064,
        "operatingIncome": 173000000,
        "operatingIncomeRatio": 0.0496270797,
        "totalOtherIncomeExpensesNet": -61000000,
        "incomeBeforeTax": 112000000,
        "incomeBeforeTaxRatio": 0.0321285141,
        "incomeTaxExpense": 45000000,
        "netIncome": 67000000,
        "netIncomeRatio": 0.0192197361,
        "eps": 0.19,
        "epsdiluted": 0.18,
        "weightedAverageShsOut": 365200000,
        "weightedAverageShsOutDil": 371400000,
        "link": "",
        "finalLink": ""
    },
    {
        "date": "2003-08-02",
        "symbol": "M",
        "reportedCurrency": "USD",
        "cik": "0000794367",
        "fillingDate": "2003-09-16",
        "acceptedDate": "2003-09-16 11:06:33",
        "calendarYear": "2003",
        "period": "Q2",
        "revenue": 3434000000,
        "costOfRevenue": 2025000000,
        "grossProfit": 1409000000,
        "grossProfitRatio": 0.4103086779,
        "researchAndDevelopmentExpenses": 0,
        "generalAndAdministrativeExpenses": 0,
        "sellingAndMarketingExpenses": 0,
        "sellingGeneralAndAdministrativeExpenses": 1145000000,
        "otherExpenses": 0,
        "operatingExpenses": 1145000000,
        "costAndExpenses": 3170000000,
        "interestIncome": 0,
        "interestExpense": 0,
        "depreciationAndAmortization": 174000000,
        "ebitda": 438000000,
        "ebitdaratio": 0.1275480489,
        "operatingIncome": 264000000,
        "operatingIncomeRatio": 0.0768782761,
        "totalOtherIncomeExpensesNet": -65000000,
        "incomeBeforeTax": 199000000,
        "incomeBeforeTaxRatio": 0.0579499126,
        "incomeTaxExpense": 79000000,
        "netIncome": 120000000,
        "netIncomeRatio": 0.0349446709,
        "eps": 0.33,
        "epsdiluted": 0.32,
        "weightedAverageShsOut": 369230769,
        "weightedAverageShsOutDil": 375000000,
        "link": "https://www.sec.gov/Archives/edgar/data/794367/000079436703000103/0000794367-03-000103-index.htm",
        "finalLink": "https://www.sec.gov/Archives/edgar/data/794367/000079436703000103/secondqtr03-10q.htm"
    },
    {
        "date": "2003-05-03",
        "symbol": "M",
        "reportedCurrency": "USD",
        "cik": "0000794367",
        "fillingDate": "2003-06-17",
        "acceptedDate": "2003-06-17 14:57:43",
        "calendarYear": "2003",
        "period": "Q1",
        "revenue": 3291000000,
        "costOfRevenue": 2002000000,
        "grossProfit": 1289000000,
        "grossProfitRatio": 0.3916742631,
        "researchAndDevelopmentExpenses": 0,
        "generalAndAdministrativeExpenses": 0,
        "sellingAndMarketingExpenses": 0,
        "sellingGeneralAndAdministrativeExpenses": 1143000000,
        "otherExpenses": 0,
        "operatingExpenses": 1143000000,
        "costAndExpenses": 3145000000,
        "interestIncome": 0,
        "interestExpense": 0,
        "depreciationAndAmortization": 180000000,
        "ebitda": 326000000,
        "ebitdaratio": 0.0990580371,
        "operatingIncome": 146000000,
        "operatingIncomeRatio": 0.0443634154,
        "totalOtherIncomeExpensesNet": -70000000,
        "incomeBeforeTax": 76000000,
        "incomeBeforeTaxRatio": 0.0230932847,
        "incomeTaxExpense": 30000000,
        "netIncome": 46000000,
        "netIncomeRatio": 0.0139775144,
        "eps": 0.12,
        "epsdiluted": 0.12,
        "weightedAverageShsOut": 383333333,
        "weightedAverageShsOutDil": 383333333,
        "link": "https://www.sec.gov/Archives/edgar/data/794367/000079436703000080/0000794367-03-000080-index.htm",
        "finalLink": "https://www.sec.gov/Archives/edgar/data/794367/000079436703000080/firstqtr10q2003.htm"
    },
    {
        "date": "2003-01-31",
        "symbol": "M",
        "reportedCurrency": "USD",
        "cik": "0000794367",
        "fillingDate": "2003-04-16",
        "acceptedDate": "2003-04-15 18:04:30",
        "calendarYear": "2002",
        "period": "Q4",
        "revenue": 5017000000,
        "costOfRevenue": 3014000000,
        "grossProfit": 2003000000,
        "grossProfitRatio": 0.3992425752,
        "researchAndDevelopmentExpenses": 0,
        "generalAndAdministrativeExpenses": 0,
        "sellingAndMarketingExpenses": 0,
        "sellingGeneralAndAdministrativeExpenses": 1369000000,
        "otherExpenses": 0,
        "operatingExpenses": 1369000000,
        "costAndExpenses": 4383000000,
        "interestIncome": 0,
        "interestExpense": 0,
        "depreciationAndAmortization": 180000000,
        "ebitda": 814000000,
        "ebitdaratio": 0.1622483556,
        "operatingIncome": 634000000,
        "operatingIncomeRatio": 0.1263703408,
        "totalOtherIncomeExpensesNet": -70000000,
        "incomeBeforeTax": 564000000,
        "incomeBeforeTaxRatio": 0.1124177795,
        "incomeTaxExpense": 223000000,
        "netIncome": 341000000,
        "netIncomeRatio": 0.0679689057,
        "eps": 0.89,
        "epsdiluted": 0.89,
        "weightedAverageShsOut": 382000000,
        "weightedAverageShsOutDil": 383000000,
        "link": "https://www.sec.gov/Archives/edgar/data/794367/000095015203004243/0000950152-03-004243-index.htm",
        "finalLink": "https://www.sec.gov/Archives/edgar/data/794367/000095015203004243/l98218ae10vk.htm"
    },
    {
        "date": "2002-11-02",
        "symbol": "M",
        "reportedCurrency": "USD",
        "cik": "0000794367",
        "fillingDate": "2002-12-17",
        "acceptedDate": "2002-12-17 15:39:33",
        "calendarYear": "2002",
        "period": "Q3",
        "revenue": 3479000000,
        "costOfRevenue": 2112000000,
        "grossProfit": 1367000000,
        "grossProfitRatio": 0.3929290026,
        "researchAndDevelopmentExpenses": 0,
        "generalAndAdministrativeExpenses": 0,
        "sellingAndMarketingExpenses": 0,
        "sellingGeneralAndAdministrativeExpenses": 1179000000,
        "otherExpenses": 0,
        "operatingExpenses": 1179000000,
        "costAndExpenses": 3291000000,
        "interestIncome": 0,
        "interestExpense": 0,
        "depreciationAndAmortization": 168000000,
        "ebitda": 356000000,
        "ebitdaratio": 0.1023282552,
        "operatingIncome": 188000000,
        "operatingIncomeRatio": 0.0540385168,
        "totalOtherIncomeExpensesNet": -73000000,
        "incomeBeforeTax": 115000000,
        "incomeBeforeTaxRatio": 0.0330554757,
        "incomeTaxExpense": 40000000,
        "netIncome": 106000000,
        "netIncomeRatio": 0.0304685254,
        "eps": 0.27,
        "epsdiluted": 0.27,
        "weightedAverageShsOut": 390000000,
        "weightedAverageShsOutDil": 391800000,
        "link": "https://www.sec.gov/Archives/edgar/data/794367/000079436702000031/0000794367-02-000031-index.htm",
        "finalLink": "https://www.sec.gov/Archives/edgar/data/794367/000079436702000031/fds10q3-2002.htm"
    },
    {
        "date": "2002-08-03",
        "symbol": "M",
        "reportedCurrency": "USD",
        "cik": "0000794367",
        "fillingDate": "2002-09-17",
        "acceptedDate": "2002-09-17 10:59:42",
        "calendarYear": "2002",
        "period": "Q2",
        "revenue": 3486000000,
        "costOfRevenue": 2051000000,
        "grossProfit": 1435000000,
        "grossProfitRatio": 0.4116465863,
        "researchAndDevelopmentExpenses": 0,
        "generalAndAdministrativeExpenses": 0,
        "sellingAndMarketingExpenses": 0,
        "sellingGeneralAndAdministrativeExpenses": 1135000000,
        "otherExpenses": 0,
        "operatingExpenses": 1135000000,
        "costAndExpenses": 3186000000,
        "interestIncome": 0,
        "interestExpense": 0,
        "depreciationAndAmortization": 170000000,
        "ebitda": 470000000,
        "ebitdaratio": 0.1348250143,
        "operatingIncome": 300000000,
        "operatingIncomeRatio": 0.0860585198,
        "totalOtherIncomeExpensesNet": -78000000,
        "incomeBeforeTax": 222000000,
        "incomeBeforeTaxRatio": 0.0636833046,
        "incomeTaxExpense": 89000000,
        "netIncome": 282000000,
        "netIncomeRatio": 0.0808950086,
        "eps": 0.7,
        "epsdiluted": 0.7,
        "weightedAverageShsOut": 402857143,
        "weightedAverageShsOutDil": 405755396,
        "link": "https://www.sec.gov/Archives/edgar/data/794367/000079436702000018/0000794367-02-000018-index.htm",
        "finalLink": "https://www.sec.gov/Archives/edgar/data/794367/000079436702000018/fds10q2nd02.htm"
    },
    {
        "date": "2002-05-04",
        "symbol": "M",
        "reportedCurrency": "USD",
        "cik": "0000794367",
        "fillingDate": "2002-06-18",
        "acceptedDate": "2002-06-18 13:24:51",
        "calendarYear": "2002",
        "period": "Q1",
        "revenue": 3453000000,
        "costOfRevenue": 2078000000,
        "grossProfit": 1375000000,
        "grossProfitRatio": 0.3982044599,
        "researchAndDevelopmentExpenses": 0,
        "generalAndAdministrativeExpenses": 0,
        "sellingAndMarketingExpenses": 0,
        "sellingGeneralAndAdministrativeExpenses": 1154000000,
        "otherExpenses": 0,
        "operatingExpenses": 1154000000,
        "costAndExpenses": 3232000000,
        "interestIncome": 0,
        "interestExpense": 0,
        "depreciationAndAmortization": 167000000,
        "ebitda": 388000000,
        "ebitdaratio": 0.1123660585,
        "operatingIncome": 221000000,
        "operatingIncomeRatio": 0.0640023168,
        "totalOtherIncomeExpensesNet": -74000000,
        "incomeBeforeTax": 147000000,
        "incomeBeforeTaxRatio": 0.0425716768,
        "incomeTaxExpense": 58000000,
        "netIncome": 89000000,
        "netIncomeRatio": 0.0257746887,
        "eps": 0.22,
        "epsdiluted": 0.22,
        "weightedAverageShsOut": 404545455,
        "weightedAverageShsOutDil": 413953488,
        "link": "https://www.sec.gov/Archives/edgar/data/794367/000079436702000007/0000794367-02-000007-index.htm",
        "finalLink": "https://www.sec.gov/Archives/edgar/data/794367/000079436702000007/first10q-2002a.htm"
    },
    {
        "date": "2002-01-31",
        "symbol": "M",
        "reportedCurrency": "USD",
        "cik": "0000794367",
        "fillingDate": "2002-04-17",
        "acceptedDate": "2002-04-17 00:00:00",
        "calendarYear": "2001",
        "period": "Q4",
        "revenue": 4322000000,
        "costOfRevenue": 2670000000,
        "grossProfit": 1652000000,
        "grossProfitRatio": 0.3822304489,
        "researchAndDevelopmentExpenses": 0,
        "generalAndAdministrativeExpenses": 0,
        "sellingAndMarketingExpenses": 0,
        "sellingGeneralAndAdministrativeExpenses": 945000000,
        "otherExpenses": 137000000,
        "operatingExpenses": 1082000000,
        "costAndExpenses": 3752000000,
        "interestIncome": 0,
        "interestExpense": 0,
        "depreciationAndAmortization": 138000000,
        "ebitda": 792000000,
        "ebitdaratio": 0.1832484961,
        "operatingIncome": 570000000,
        "operatingIncomeRatio": 0.1318833873,
        "totalOtherIncomeExpensesNet": -27000000,
        "incomeBeforeTax": 543000000,
        "incomeBeforeTaxRatio": 0.1256362795,
        "incomeTaxExpense": 206000000,
        "netIncome": -447000000,
        "netIncomeRatio": -0.1034243406,
        "eps": -1.13,
        "epsdiluted": -1.12,
        "weightedAverageShsOut": 395000000,
        "weightedAverageShsOutDil": 400200000,
        "link": "https://www.sec.gov/Archives/edgar/data/794367/000095015202003073/0000950152-02-003073-index.htm",
        "finalLink": "https://www.sec.gov/Archives/edgar/data/794367/000095015202003073/l93551ae10-k.htm"
    },
    {
        "date": "2001-11-03",
        "symbol": "M",
        "reportedCurrency": "USD",
        "cik": "0000794367",
        "fillingDate": "2001-12-18",
        "acceptedDate": "2001-12-18 00:00:00",
        "calendarYear": "2001",
        "period": "Q3",
        "revenue": 3775000000,
        "costOfRevenue": 2297000000,
        "grossProfit": 1478000000,
        "grossProfitRatio": 0.3915231788,
        "researchAndDevelopmentExpenses": 0,
        "generalAndAdministrativeExpenses": 0,
        "sellingAndMarketingExpenses": 0,
        "sellingGeneralAndAdministrativeExpenses": 1329000000,
        "otherExpenses": 23000000,
        "operatingExpenses": 1352000000,
        "costAndExpenses": 3649000000,
        "interestIncome": 0,
        "interestExpense": 0,
        "depreciationAndAmortization": 191000000,
        "ebitda": 340000000,
        "ebitdaratio": 0.0900662252,
        "operatingIncome": 126000000,
        "operatingIncomeRatio": 0.0333774834,
        "totalOtherIncomeExpensesNet": -100000000,
        "incomeBeforeTax": 26000000,
        "incomeBeforeTaxRatio": 0.0068874172,
        "incomeTaxExpense": 13000000,
        "netIncome": 3000000,
        "netIncomeRatio": 0.000794702,
        "eps": 0.01,
        "epsdiluted": 0.01,
        "weightedAverageShsOut": 384600000,
        "weightedAverageShsOutDil": 389200000,
        "link": "https://www.sec.gov/Archives/edgar/data/794367/000079436701500031/0000794367-01-500031-index.htm",
        "finalLink": "https://www.sec.gov/Archives/edgar/data/794367/000079436701500031/thirdqtr10q.htm"
    },
    {
        "date": "2001-08-04",
        "symbol": "M",
        "reportedCurrency": "USD",
        "cik": "0000794367",
        "fillingDate": "2001-09-18",
        "acceptedDate": "2001-09-18 00:00:00",
        "calendarYear": "2001",
        "period": "Q2",
        "revenue": 3732000000,
        "costOfRevenue": 2258000000,
        "grossProfit": 1474000000,
        "grossProfitRatio": 0.3949624866,
        "researchAndDevelopmentExpenses": 0,
        "generalAndAdministrativeExpenses": 0,
        "sellingAndMarketingExpenses": 0,
        "sellingGeneralAndAdministrativeExpenses": 1235000000,
        "otherExpenses": 28000000,
        "operatingExpenses": 1263000000,
        "costAndExpenses": 3521000000,
        "interestIncome": 0,
        "interestExpense": 0,
        "depreciationAndAmortization": 197000000,
        "ebitda": 436000000,
        "ebitdaratio": 0.1168274384,
        "operatingIncome": 211000000,
        "operatingIncomeRatio": 0.0565380493,
        "totalOtherIncomeExpensesNet": -100000000,
        "incomeBeforeTax": 111000000,
        "incomeBeforeTaxRatio": 0.0297427653,
        "incomeTaxExpense": 1000000,
        "netIncome": 110000000,
        "netIncomeRatio": 0.0294748124,
        "eps": 0.28,
        "epsdiluted": 0.28,
        "weightedAverageShsOut": 392857143,
        "weightedAverageShsOutDil": 400000000,
        "link": "https://www.sec.gov/Archives/edgar/data/794367/000079436701500027/0000794367-01-500027-index.htm",
        "finalLink": "https://www.sec.gov/Archives/edgar/data/794367/000079436701500027/secondq01.txt"
    },
    {
        "date": "2001-05-05",
        "symbol": "M",
        "reportedCurrency": "USD",
        "cik": "0000794367",
        "fillingDate": "2001-06-19",
        "acceptedDate": "2001-06-19 00:00:00",
        "calendarYear": "2001",
        "period": "Q1",
        "revenue": 3556000000,
        "costOfRevenue": 2177000000,
        "grossProfit": 1379000000,
        "grossProfitRatio": 0.3877952756,
        "researchAndDevelopmentExpenses": 0,
        "generalAndAdministrativeExpenses": 0,
        "sellingAndMarketingExpenses": 0,
        "sellingGeneralAndAdministrativeExpenses": 1175000000,
        "otherExpenses": 26000000,
        "operatingExpenses": 1201000000,
        "costAndExpenses": 3378000000,
        "interestIncome": 0,
        "interestExpense": 0,
        "depreciationAndAmortization": 170000000,
        "ebitda": 374000000,
        "ebitdaratio": 0.1051743532,
        "operatingIncome": 178000000,
        "operatingIncomeRatio": 0.050056243,
        "totalOtherIncomeExpensesNet": -78000000,
        "incomeBeforeTax": 100000000,
        "incomeBeforeTaxRatio": 0.0281214848,
        "incomeTaxExpense": 42000000,
        "netIncome": 58000000,
        "netIncomeRatio": 0.0163104612,
        "eps": 0.15,
        "epsdiluted": 0.14,
        "weightedAverageShsOut": 396000000,
        "weightedAverageShsOutDil": 408200000,
        "link": "https://www.sec.gov/Archives/edgar/data/794367/000079436701500009/0000794367-01-500009-index.htm",
        "finalLink": "https://www.sec.gov/Archives/edgar/data/794367/000079436701500009/qtr1-10q.txt"
    },
    {
        "date": "2001-01-31",
        "symbol": "M",
        "reportedCurrency": "USD",
        "cik": "0000794367",
        "fillingDate": "2001-04-18",
        "acceptedDate": "2001-04-18 00:00:00",
        "calendarYear": "2000",
        "period": "Q4",
        "revenue": 6115000000,
        "costOfRevenue": 3523000000,
        "grossProfit": 2592000000,
        "grossProfitRatio": 0.4238757155,
        "researchAndDevelopmentExpenses": 0,
        "generalAndAdministrativeExpenses": 0,
        "sellingAndMarketingExpenses": 0,
        "sellingGeneralAndAdministrativeExpenses": 1697000000,
        "otherExpenses": 1022000000,
        "operatingExpenses": 2719000000,
        "costAndExpenses": 6242000000,
        "interestIncome": 0,
        "interestExpense": 0,
        "depreciationAndAmortization": 182000000,
        "ebitda": 982000000,
        "ebitdaratio": 0.1605887163,
        "operatingIncome": -127000000,
        "operatingIncomeRatio": -0.0207686018,
        "totalOtherIncomeExpensesNet": 676000000,
        "incomeBeforeTax": 549000000,
        "incomeBeforeTaxRatio": 0.0897792314,
        "incomeTaxExpense": 217000000,
        "netIncome": 332000000,
        "netIncomeRatio": 0.0542927228,
        "eps": 0.82,
        "epsdiluted": 0.82,
        "weightedAverageShsOut": 397755556,
        "weightedAverageShsOutDil": 403200000,
        "link": "https://www.sec.gov/Archives/edgar/data/794367/000095015201500890/0000950152-01-500890-index.htm",
        "finalLink": "https://www.sec.gov/Archives/edgar/data/794367/000095015201500890/l86996ae10-k.htm"
    },
    {
        "date": "2000-10-28",
        "symbol": "M",
        "reportedCurrency": "USD",
        "cik": "0000794367",
        "fillingDate": "2000-12-12",
        "acceptedDate": "2000-12-12 00:00:00",
        "calendarYear": "2000",
        "period": "Q3",
        "revenue": 4195000000,
        "costOfRevenue": 2328000000,
        "grossProfit": 1867000000,
        "grossProfitRatio": 0.4450536353,
        "researchAndDevelopmentExpenses": 0,
        "generalAndAdministrativeExpenses": 0,
        "sellingAndMarketingExpenses": 0,
        "sellingGeneralAndAdministrativeExpenses": 1476000000,
        "otherExpenses": 187000000,
        "operatingExpenses": 1663000000,
        "costAndExpenses": 3991000000,
        "interestIncome": 0,
        "interestExpense": 0,
        "depreciationAndAmortization": 187000000,
        "ebitda": 391000000,
        "ebitdaratio": 0.0932061979,
        "operatingIncome": 204000000,
        "operatingIncomeRatio": 0.0486293206,
        "totalOtherIncomeExpensesNet": -906000000,
        "incomeBeforeTax": -702000000,
        "incomeBeforeTaxRatio": -0.1673420739,
        "incomeTaxExpense": -34000000,
        "netIncome": -668000000,
        "netIncomeRatio": -0.1592371871,
        "eps": -1.67,
        "epsdiluted": -1.66,
        "weightedAverageShsOut": 401000000,
        "weightedAverageShsOutDil": 402200000,
        "link": "https://www.sec.gov/Archives/edgar/data/794367/000079436700000023/0000794367-00-000023-index.htm",
        "finalLink": "https://www.sec.gov/Archives/edgar/data/794367/000079436700000023/0000794367-00-000023-0001.txt"
    },
    {
        "date": "2000-07-29",
        "symbol": "M",
        "reportedCurrency": "USD",
        "cik": "0000794367",
        "fillingDate": "2000-09-12",
        "acceptedDate": "2000-09-12 00:00:00",
        "calendarYear": "2000",
        "period": "Q2",
        "revenue": 4065000000,
        "costOfRevenue": 2195000000,
        "grossProfit": 1870000000,
        "grossProfitRatio": 0.4600246002,
        "researchAndDevelopmentExpenses": 0,
        "generalAndAdministrativeExpenses": 0,
        "sellingAndMarketingExpenses": 0,
        "sellingGeneralAndAdministrativeExpenses": 1466000000,
        "otherExpenses": 184000000,
        "operatingExpenses": 1650000000,
        "costAndExpenses": 3845000000,
        "interestIncome": 0,
        "interestExpense": 0,
        "depreciationAndAmortization": 184000000,
        "ebitda": 404000000,
        "ebitdaratio": 0.0993849938,
        "operatingIncome": 220000000,
        "operatingIncomeRatio": 0.0541205412,
        "totalOtherIncomeExpensesNet": -108000000,
        "incomeBeforeTax": 112000000,
        "incomeBeforeTaxRatio": 0.0275522755,
        "incomeTaxExpense": 49000000,
        "netIncome": 63000000,
        "netIncomeRatio": 0.015498155,
        "eps": 0.16,
        "epsdiluted": 0.15,
        "weightedAverageShsOut": 406451613,
        "weightedAverageShsOutDil": 420000000,
        "link": "https://www.sec.gov/Archives/edgar/data/794367/000079436700000016/0000794367-00-000016-index.htm",
        "finalLink": "https://www.sec.gov/Archives/edgar/data/794367/000079436700000016/0000794367-00-000016-0001.txt"
    },
    {
        "date": "2000-04-29",
        "symbol": "M",
        "reportedCurrency": "USD",
        "cik": "0000794367",
        "fillingDate": "2000-06-13",
        "acceptedDate": "2000-06-13 00:00:00",
        "calendarYear": "2000",
        "period": "Q1",
        "revenue": 4032000000,
        "costOfRevenue": 2208000000,
        "grossProfit": 1824000000,
        "grossProfitRatio": 0.4523809524,
        "researchAndDevelopmentExpenses": 0,
        "generalAndAdministrativeExpenses": 0,
        "sellingAndMarketingExpenses": 0,
        "sellingGeneralAndAdministrativeExpenses": 1384000000,
        "otherExpenses": 187000000,
        "operatingExpenses": 1571000000,
        "costAndExpenses": 3779000000,
        "interestIncome": 0,
        "interestExpense": 0,
        "depreciationAndAmortization": 187000000,
        "ebitda": 440000000,
        "ebitdaratio": 0.1091269841,
        "operatingIncome": 253000000,
        "operatingIncomeRatio": 0.0627480159,
        "totalOtherIncomeExpensesNet": -99000000,
        "incomeBeforeTax": 154000000,
        "incomeBeforeTaxRatio": 0.0381944444,
        "incomeTaxExpense": 65000000,
        "netIncome": 89000000,
        "netIncomeRatio": 0.0220734127,
        "eps": 0.21,
        "epsdiluted": 0.21,
        "weightedAverageShsOut": 423809524,
        "weightedAverageShsOutDil": 434146341,
        "link": "https://www.sec.gov/Archives/edgar/data/794367/000079436700000008/0000794367-00-000008-index.htm",
        "finalLink": "https://www.sec.gov/Archives/edgar/data/794367/000079436700000008/0000794367-00-000008-0001.txt"
    },
    {
        "date": "2000-01-31",
        "symbol": "M",
        "reportedCurrency": "USD",
        "cik": "0000794367",
        "fillingDate": "2000-04-19",
        "acceptedDate": "2000-04-19 00:00:00",
        "calendarYear": "1999",
        "period": "Q4",
        "revenue": 5656000000,
        "costOfRevenue": 3036000000,
        "grossProfit": 2620000000,
        "grossProfitRatio": 0.4632248939,
        "researchAndDevelopmentExpenses": 0,
        "generalAndAdministrativeExpenses": 0,
        "sellingAndMarketingExpenses": 0,
        "sellingGeneralAndAdministrativeExpenses": 1575000000,
        "otherExpenses": 189000000,
        "operatingExpenses": 1764000000,
        "costAndExpenses": 4800000000,
        "interestIncome": 0,
        "interestExpense": 0,
        "depreciationAndAmortization": 189000000,
        "ebitda": 1045000000,
        "ebitdaratio": 0.1847595474,
        "operatingIncome": 856000000,
        "operatingIncomeRatio": 0.1513437058,
        "totalOtherIncomeExpensesNet": -104000000,
        "incomeBeforeTax": 752000000,
        "incomeBeforeTaxRatio": 0.1329561528,
        "incomeTaxExpense": 304000000,
        "netIncome": 448000000,
        "netIncomeRatio": 0.0792079208,
        "eps": 1.02,
        "epsdiluted": 1.02,
        "weightedAverageShsOut": 418181818,
        "weightedAverageShsOutDil": 439200000,
        "link": "https://www.sec.gov/Archives/edgar/data/794367/000095015200002963/0000950152-00-002963-index.html",
        "finalLink": "https://www.sec.gov/Archives/edgar/data/794367/000095015200002963/0000950152-00-002963-d1.html"
    },
    {
        "date": "1999-10-30",
        "symbol": "M",
        "reportedCurrency": "USD",
        "cik": "0000794367",
        "fillingDate": "1999-12-14",
        "acceptedDate": "1999-12-14 00:00:00",
        "calendarYear": "1999",
        "period": "Q3",
        "revenue": 4137000000,
        "costOfRevenue": 2261000000,
        "grossProfit": 1876000000,
        "grossProfitRatio": 0.4534686971,
        "researchAndDevelopmentExpenses": 0,
        "generalAndAdministrativeExpenses": 0,
        "sellingAndMarketingExpenses": 0,
        "sellingGeneralAndAdministrativeExpenses": 1381000000,
        "otherExpenses": 193000000,
        "operatingExpenses": 1574000000,
        "costAndExpenses": 3835000000,
        "interestIncome": 0,
        "interestExpense": 0,
        "depreciationAndAmortization": 193000000,
        "ebitda": 495000000,
        "ebitdaratio": 0.1196519217,
        "operatingIncome": 302000000,
        "operatingIncomeRatio": 0.0729997583,
        "totalOtherIncomeExpensesNet": -91000000,
        "incomeBeforeTax": 211000000,
        "incomeBeforeTaxRatio": 0.0510031424,
        "incomeTaxExpense": 88000000,
        "netIncome": 123000000,
        "netIncomeRatio": 0.0297316896,
        "eps": 0.3,
        "epsdiluted": 0.28,
        "weightedAverageShsOut": 416949153,
        "weightedAverageShsOutDil": 439285714,
        "link": "https://www.sec.gov/Archives/edgar/data/794367/000079436799000016/0000794367-99-000016-index.html",
        "finalLink": "https://www.sec.gov/Archives/edgar/data/794367/000079436799000016/"
    },
    {
        "date": "1999-07-31",
        "symbol": "M",
        "reportedCurrency": "USD",
        "cik": "0000794367",
        "fillingDate": "1999-09-14",
        "acceptedDate": "1999-09-14 00:00:00",
        "calendarYear": "1999",
        "period": "Q2",
        "revenue": 4006000000,
        "costOfRevenue": 2130000000,
        "grossProfit": 1876000000,
        "grossProfitRatio": 0.4682975537,
        "researchAndDevelopmentExpenses": 0,
        "generalAndAdministrativeExpenses": 0,
        "sellingAndMarketingExpenses": 0,
        "sellingGeneralAndAdministrativeExpenses": 1369000000,
        "otherExpenses": 189000000,
        "operatingExpenses": 1558000000,
        "costAndExpenses": 3688000000,
        "interestIncome": 0,
        "interestExpense": 0,
        "depreciationAndAmortization": 189000000,
        "ebitda": 507000000,
        "ebitdaratio": 0.1265601598,
        "operatingIncome": 318000000,
        "operatingIncomeRatio": 0.0793809286,
        "totalOtherIncomeExpensesNet": -85000000,
        "incomeBeforeTax": 233000000,
        "incomeBeforeTaxRatio": 0.0581627559,
        "incomeTaxExpense": 96000000,
        "netIncome": 137000000,
        "netIncomeRatio": 0.0341987019,
        "eps": 0.33,
        "epsdiluted": 0.31,
        "weightedAverageShsOut": 419800000,
        "weightedAverageShsOutDil": 443800000,
        "link": "https://www.sec.gov/Archives/edgar/data/794367/000079436799000012/0000794367-99-000012-index.html",
        "finalLink": "https://www.sec.gov/Archives/edgar/data/794367/000079436799000012/"
    },
    {
        "date": "1999-05-01",
        "symbol": "M",
        "reportedCurrency": "USD",
        "cik": "0000794367",
        "fillingDate": "1999-06-15",
        "acceptedDate": "1999-06-15 00:00:00",
        "calendarYear": "1999",
        "period": "Q1",
        "revenue": 3600000000,
        "costOfRevenue": 2000000000,
        "grossProfit": 1600000000,
        "grossProfitRatio": 0.4444444444,
        "researchAndDevelopmentExpenses": 0,
        "generalAndAdministrativeExpenses": 0,
        "sellingAndMarketingExpenses": 0,
        "sellingGeneralAndAdministrativeExpenses": 1201000000,
        "otherExpenses": 174000000,
        "operatingExpenses": 1375000000,
        "costAndExpenses": 3375000000,
        "interestIncome": 0,
        "interestExpense": 0,
        "depreciationAndAmortization": 174000000,
        "ebitda": 399000000,
        "ebitdaratio": 0.1108333333,
        "operatingIncome": 225000000,
        "operatingIncomeRatio": 0.0625,
        "totalOtherIncomeExpensesNet": -75000000,
        "incomeBeforeTax": 150000000,
        "incomeBeforeTaxRatio": 0.0416666667,
        "incomeTaxExpense": 63000000,
        "netIncome": 87000000,
        "netIncomeRatio": 0.0241666667,
        "eps": 0.21,
        "epsdiluted": 0.2,
        "weightedAverageShsOut": 414285714,
        "weightedAverageShsOutDil": 435000000,
        "link": "https://www.sec.gov/Archives/edgar/data/794367/000079436799000005/0000794367-99-000005-index.html",
        "finalLink": "https://www.sec.gov/Archives/edgar/data/794367/000079436799000005/"
    },
    {
        "date": "1999-01-31",
        "symbol": "M",
        "reportedCurrency": "USD",
        "cik": "0000794367",
        "fillingDate": "1999-04-21",
        "acceptedDate": "1999-04-21 00:00:00",
        "calendarYear": "1998",
        "period": "Q4",
        "revenue": 5207000000,
        "costOfRevenue": 3025000000,
        "grossProfit": 2182000000,
        "grossProfitRatio": 0.4190512771,
        "researchAndDevelopmentExpenses": 0,
        "generalAndAdministrativeExpenses": 0,
        "sellingAndMarketingExpenses": 0,
        "sellingGeneralAndAdministrativeExpenses": 1277000000,
        "otherExpenses": 155000000,
        "operatingExpenses": 1432000000,
        "costAndExpenses": 4457000000,
        "interestIncome": 0,
        "interestExpense": 0,
        "depreciationAndAmortization": 155000000,
        "ebitda": 905000000,
        "ebitdaratio": 0.173804494,
        "operatingIncome": 750000000,
        "operatingIncomeRatio": 0.1440368734,
        "totalOtherIncomeExpensesNet": -69000000,
        "incomeBeforeTax": 681000000,
        "incomeBeforeTaxRatio": 0.1307854811,
        "incomeTaxExpense": 273000000,
        "netIncome": 408000000,
        "netIncomeRatio": 0.0783560592,
        "eps": 0.94,
        "epsdiluted": 0.94,
        "weightedAverageShsOut": 416445235,
        "weightedAverageShsOutDil": 434400000,
        "link": "https://www.sec.gov/Archives/edgar/data/794367/000095015299003389/0000950152-99-003389-index.html",
        "finalLink": "https://www.sec.gov/Archives/edgar/data/794367/"
    },
    {
        "date": "1998-10-31",
        "symbol": "M",
        "reportedCurrency": "USD",
        "cik": "0000794367",
        "fillingDate": "1998-12-15",
        "acceptedDate": "1998-12-15 00:00:00",
        "calendarYear": "1998",
        "period": "Q3",
        "revenue": 3647000000,
        "costOfRevenue": 2069000000,
        "grossProfit": 1578000000,
        "grossProfitRatio": 0.4326843981,
        "researchAndDevelopmentExpenses": 0,
        "generalAndAdministrativeExpenses": 0,
        "sellingAndMarketingExpenses": 0,
        "sellingGeneralAndAdministrativeExpenses": 1161000000,
        "otherExpenses": 160000000,
        "operatingExpenses": 1321000000,
        "costAndExpenses": 3390000000,
        "interestIncome": 0,
        "interestExpense": 0,
        "depreciationAndAmortization": 160000000,
        "ebitda": 417000000,
        "ebitdaratio": 0.1143405539,
        "operatingIncome": 257000000,
        "operatingIncomeRatio": 0.0704688785,
        "totalOtherIncomeExpensesNet": -72000000,
        "incomeBeforeTax": 185000000,
        "incomeBeforeTaxRatio": 0.0507266246,
        "incomeTaxExpense": 75000000,
        "netIncome": 87000000,
        "netIncomeRatio": 0.0238552235,
        "eps": 0.21,
        "epsdiluted": 0.2,
        "weightedAverageShsOut": 414285714,
        "weightedAverageShsOutDil": 435000000,
        "link": "https://www.sec.gov/Archives/edgar/data/794367/000079436798000024/0000794367-98-000024-index.html",
        "finalLink": "https://www.sec.gov/Archives/edgar/data/794367/"
    },
    {
        "date": "1998-08-01",
        "symbol": "M",
        "reportedCurrency": "USD",
        "cik": "0000794367",
        "fillingDate": "1998-09-15",
        "acceptedDate": "1998-09-15 00:00:00",
        "calendarYear": "1998",
        "period": "Q2",
        "revenue": 3523000000,
        "costOfRevenue": 1942000000,
        "grossProfit": 1581000000,
        "grossProfitRatio": 0.4487652569,
        "researchAndDevelopmentExpenses": 0,
        "generalAndAdministrativeExpenses": 0,
        "sellingAndMarketingExpenses": 0,
        "sellingGeneralAndAdministrativeExpenses": 1155000000,
        "otherExpenses": 159000000,
        "operatingExpenses": 1314000000,
        "costAndExpenses": 3256000000,
        "interestIncome": 0,
        "interestExpense": 0,
        "depreciationAndAmortization": 159000000,
        "ebitda": 426000000,
        "ebitdaratio": 0.1209196707,
        "operatingIncome": 267000000,
        "operatingIncomeRatio": 0.075787681,
        "totalOtherIncomeExpensesNet": -74000000,
        "incomeBeforeTax": 193000000,
        "incomeBeforeTaxRatio": 0.0547828555,
        "incomeTaxExpense": 86000000,
        "netIncome": 107000000,
        "netIncomeRatio": 0.0303718422,
        "eps": 0.26,
        "epsdiluted": 0.24,
        "weightedAverageShsOut": 419607843,
        "weightedAverageShsOutDil": 455319149,
        "link": "https://www.sec.gov/Archives/edgar/data/794367/000079436798000017/0000794367-98-000017-index.html",
        "finalLink": "https://www.sec.gov/Archives/edgar/data/794367/"
    },
    {
        "date": "1998-05-02",
        "symbol": "M",
        "reportedCurrency": "USD",
        "cik": "0000794367",
        "fillingDate": "1998-06-16",
        "acceptedDate": "1998-06-16 00:00:00",
        "calendarYear": "1998",
        "period": "Q1",
        "revenue": 3456000000,
        "costOfRevenue": 1949000000,
        "grossProfit": 1507000000,
        "grossProfitRatio": 0.4360532407,
        "researchAndDevelopmentExpenses": 0,
        "generalAndAdministrativeExpenses": 0,
        "sellingAndMarketingExpenses": 0,
        "sellingGeneralAndAdministrativeExpenses": 1169000000,
        "otherExpenses": 157000000,
        "operatingExpenses": 1326000000,
        "costAndExpenses": 3275000000,
        "interestIncome": 0,
        "interestExpense": 0,
        "depreciationAndAmortization": 157000000,
        "ebitda": 338000000,
        "ebitdaratio": 0.0978009259,
        "operatingIncome": 181000000,
        "operatingIncomeRatio": 0.0523726852,
        "totalOtherIncomeExpensesNet": -77000000,
        "incomeBeforeTax": 104000000,
        "incomeBeforeTaxRatio": 0.0300925926,
        "incomeTaxExpense": 44000000,
        "netIncome": 60000000,
        "netIncomeRatio": 0.0173611111,
        "eps": 0.14,
        "epsdiluted": 0.14,
        "weightedAverageShsOut": 413793103,
        "weightedAverageShsOutDil": 444444444,
        "link": "https://www.sec.gov/Archives/edgar/data/794367/000079436798000010/0000794367-98-000010-index.html",
        "finalLink": "https://www.sec.gov/Archives/edgar/data/794367/"
    },
    {
        "date": "1998-01-31",
        "symbol": "M",
        "reportedCurrency": "USD",
        "cik": "0000794367",
        "fillingDate": "1998-04-16",
        "acceptedDate": "1998-04-16 00:00:00",
        "calendarYear": "1997",
        "period": "Q4",
        "revenue": 5059800000,
        "costOfRevenue": 2954300000,
        "grossProfit": 2105500000,
        "grossProfitRatio": 0.4161231669,
        "researchAndDevelopmentExpenses": 0,
        "generalAndAdministrativeExpenses": 0,
        "sellingAndMarketingExpenses": 0,
        "sellingGeneralAndAdministrativeExpenses": 1238100000,
        "otherExpenses": 154300000,
        "operatingExpenses": 1392400000,
        "costAndExpenses": 4346700000,
        "interestIncome": 0,
        "interestExpense": 0,
        "depreciationAndAmortization": 154300000,
        "ebitda": 867400000,
        "ebitdaratio": 0.1714297008,
        "operatingIncome": 713100000,
        "operatingIncomeRatio": 0.1409344243,
        "totalOtherIncomeExpensesNet": -87400000,
        "incomeBeforeTax": 625700000,
        "incomeBeforeTaxRatio": 0.1236610143,
        "incomeTaxExpense": 246200000,
        "netIncome": 379200000,
        "netIncomeRatio": 0.0749436737,
        "eps": 0.83,
        "epsdiluted": 0.83,
        "weightedAverageShsOut": 458200000,
        "weightedAverageShsOutDil": 458200000,
        "link": "https://www.sec.gov/Archives/edgar/data/794367/000095015298003305/0000950152-98-003305-index.html",
        "finalLink": "https://www.sec.gov/Archives/edgar/data/794367/"
    },
    {
        "date": "1997-11-01",
        "symbol": "M",
        "reportedCurrency": "USD",
        "cik": "0000794367",
        "fillingDate": "1997-12-16",
        "acceptedDate": "1997-12-16 00:00:00",
        "calendarYear": "1997",
        "period": "Q3",
        "revenue": 3746300000,
        "costOfRevenue": 2134900000,
        "grossProfit": 1611400000,
        "grossProfitRatio": 0.4301310626,
        "researchAndDevelopmentExpenses": 0,
        "generalAndAdministrativeExpenses": 0,
        "sellingAndMarketingExpenses": 0,
        "sellingGeneralAndAdministrativeExpenses": 1191400000,
        "otherExpenses": 152000000,
        "operatingExpenses": 1343400000,
        "costAndExpenses": 3478300000,
        "interestIncome": 0,
        "interestExpense": 0,
        "depreciationAndAmortization": 152000000,
        "ebitda": 420000000,
        "ebitdaratio": 0.1121106158,
        "operatingIncome": 268000000,
        "operatingIncomeRatio": 0.0715372501,
        "totalOtherIncomeExpensesNet": -91900000,
        "incomeBeforeTax": 176100000,
        "incomeBeforeTaxRatio": 0.0470063796,
        "incomeTaxExpense": 71000000,
        "netIncome": 105100000,
        "netIncomeRatio": 0.028054347,
        "eps": 0.25,
        "epsdiluted": 0.24,
        "weightedAverageShsOut": 420400000,
        "weightedAverageShsOutDil": 447234043,
        "link": "https://www.sec.gov/Archives/edgar/data/794367/000079436797000024/0000794367-97-000024-index.html",
        "finalLink": "https://www.sec.gov/Archives/edgar/data/794367/"
    },
    {
        "date": "1997-08-02",
        "symbol": "M",
        "reportedCurrency": "USD",
        "cik": "0000794367",
        "fillingDate": "1997-09-16",
        "acceptedDate": "1997-09-16 00:00:00",
        "calendarYear": "1997",
        "period": "Q2",
        "revenue": 3452800000,
        "costOfRevenue": 1947200000,
        "grossProfit": 1505600000,
        "grossProfitRatio": 0.4360518999,
        "researchAndDevelopmentExpenses": 0,
        "generalAndAdministrativeExpenses": 0,
        "sellingAndMarketingExpenses": 0,
        "sellingGeneralAndAdministrativeExpenses": 1142300000,
        "otherExpenses": 151500000,
        "operatingExpenses": 1293800000,
        "costAndExpenses": 3241000000,
        "interestIncome": 0,
        "interestExpense": 0,
        "depreciationAndAmortization": 151500000,
        "ebitda": 363300000,
        "ebitdaratio": 0.1052189527,
        "operatingIncome": 211800000,
        "operatingIncomeRatio": 0.0613415199,
        "totalOtherIncomeExpensesNet": -99200000,
        "incomeBeforeTax": 112600000,
        "incomeBeforeTaxRatio": 0.0326112141,
        "incomeTaxExpense": 46200000,
        "netIncome": 27700000,
        "netIncomeRatio": 0.0080224745,
        "eps": 0.065,
        "epsdiluted": 0.065,
        "weightedAverageShsOut": 426153846,
        "weightedAverageShsOutDil": 426153846,
        "link": "https://www.sec.gov/Archives/edgar/data/794367/000079436797000022/0000794367-97-000022-index.html",
        "finalLink": "https://www.sec.gov/Archives/edgar/data/794367/"
    },
    {
        "date": "1997-05-03",
        "symbol": "M",
        "reportedCurrency": "USD",
        "cik": "0000794367",
        "fillingDate": "1997-06-17",
        "acceptedDate": "1997-06-17 00:00:00",
        "calendarYear": "1997",
        "period": "Q1",
        "revenue": 3409100000,
        "costOfRevenue": 1934600000,
        "grossProfit": 1474500000,
        "grossProfitRatio": 0.4325188466,
        "researchAndDevelopmentExpenses": 0,
        "generalAndAdministrativeExpenses": 0,
        "sellingAndMarketingExpenses": 0,
        "sellingGeneralAndAdministrativeExpenses": 1174200000,
        "otherExpenses": 152200000,
        "operatingExpenses": 1326400000,
        "costAndExpenses": 3261000000,
        "interestIncome": 0,
        "interestExpense": 0,
        "depreciationAndAmortization": 152200000,
        "ebitda": 300300000,
        "ebitdaratio": 0.0880877651,
        "operatingIncome": 148100000,
        "operatingIncomeRatio": 0.0434425508,
        "totalOtherIncomeExpensesNet": -104400000,
        "incomeBeforeTax": 43700000,
        "incomeBeforeTaxRatio": 0.0128186325,
        "incomeTaxExpense": 19600000,
        "netIncome": 24100000,
        "netIncomeRatio": 0.0070693145,
        "eps": 0.06,
        "epsdiluted": 0.055,
        "weightedAverageShsOut": 401666667,
        "weightedAverageShsOutDil": 438181818,
        "link": "https://www.sec.gov/Archives/edgar/data/794367/000079436797000013/0000794367-97-000013-index.html",
        "finalLink": "https://www.sec.gov/Archives/edgar/data/794367/"
    },
    {
        "date": "1997-01-31",
        "symbol": "M",
        "reportedCurrency": "USD",
        "cik": "0000794367",
        "fillingDate": "1997-04-17",
        "acceptedDate": "1997-04-17 00:00:00",
        "calendarYear": "1996",
        "period": "Q4",
        "revenue": 5035000000,
        "costOfRevenue": 2950700000,
        "grossProfit": 2084300000,
        "grossProfitRatio": 0.4139622642,
        "researchAndDevelopmentExpenses": 0,
        "generalAndAdministrativeExpenses": 0,
        "sellingAndMarketingExpenses": 0,
        "sellingGeneralAndAdministrativeExpenses": 1062900000,
        "otherExpenses": 137900000,
        "operatingExpenses": 1200800000,
        "costAndExpenses": 4151500000,
        "interestIncome": 0,
        "interestExpense": 0,
        "depreciationAndAmortization": 137900000,
        "ebitda": 1021400000,
        "ebitdaratio": 0.2028599801,
        "operatingIncome": 883500000,
        "operatingIncomeRatio": 0.1754716981,
        "totalOtherIncomeExpensesNet": -419100000,
        "incomeBeforeTax": 464400000,
        "incomeBeforeTaxRatio": 0.0922343595,
        "incomeTaxExpense": 175200000,
        "netIncome": 289200000,
        "netIncomeRatio": 0.0574379345,
        "eps": 0.64,
        "epsdiluted": 0.64,
        "weightedAverageShsOut": 454300000,
        "weightedAverageShsOutDil": 454300000,
        "link": "https://www.sec.gov/Archives/edgar/data/794367/000095015297002943/0000950152-97-002943-index.html",
        "finalLink": "https://www.sec.gov/Archives/edgar/data/794367/"
    },
    {
        "date": "1996-11-02",
        "symbol": "M",
        "reportedCurrency": "USD",
        "cik": "0000794367",
        "fillingDate": "1996-12-17",
        "acceptedDate": "1996-12-17 00:00:00",
        "calendarYear": "1996",
        "period": "Q3",
        "revenue": 3609100000,
        "costOfRevenue": 2048200000,
        "grossProfit": 1560900000,
        "grossProfitRatio": 0.4324900945,
        "researchAndDevelopmentExpenses": 0,
        "generalAndAdministrativeExpenses": 0,
        "sellingAndMarketingExpenses": 0,
        "sellingGeneralAndAdministrativeExpenses": 1231900000,
        "otherExpenses": 141700000,
        "operatingExpenses": 1373600000,
        "costAndExpenses": 3421800000,
        "interestIncome": 0,
        "interestExpense": 0,
        "depreciationAndAmortization": 141700000,
        "ebitda": 329000000,
        "ebitdaratio": 0.0911584606,
        "operatingIncome": 187300000,
        "operatingIncomeRatio": 0.0518965947,
        "totalOtherIncomeExpensesNet": -113300000,
        "incomeBeforeTax": 74000000,
        "incomeBeforeTaxRatio": 0.0205037267,
        "incomeTaxExpense": 32200000,
        "netIncome": 41800000,
        "netIncomeRatio": 0.0115818348,
        "eps": 0.1,
        "epsdiluted": 0.1,
        "weightedAverageShsOut": 418000000,
        "weightedAverageShsOutDil": 418000000,
        "link": "https://www.sec.gov/Archives/edgar/data/794367/000079436796000017/0000794367-96-000017-index.html",
        "finalLink": "https://www.sec.gov/Archives/edgar/data/794367/"
    },
    {
        "date": "1996-08-03",
        "symbol": "M",
        "reportedCurrency": "USD",
        "cik": "0000794367",
        "fillingDate": "1996-09-17",
        "acceptedDate": "1996-09-17 00:00:00",
        "calendarYear": "1996",
        "period": "Q2",
        "revenue": 3284200000,
        "costOfRevenue": 1882900000,
        "grossProfit": 1401300000,
        "grossProfitRatio": 0.4266792522,
        "researchAndDevelopmentExpenses": 0,
        "generalAndAdministrativeExpenses": 0,
        "sellingAndMarketingExpenses": 0,
        "sellingGeneralAndAdministrativeExpenses": 1183800000,
        "otherExpenses": 141800000,
        "operatingExpenses": 1325600000,
        "costAndExpenses": 3208500000,
        "interestIncome": 0,
        "interestExpense": 0,
        "depreciationAndAmortization": 141800000,
        "ebitda": 217500000,
        "ebitdaratio": 0.0662261738,
        "operatingIncome": 75700000,
        "operatingIncomeRatio": 0.0230497534,
        "totalOtherIncomeExpensesNet": -115600000,
        "incomeBeforeTax": -39900000,
        "incomeBeforeTaxRatio": -0.0121490774,
        "incomeTaxExpense": -12700000,
        "netIncome": -27200000,
        "netIncomeRatio": -0.0082820778,
        "eps": -0.065,
        "epsdiluted": -0.065,
        "weightedAverageShsOut": 418461538,
        "weightedAverageShsOutDil": 418461538,
        "link": "https://www.sec.gov/Archives/edgar/data/794367/000079436796000015/0000794367-96-000015-index.html",
        "finalLink": "https://www.sec.gov/Archives/edgar/data/794367/"
    },
    {
        "date": "1996-05-04",
        "symbol": "M",
        "reportedCurrency": "USD",
        "cik": "0000794367",
        "fillingDate": "1996-06-18",
        "acceptedDate": "1996-06-18 00:00:00",
        "calendarYear": "1996",
        "period": "Q1",
        "revenue": 3300700000,
        "costOfRevenue": 1875400000,
        "grossProfit": 1425300000,
        "grossProfitRatio": 0.4318174933,
        "researchAndDevelopmentExpenses": 0,
        "generalAndAdministrativeExpenses": 0,
        "sellingAndMarketingExpenses": 0,
        "sellingGeneralAndAdministrativeExpenses": 1230800000,
        "otherExpenses": 139200000,
        "operatingExpenses": 1370000000,
        "costAndExpenses": 3245400000,
        "interestIncome": 0,
        "interestExpense": 0,
        "depreciationAndAmortization": 139200000,
        "ebitda": 194500000,
        "ebitdaratio": 0.0589268943,
        "operatingIncome": 55300000,
        "operatingIncomeRatio": 0.0167540219,
        "totalOtherIncomeExpensesNet": -112300000,
        "incomeBeforeTax": -57000000,
        "incomeBeforeTaxRatio": -0.0172690641,
        "incomeTaxExpense": -19100000,
        "netIncome": -37900000,
        "netIncomeRatio": -0.0114824128,
        "eps": -0.09,
        "epsdiluted": -0.09,
        "weightedAverageShsOut": 421111111,
        "weightedAverageShsOutDil": 421111111,
        "link": "https://www.sec.gov/Archives/edgar/data/794367/000079436796000002/0000794367-96-000002-index.html",
        "finalLink": "https://www.sec.gov/Archives/edgar/data/794367/"
    },
    {
        "date": "1996-01-31",
        "symbol": "M",
        "reportedCurrency": "USD",
        "cik": "0000794367",
        "fillingDate": "1996-04-17",
        "acceptedDate": "1996-04-17 00:00:00",
        "calendarYear": "1995",
        "period": "Q4",
        "revenue": 5264900000,
        "costOfRevenue": 3164000000,
        "grossProfit": 2100900000,
        "grossProfitRatio": 0.3990389181,
        "researchAndDevelopmentExpenses": 0,
        "generalAndAdministrativeExpenses": 0,
        "sellingAndMarketingExpenses": 0,
        "sellingGeneralAndAdministrativeExpenses": 1334800000,
        "otherExpenses": 138400000,
        "operatingExpenses": 1473200000,
        "costAndExpenses": 4637200000,
        "interestIncome": 0,
        "interestExpense": 0,
        "depreciationAndAmortization": 138400000,
        "ebitda": 766100000,
        "ebitdaratio": 0.1455108359,
        "operatingIncome": 627700000,
        "operatingIncomeRatio": 0.119223537,
        "totalOtherIncomeExpensesNet": -212400000,
        "incomeBeforeTax": 415300000,
        "incomeBeforeTaxRatio": 0.0788808904,
        "incomeTaxExpense": 170400000,
        "netIncome": 244900000,
        "netIncomeRatio": 0.0465156033,
        "eps": 0.5,
        "epsdiluted": 0.5,
        "weightedAverageShsOut": 493100000,
        "weightedAverageShsOutDil": 493100000,
        "link": "https://www.sec.gov/Archives/edgar/data/794367/000095015296001528/0000950152-96-001528-index.html",
        "finalLink": "https://www.sec.gov/Archives/edgar/data/794367/"
    },
    {
        "date": "1995-10-28",
        "symbol": "M",
        "reportedCurrency": "USD",
        "cik": "0000794367",
        "fillingDate": "1995-12-12",
        "acceptedDate": "1995-12-12 00:00:00",
        "calendarYear": "1995",
        "period": "Q3",
        "revenue": 3748400000,
        "costOfRevenue": 2189100000,
        "grossProfit": 1559300000,
        "grossProfitRatio": 0.4159908228,
        "researchAndDevelopmentExpenses": 0,
        "generalAndAdministrativeExpenses": 0,
        "sellingAndMarketingExpenses": 0,
        "sellingGeneralAndAdministrativeExpenses": 1275700000,
        "otherExpenses": 139500000,
        "operatingExpenses": 1415200000,
        "costAndExpenses": 3604300000,
        "interestIncome": 0,
        "interestExpense": 0,
        "depreciationAndAmortization": 139500000,
        "ebitda": 283600000,
        "ebitdaratio": 0.0756589478,
        "operatingIncome": 144100000,
        "operatingIncomeRatio": 0.038443069,
        "totalOtherIncomeExpensesNet": -169400000,
        "incomeBeforeTax": -25300000,
        "incomeBeforeTaxRatio": -0.0067495465,
        "incomeTaxExpense": 21100000,
        "netIncome": -46400000,
        "netIncomeRatio": -0.0123786149,
        "eps": -0.12,
        "epsdiluted": -0.12,
        "weightedAverageShsOut": 386666667,
        "weightedAverageShsOutDil": 386666667,
        "link": "https://www.sec.gov/Archives/edgar/data/794367/000079436795000027/0000794367-95-000027-index.html",
        "finalLink": "https://www.sec.gov/Archives/edgar/data/794367/"
    },
    {
        "date": "1995-07-29",
        "symbol": "M",
        "reportedCurrency": "USD",
        "cik": "0000794367",
        "fillingDate": "1995-09-08",
        "acceptedDate": "1995-09-08 00:00:00",
        "calendarYear": "1995",
        "period": "Q2",
        "revenue": 3047200000,
        "costOfRevenue": 1742100000,
        "grossProfit": 1305100000,
        "grossProfitRatio": 0.428294828,
        "researchAndDevelopmentExpenses": 0,
        "generalAndAdministrativeExpenses": 0,
        "sellingAndMarketingExpenses": 0,
        "sellingGeneralAndAdministrativeExpenses": 1067900000,
        "otherExpenses": 120800000,
        "operatingExpenses": 1188700000,
        "costAndExpenses": 2930800000,
        "interestIncome": 0,
        "interestExpense": 0,
        "depreciationAndAmortization": 120800000,
        "ebitda": 237200000,
        "ebitdaratio": 0.0778419533,
        "operatingIncome": 116400000,
        "operatingIncomeRatio": 0.0381990024,
        "totalOtherIncomeExpensesNet": -217700000,
        "incomeBeforeTax": -101300000,
        "incomeBeforeTaxRatio": -0.0332436335,
        "incomeTaxExpense": -34400000,
        "netIncome": -66900000,
        "netIncomeRatio": -0.0219545813,
        "eps": -0.18,
        "epsdiluted": -0.18,
        "weightedAverageShsOut": 361621622,
        "weightedAverageShsOutDil": 361621622,
        "link": "https://www.sec.gov/Archives/edgar/data/794367/000079436795000021/0000794367-95-000021-index.html",
        "finalLink": "https://www.sec.gov/Archives/edgar/data/794367/"
    },
    {
        "date": "1995-04-29",
        "symbol": "M",
        "reportedCurrency": "USD",
        "cik": "0000794367",
        "fillingDate": "1995-06-13",
        "acceptedDate": "1995-06-13 00:00:00",
        "calendarYear": "1995",
        "period": "Q1",
        "revenue": 2988000000,
        "costOfRevenue": 1702800000,
        "grossProfit": 1285200000,
        "grossProfitRatio": 0.4301204819,
        "researchAndDevelopmentExpenses": 0,
        "generalAndAdministrativeExpenses": 0,
        "sellingAndMarketingExpenses": 0,
        "sellingGeneralAndAdministrativeExpenses": 1070000000,
        "otherExpenses": 121100000,
        "operatingExpenses": 1191100000,
        "costAndExpenses": 2893900000,
        "interestIncome": 0,
        "interestExpense": 0,
        "depreciationAndAmortization": 121100000,
        "ebitda": 215200000,
        "ebitdaratio": 0.072021419,
        "operatingIncome": 94100000,
        "operatingIncomeRatio": 0.0314926372,
        "totalOtherIncomeExpensesNet": -180800000,
        "incomeBeforeTax": -86700000,
        "incomeBeforeTaxRatio": -0.0290160643,
        "incomeTaxExpense": -29700000,
        "netIncome": -57000000,
        "netIncomeRatio": -0.0190763052,
        "eps": -0.16,
        "epsdiluted": -0.16,
        "weightedAverageShsOut": 367741935,
        "weightedAverageShsOutDil": 367741935,
        "link": "https://www.sec.gov/Archives/edgar/data/794367/000079436795000013/0000794367-95-000013-index.html",
        "finalLink": "https://www.sec.gov/Archives/edgar/data/794367/"
    },
    {
        "date": "1995-01-31",
        "symbol": "M",
        "reportedCurrency": "USD",
        "cik": "0000794367",
        "fillingDate": "1995-04-20",
        "acceptedDate": "1995-04-20 00:00:00",
        "calendarYear": "1994",
        "period": "Q4",
        "revenue": 3139400000,
        "costOfRevenue": 1842100000,
        "grossProfit": 1297300000,
        "grossProfitRatio": 0.4132318277,
        "researchAndDevelopmentExpenses": 0,
        "generalAndAdministrativeExpenses": 0,
        "sellingAndMarketingExpenses": 0,
        "sellingGeneralAndAdministrativeExpenses": 860700000,
        "otherExpenses": 119900000,
        "operatingExpenses": 980600000,
        "costAndExpenses": 2822700000,
        "interestIncome": 0,
        "interestExpense": 0,
        "depreciationAndAmortization": 119900000,
        "ebitda": 436600000,
        "ebitdaratio": 0.1390711601,
        "operatingIncome": 316700000,
        "operatingIncomeRatio": 0.1008791489,
        "totalOtherIncomeExpensesNet": -132000000,
        "incomeBeforeTax": 184700000,
        "incomeBeforeTaxRatio": 0.058832898,
        "incomeTaxExpense": 77400000,
        "netIncome": 107300000,
        "netIncomeRatio": 0.0341785054,
        "eps": 0.42,
        "epsdiluted": 0.42,
        "weightedAverageShsOut": 253142857,
        "weightedAverageShsOutDil": 253142857,
        "link": "https://www.sec.gov/Archives/edgar/data/794367/000095015295000681/0000950152-95-000681-index.html",
        "finalLink": "https://www.sec.gov/Archives/edgar/data/794367/"
    },
    {
        "date": "1994-10-31",
        "symbol": "M",
        "reportedCurrency": "USD",
        "cik": "0000794367",
        "fillingDate": "1994-10-31",
        "acceptedDate": "1994-10-30 19:00:00",
        "calendarYear": "1994",
        "period": "Q3",
        "revenue": 1926800000,
        "costOfRevenue": 1117000000,
        "grossProfit": 809800000,
        "grossProfitRatio": 0.4202823334,
        "researchAndDevelopmentExpenses": 0,
        "generalAndAdministrativeExpenses": 0,
        "sellingAndMarketingExpenses": 0,
        "sellingGeneralAndAdministrativeExpenses": 611600000,
        "otherExpenses": 68900000,
        "operatingExpenses": 680500000,
        "costAndExpenses": 1797500000,
        "interestIncome": 0,
        "interestExpense": 0,
        "depreciationAndAmortization": 71700000,
        "ebitda": 201000000,
        "ebitdaratio": 0.1043180403,
        "operatingIncome": 129300000,
        "operatingIncomeRatio": 0.0671060826,
        "totalOtherIncomeExpensesNet": -51000000,
        "incomeBeforeTax": 78300000,
        "incomeBeforeTaxRatio": 0.0406373261,
        "incomeTaxExpense": 34000000,
        "netIncome": 44300000,
        "netIncomeRatio": 0.0229914885,
        "eps": 0.18,
        "epsdiluted": 0.18,
        "weightedAverageShsOut": 253142857,
        "weightedAverageShsOutDil": 253142857,
        "link": "",
        "finalLink": ""
    },
    {
        "date": "1994-07-31",
        "symbol": "M",
        "reportedCurrency": "USD",
        "cik": "0000794367",
        "fillingDate": "1994-07-31",
        "acceptedDate": "1994-07-30 20:00:00",
        "calendarYear": "1994",
        "period": "Q2",
        "revenue": 1596100000,
        "costOfRevenue": 906900000,
        "grossProfit": 689200000,
        "grossProfitRatio": 0.4318025186,
        "researchAndDevelopmentExpenses": 0,
        "generalAndAdministrativeExpenses": 0,
        "sellingAndMarketingExpenses": 0,
        "sellingGeneralAndAdministrativeExpenses": 534800000,
        "otherExpenses": 68400000,
        "operatingExpenses": 603200000,
        "costAndExpenses": 1510100000,
        "interestIncome": 0,
        "interestExpense": 0,
        "depreciationAndAmortization": 68400000,
        "ebitda": 154400000,
        "ebitdaratio": 0.0967357935,
        "operatingIncome": 86000000,
        "operatingIncomeRatio": 0.0538813358,
        "totalOtherIncomeExpensesNet": -75700000,
        "incomeBeforeTax": 10300000,
        "incomeBeforeTaxRatio": 0.0064532297,
        "incomeTaxExpense": 6500000,
        "netIncome": 3800000,
        "netIncomeRatio": 0.0023808032,
        "eps": 0.015,
        "epsdiluted": 0.015,
        "weightedAverageShsOut": 253333333,
        "weightedAverageShsOutDil": 253333333,
        "link": "",
        "finalLink": ""
    },
    {
        "date": "1994-04-30",
        "symbol": "M",
        "reportedCurrency": "USD",
        "cik": "0000794367",
        "fillingDate": "1994-04-30",
        "acceptedDate": "1994-04-29 20:00:00",
        "calendarYear": "1994",
        "period": "Q1",
        "revenue": 1653600000,
        "costOfRevenue": 941300000,
        "grossProfit": 712300000,
        "grossProfitRatio": 0.4307571359,
        "researchAndDevelopmentExpenses": 0,
        "generalAndAdministrativeExpenses": 0,
        "sellingAndMarketingExpenses": 0,
        "sellingGeneralAndAdministrativeExpenses": 542100000,
        "otherExpenses": 66800000,
        "operatingExpenses": 608900000,
        "costAndExpenses": 1550200000,
        "interestIncome": 0,
        "interestExpense": 0,
        "depreciationAndAmortization": 66800000,
        "ebitda": 170200000,
        "ebitdaratio": 0.1029269473,
        "operatingIncome": 103400000,
        "operatingIncomeRatio": 0.0625302371,
        "totalOtherIncomeExpensesNet": -45400000,
        "incomeBeforeTax": 58000000,
        "incomeBeforeTaxRatio": 0.0350749879,
        "incomeTaxExpense": 25800000,
        "netIncome": 32200000,
        "netIncomeRatio": 0.0194726657,
        "eps": 0.13,
        "epsdiluted": 0.13,
        "weightedAverageShsOut": 257600000,
        "weightedAverageShsOutDil": 257600000,
        "link": "",
        "finalLink": ""
    },
    {
        "date": "1994-01-31",
        "symbol": "M",
        "reportedCurrency": "USD",
        "cik": "0000794367",
        "fillingDate": "1994-01-31",
        "acceptedDate": "1994-01-30 19:00:00",
        "calendarYear": "1993",
        "period": "Q4",
        "revenue": 2347500000,
        "costOfRevenue": 1370900000,
        "grossProfit": 976600000,
        "grossProfitRatio": 0.4160170394,
        "researchAndDevelopmentExpenses": 0,
        "generalAndAdministrativeExpenses": 0,
        "sellingAndMarketingExpenses": 0,
        "sellingGeneralAndAdministrativeExpenses": 623100000,
        "otherExpenses": 65800000,
        "operatingExpenses": 688900000,
        "costAndExpenses": 2059800000,
        "interestIncome": 0,
        "interestExpense": 0,
        "depreciationAndAmortization": 65800000,
        "ebitda": 353500000,
        "ebitdaratio": 0.1505857295,
        "operatingIncome": 287700000,
        "operatingIncomeRatio": 0.1225559105,
        "totalOtherIncomeExpensesNet": -40600000,
        "incomeBeforeTax": 247100000,
        "incomeBeforeTaxRatio": 0.1052609159,
        "incomeTaxExpense": 101100000,
        "netIncome": 146000000,
        "netIncomeRatio": 0.0621938232,
        "eps": 0.58,
        "epsdiluted": 0.58,
        "weightedAverageShsOut": 243691927,
        "weightedAverageShsOutDil": 253750000,
        "link": "",
        "finalLink": ""
    },
    {
        "date": "1993-10-31",
        "symbol": "M",
        "reportedCurrency": "USD",
        "cik": "0000794367",
        "fillingDate": "1993-10-31",
        "acceptedDate": "1993-10-30 20:00:00",
        "calendarYear": "1993",
        "period": "Q3",
        "revenue": 1789300000,
        "costOfRevenue": 1018000000,
        "grossProfit": 771300000,
        "grossProfitRatio": 0.4310624266,
        "researchAndDevelopmentExpenses": 0,
        "generalAndAdministrativeExpenses": 0,
        "sellingAndMarketingExpenses": 0,
        "sellingGeneralAndAdministrativeExpenses": 604600000,
        "otherExpenses": 63700000,
        "operatingExpenses": 668300000,
        "costAndExpenses": 1686300000,
        "interestIncome": 0,
        "interestExpense": 0,
        "depreciationAndAmortization": 64800000,
        "ebitda": 167800000,
        "ebitdaratio": 0.0937796904,
        "operatingIncome": 103000000,
        "operatingIncomeRatio": 0.0575644107,
        "totalOtherIncomeExpensesNet": -40000000,
        "incomeBeforeTax": 63000000,
        "incomeBeforeTaxRatio": 0.0352092997,
        "incomeTaxExpense": 42700000,
        "netIncome": 20300000,
        "netIncomeRatio": 0.0113452188,
        "eps": 0.08,
        "epsdiluted": 0.08,
        "weightedAverageShsOut": 253750000,
        "weightedAverageShsOutDil": 253750000,
        "link": "",
        "finalLink": ""
    },
    {
        "date": "1993-07-31",
        "symbol": "M",
        "reportedCurrency": "USD",
        "cik": "0000794367",
        "fillingDate": "1993-07-31",
        "acceptedDate": "1993-07-30 20:00:00",
        "calendarYear": "1993",
        "period": "Q2",
        "revenue": 1502300000,
        "costOfRevenue": 840600000,
        "grossProfit": 661700000,
        "grossProfitRatio": 0.4404579645,
        "researchAndDevelopmentExpenses": 0,
        "generalAndAdministrativeExpenses": 0,
        "sellingAndMarketingExpenses": 0,
        "sellingGeneralAndAdministrativeExpenses": 540200000,
        "otherExpenses": 63100000,
        "operatingExpenses": 603300000,
        "costAndExpenses": 1443900000,
        "interestIncome": 0,
        "interestExpense": 0,
        "depreciationAndAmortization": 63100000,
        "ebitda": 121500000,
        "ebitdaratio": 0.0808759901,
        "operatingIncome": 58400000,
        "operatingIncomeRatio": 0.038873727,
        "totalOtherIncomeExpensesNet": -40300000,
        "incomeBeforeTax": 18100000,
        "incomeBeforeTaxRatio": 0.0120481928,
        "incomeTaxExpense": 9200000,
        "netIncome": 8900000,
        "netIncomeRatio": 0.0059242495,
        "eps": 0.035,
        "epsdiluted": 0.035,
        "weightedAverageShsOut": 254285714,
        "weightedAverageShsOutDil": 254285714,
        "link": "",
        "finalLink": ""
    },
    {
        "date": "1993-04-30",
        "symbol": "M",
        "reportedCurrency": "USD",
        "cik": "0000794367",
        "fillingDate": "1993-04-30",
        "acceptedDate": "1993-04-29 20:00:00",
        "calendarYear": "1993",
        "period": "Q1",
        "revenue": 1590300000,
        "costOfRevenue": 888500000,
        "grossProfit": 701800000,
        "grossProfitRatio": 0.4413003836,
        "researchAndDevelopmentExpenses": 0,
        "generalAndAdministrativeExpenses": 0,
        "sellingAndMarketingExpenses": 0,
        "sellingGeneralAndAdministrativeExpenses": 555600000,
        "otherExpenses": 63100000,
        "operatingExpenses": 618700000,
        "costAndExpenses": 1507200000,
        "interestIncome": 0,
        "interestExpense": 0,
        "depreciationAndAmortization": 63100000,
        "ebitda": 146200000,
        "ebitdaratio": 0.0919323398,
        "operatingIncome": 83100000,
        "operatingIncomeRatio": 0.0522542916,
        "totalOtherIncomeExpensesNet": -43400000,
        "incomeBeforeTax": 39700000,
        "incomeBeforeTaxRatio": 0.0249638433,
        "incomeTaxExpense": 18000000,
        "netIncome": 18200000,
        "netIncomeRatio": 0.0114443816,
        "eps": 0.07,
        "epsdiluted": 0.07,
        "weightedAverageShsOut": 260000000,
        "weightedAverageShsOutDil": 260000000,
        "link": "",
        "finalLink": ""
    },
    {
        "date": "1993-01-31",
        "symbol": "M",
        "reportedCurrency": "USD",
        "cik": "0000794367",
        "fillingDate": "1993-01-31",
        "acceptedDate": "1993-01-30 19:00:00",
        "calendarYear": "1992",
        "period": "Q4",
        "revenue": 2262000000,
        "costOfRevenue": 1241100000,
        "grossProfit": 1020900000,
        "grossProfitRatio": 0.4513262599,
        "researchAndDevelopmentExpenses": 0,
        "generalAndAdministrativeExpenses": 0,
        "sellingAndMarketingExpenses": 0,
        "sellingGeneralAndAdministrativeExpenses": 686000000,
        "otherExpenses": 112100000,
        "operatingExpenses": 798100000,
        "costAndExpenses": 2039200000,
        "interestIncome": 0,
        "interestExpense": 0,
        "depreciationAndAmortization": 112100000,
        "ebitda": 334900000,
        "ebitdaratio": 0.1480548187,
        "operatingIncome": 222800000,
        "operatingIncomeRatio": 0.0984969054,
        "totalOtherIncomeExpensesNet": -46800000,
        "incomeBeforeTax": 176000000,
        "incomeBeforeTaxRatio": 0.0778072502,
        "incomeTaxExpense": 70900000,
        "netIncome": 99000000,
        "netIncomeRatio": 0.0437665782,
        "eps": 0.39,
        "epsdiluted": 0.39,
        "weightedAverageShsOut": 248895659,
        "weightedAverageShsOutDil": 252800000,
        "link": "",
        "finalLink": ""
    },
    {
        "date": "1992-10-31",
        "symbol": "M",
        "reportedCurrency": "USD",
        "cik": "0000794367",
        "fillingDate": "1992-10-31",
        "acceptedDate": "1992-10-30 19:00:00",
        "calendarYear": "1992",
        "period": "Q3",
        "revenue": 1789000000,
        "costOfRevenue": 1022200000,
        "grossProfit": 766800000,
        "grossProfitRatio": 0.4286193404,
        "researchAndDevelopmentExpenses": 0,
        "generalAndAdministrativeExpenses": 0,
        "sellingAndMarketingExpenses": 0,
        "sellingGeneralAndAdministrativeExpenses": 614800000,
        "otherExpenses": 52500000,
        "operatingExpenses": 667300000,
        "costAndExpenses": 1689500000,
        "interestIncome": 0,
        "interestExpense": 0,
        "depreciationAndAmortization": 52500000,
        "ebitda": 152000000,
        "ebitdaratio": 0.0849636669,
        "operatingIncome": 99500000,
        "operatingIncomeRatio": 0.0556176635,
        "totalOtherIncomeExpensesNet": -43900000,
        "incomeBeforeTax": 55600000,
        "incomeBeforeTaxRatio": 0.031078815,
        "incomeTaxExpense": 24000000,
        "netIncome": 31600000,
        "netIncomeRatio": 0.0176634992,
        "eps": 0.13,
        "epsdiluted": 0.13,
        "weightedAverageShsOut": 252800000,
        "weightedAverageShsOutDil": 252800000,
        "link": "",
        "finalLink": ""
    },
    {
        "date": "1992-07-31",
        "symbol": "M",
        "reportedCurrency": "USD",
        "cik": "0000794367",
        "fillingDate": "1992-07-31",
        "acceptedDate": "1992-07-30 20:00:00",
        "calendarYear": "1992",
        "period": "Q2",
        "revenue": 1457200000,
        "costOfRevenue": 820800000,
        "grossProfit": 636400000,
        "grossProfitRatio": 0.4367279715,
        "researchAndDevelopmentExpenses": 0,
        "generalAndAdministrativeExpenses": 0,
        "sellingAndMarketingExpenses": 0,
        "sellingGeneralAndAdministrativeExpenses": 557800000,
        "otherExpenses": 51400000,
        "operatingExpenses": 609200000,
        "costAndExpenses": 1430000000,
        "interestIncome": 0,
        "interestExpense": 0,
        "depreciationAndAmortization": 51400000,
        "ebitda": 78600000,
        "ebitdaratio": 0.0539390612,
        "operatingIncome": 27200000,
        "operatingIncomeRatio": 0.0186659347,
        "totalOtherIncomeExpensesNet": -49700000,
        "incomeBeforeTax": -22500000,
        "incomeBeforeTaxRatio": -0.015440571,
        "incomeTaxExpense": -6700000,
        "netIncome": -29400000,
        "netIncomeRatio": -0.0201756794,
        "eps": -0.13,
        "epsdiluted": -0.13,
        "weightedAverageShsOut": 226153846,
        "weightedAverageShsOutDil": 226153846,
        "link": "",
        "finalLink": ""
    },
    {
        "date": "1992-04-30",
        "symbol": "M",
        "reportedCurrency": "USD",
        "cik": "0000794367",
        "fillingDate": "1992-04-30",
        "acceptedDate": "1992-04-29 20:00:00",
        "calendarYear": "1992",
        "period": "Q1",
        "revenue": 1571700000,
        "costOfRevenue": 1058400000,
        "grossProfit": 513300000,
        "grossProfitRatio": 0.3265890437,
        "researchAndDevelopmentExpenses": 0,
        "generalAndAdministrativeExpenses": 0,
        "sellingAndMarketingExpenses": 0,
        "sellingGeneralAndAdministrativeExpenses": 382400000,
        "otherExpenses": 50700000,
        "operatingExpenses": 433100000,
        "costAndExpenses": 1491500000,
        "interestIncome": 0,
        "interestExpense": 0,
        "depreciationAndAmortization": 50700000,
        "ebitda": 130900000,
        "ebitdaratio": 0.0832856143,
        "operatingIncome": 80200000,
        "operatingIncomeRatio": 0.0510275498,
        "totalOtherIncomeExpensesNet": -57200000,
        "incomeBeforeTax": 23000000,
        "incomeBeforeTaxRatio": 0.014633836,
        "incomeTaxExpense": 11200000,
        "netIncome": 11800000,
        "netIncomeRatio": 0.0075077941,
        "eps": 0.075,
        "epsdiluted": 0.075,
        "weightedAverageShsOut": 252040000,
        "weightedAverageShsOutDil": 252040000,
        "link": "",
        "finalLink": ""
    }
]