[
    {
        "date": "2025-09-30",
        "symbol": "MAT",
        "reportedCurrency": "USD",
        "cik": "0000063276",
        "fillingDate": "2025-10-29",
        "acceptedDate": "2025-10-29 16:35:16",
        "calendarYear": "2025",
        "period": "Q3",
        "revenue": 1736009000,
        "costOfRevenue": 867756000,
        "grossProfit": 868253000,
        "grossProfitRatio": 0.5001431444,
        "researchAndDevelopmentExpenses": 0,
        "generalAndAdministrativeExpenses": 370300000,
        "sellingAndMarketingExpenses": 118100000,
        "sellingGeneralAndAdministrativeExpenses": 488400000,
        "otherExpenses": 0,
        "operatingExpenses": 488400000,
        "costAndExpenses": 1356156000,
        "interestIncome": 9000000,
        "interestExpense": 29400000,
        "depreciationAndAmortization": 41600000,
        "ebitda": 414421000,
        "ebitdaratio": 0.2387205366,
        "operatingIncome": 379881000,
        "operatingIncomeRatio": 0.2188243264,
        "totalOtherIncomeExpensesNet": -14660000,
        "incomeBeforeTax": 365221000,
        "incomeBeforeTaxRatio": 0.2103796697,
        "incomeTaxExpense": 86854000,
        "netIncome": 278367000,
        "netIncomeRatio": 0.1603488231,
        "eps": 0.85,
        "epsdiluted": 0.86,
        "weightedAverageShsOut": 322300000,
        "weightedAverageShsOutDil": 322300000,
        "link": "https://www.sec.gov/Archives/edgar/data/63276/000162828025047161/0001628280-25-047161-index.htm",
        "finalLink": "https://www.sec.gov/Archives/edgar/data/63276/000162828025047161/mat-20250930.htm"
    },
    {
        "date": "2025-06-30",
        "symbol": "MAT",
        "reportedCurrency": "USD",
        "cik": "0000063276",
        "fillingDate": "2025-07-29",
        "acceptedDate": "2025-07-29 16:21:35",
        "calendarYear": "2025",
        "period": "Q2",
        "revenue": 1018562000,
        "costOfRevenue": 499611000,
        "grossProfit": 518951000,
        "grossProfitRatio": 0.5094937765,
        "researchAndDevelopmentExpenses": 49384000,
        "generalAndAdministrativeExpenses": 361328000,
        "sellingAndMarketingExpenses": 79124000,
        "sellingGeneralAndAdministrativeExpenses": 440452000,
        "otherExpenses": -49384000,
        "operatingExpenses": 440452000,
        "costAndExpenses": 940063000,
        "interestIncome": 12365000,
        "interestExpense": 29354000,
        "depreciationAndAmortization": 60297000,
        "ebitda": 152578000,
        "ebitdaratio": 0.1497974596,
        "operatingIncome": 78499000,
        "operatingIncomeRatio": 0.0770684553,
        "totalOtherIncomeExpensesNet": -8936000,
        "incomeBeforeTax": 69563000,
        "incomeBeforeTaxRatio": 0.0682953026,
        "incomeTaxExpense": 16211000,
        "netIncome": 53352000,
        "netIncomeRatio": 0.0523797275,
        "eps": 0.16,
        "epsdiluted": 0.16,
        "weightedAverageShsOut": 325500000,
        "weightedAverageShsOutDil": 325500000,
        "link": "https://www.sec.gov/Archives/edgar/data/63276/000162828025036429/0001628280-25-036429-index.htm",
        "finalLink": "https://www.sec.gov/Archives/edgar/data/63276/000162828025036429/mat-20250630.htm"
    },
    {
        "date": "2025-03-31",
        "symbol": "MAT",
        "reportedCurrency": "USD",
        "cik": "0000063276",
        "fillingDate": "2025-05-06",
        "acceptedDate": "2025-05-05 18:05:03",
        "calendarYear": "2025",
        "period": "Q1",
        "revenue": 826629000,
        "costOfRevenue": 418533000,
        "grossProfit": 408096000,
        "grossProfitRatio": 0.4936870107,
        "researchAndDevelopmentExpenses": 0,
        "generalAndAdministrativeExpenses": 390878000,
        "sellingAndMarketingExpenses": 70198000,
        "sellingGeneralAndAdministrativeExpenses": 461076000,
        "otherExpenses": 0,
        "operatingExpenses": 461076000,
        "costAndExpenses": 879609000,
        "interestIncome": 15952000,
        "interestExpense": 29234000,
        "depreciationAndAmortization": 60326000,
        "ebitda": 10258000,
        "ebitdaratio": 0.0124094364,
        "operatingIncome": -52980000,
        "operatingIncomeRatio": -0.06409163,
        "totalOtherIncomeExpensesNet": -17904000,
        "incomeBeforeTax": -70884000,
        "incomeBeforeTaxRatio": -0.0857506814,
        "incomeTaxExpense": -30565000,
        "netIncome": -40319000,
        "netIncomeRatio": -0.0487752063,
        "eps": -0.12,
        "epsdiluted": -0.12,
        "weightedAverageShsOut": 327500000,
        "weightedAverageShsOutDil": 327500000,
        "link": "https://www.sec.gov/Archives/edgar/data/63276/000162828025022312/0001628280-25-022312-index.htm",
        "finalLink": "https://www.sec.gov/Archives/edgar/data/63276/000162828025022312/mat-20250331.htm"
    },
    {
        "date": "2024-12-31",
        "symbol": "MAT",
        "reportedCurrency": "USD",
        "cik": "0000063276",
        "fillingDate": "2025-02-26",
        "acceptedDate": "2025-02-25 18:14:25",
        "calendarYear": "2024",
        "period": "Q4",
        "revenue": 1646405000,
        "costOfRevenue": 810939000,
        "grossProfit": 835466000,
        "grossProfitRatio": 0.5074486533,
        "researchAndDevelopmentExpenses": 0,
        "generalAndAdministrativeExpenses": 420010000,
        "sellingAndMarketingExpenses": 257204000,
        "sellingGeneralAndAdministrativeExpenses": 677214000,
        "otherExpenses": 0,
        "operatingExpenses": 677214000,
        "costAndExpenses": 1488153000,
        "interestIncome": 12012000,
        "interestExpense": 29359000,
        "depreciationAndAmortization": 58431000,
        "ebitda": 233010000,
        "ebitdaratio": 0.1415265381,
        "operatingIncome": 158252000,
        "operatingIncomeRatio": 0.0961197275,
        "totalOtherIncomeExpensesNet": -6520000,
        "incomeBeforeTax": 151732000,
        "incomeBeforeTaxRatio": 0.0921595841,
        "incomeTaxExpense": 10870000,
        "netIncome": 140862000,
        "netIncomeRatio": 0.0855573203,
        "eps": 0.41,
        "epsdiluted": 0.41,
        "weightedAverageShsOut": 333600000,
        "weightedAverageShsOutDil": 336400000,
        "link": "https://www.sec.gov/Archives/edgar/data/63276/000162828025007887/0001628280-25-007887-index.htm",
        "finalLink": "https://www.sec.gov/Archives/edgar/data/63276/000162828025007887/mat-20241231.htm"
    },
    {
        "date": "2024-09-30",
        "symbol": "MAT",
        "reportedCurrency": "USD",
        "cik": "0000063276",
        "fillingDate": "2024-10-30",
        "acceptedDate": "2024-10-29 18:03:57",
        "calendarYear": "2024",
        "period": "Q3",
        "revenue": 1843904000,
        "costOfRevenue": 864908000,
        "grossProfit": 978996000,
        "grossProfitRatio": 0.5309365347,
        "researchAndDevelopmentExpenses": 0,
        "generalAndAdministrativeExpenses": 385699000,
        "sellingAndMarketingExpenses": 104956000,
        "sellingGeneralAndAdministrativeExpenses": 490655000,
        "otherExpenses": 0,
        "operatingExpenses": 490655000,
        "costAndExpenses": 1355563000,
        "interestIncome": 9787000,
        "interestExpense": 29371000,
        "depreciationAndAmortization": 62519000,
        "ebitda": 563571000,
        "ebitdaratio": 0.3056400984,
        "operatingIncome": 488341000,
        "operatingIncomeRatio": 0.2648407943,
        "totalOtherIncomeExpensesNet": -9615000,
        "incomeBeforeTax": 478726000,
        "incomeBeforeTaxRatio": 0.2596263146,
        "incomeTaxExpense": 106350000,
        "netIncome": 372376000,
        "netIncomeRatio": 0.2019497761,
        "eps": 1.1,
        "epsdiluted": 1.09,
        "weightedAverageShsOut": 339059000,
        "weightedAverageShsOutDil": 341216000,
        "link": "https://www.sec.gov/Archives/edgar/data/63276/000162828024044151/0001628280-24-044151-index.htm",
        "finalLink": "https://www.sec.gov/Archives/edgar/data/63276/000162828024044151/mat-20240930.htm"
    },
    {
        "date": "2024-06-30",
        "symbol": "MAT",
        "reportedCurrency": "USD",
        "cik": "0000063276",
        "fillingDate": "2024-07-30",
        "acceptedDate": "2024-07-30 16:06:07",
        "calendarYear": "2024",
        "period": "Q2",
        "revenue": 1079728000,
        "costOfRevenue": 548992000,
        "grossProfit": 530736000,
        "grossProfitRatio": 0.491546019,
        "researchAndDevelopmentExpenses": 0,
        "generalAndAdministrativeExpenses": 373810000,
        "sellingAndMarketingExpenses": 73719000,
        "sellingGeneralAndAdministrativeExpenses": 447529000,
        "otherExpenses": 0,
        "operatingExpenses": 447529000,
        "costAndExpenses": 996521000,
        "interestIncome": 12398000,
        "interestExpense": 29984000,
        "depreciationAndAmortization": 68424000,
        "ebitda": 157919000,
        "ebitdaratio": 0.1462581317,
        "operatingIncome": 83207000,
        "operatingIncomeRatio": 0.077062927,
        "totalOtherIncomeExpensesNet": -17151000,
        "incomeBeforeTax": 66056000,
        "incomeBeforeTaxRatio": 0.0611783708,
        "incomeTaxExpense": 9196000,
        "netIncome": 56860000,
        "netIncomeRatio": 0.052661411,
        "eps": 0.17,
        "epsdiluted": 0.17,
        "weightedAverageShsOut": 342200000,
        "weightedAverageShsOutDil": 344409000,
        "link": "https://www.sec.gov/Archives/edgar/data/63276/000162828024033454/0001628280-24-033454-index.htm",
        "finalLink": "https://www.sec.gov/Archives/edgar/data/63276/000162828024033454/mat-20240630.htm"
    },
    {
        "date": "2024-03-31",
        "symbol": "MAT",
        "reportedCurrency": "USD",
        "cik": "0000063276",
        "fillingDate": "2024-04-30",
        "acceptedDate": "2024-04-30 16:07:46",
        "calendarYear": "2024",
        "period": "Q1",
        "revenue": 809508000,
        "costOfRevenue": 420638000,
        "grossProfit": 388870000,
        "grossProfitRatio": 0.480378205,
        "researchAndDevelopmentExpenses": 0,
        "generalAndAdministrativeExpenses": 352947000,
        "sellingAndMarketingExpenses": 71441000,
        "sellingGeneralAndAdministrativeExpenses": 424388000,
        "otherExpenses": 0,
        "operatingExpenses": 424388000,
        "costAndExpenses": 845026000,
        "interestIncome": 17282000,
        "interestExpense": 30059000,
        "depreciationAndAmortization": 56575000,
        "ebitda": 32726000,
        "ebitdaratio": 0.0404270248,
        "operatingIncome": -35518000,
        "operatingIncomeRatio": -0.0438760333,
        "totalOtherIncomeExpensesNet": -13553000,
        "incomeBeforeTax": -49071000,
        "incomeBeforeTaxRatio": -0.0606183015,
        "incomeTaxExpense": -20790000,
        "netIncome": -28281000,
        "netIncomeRatio": -0.0349360352,
        "eps": -0.0815,
        "epsdiluted": -0.0815,
        "weightedAverageShsOut": 346888000,
        "weightedAverageShsOutDil": 346888000,
        "link": "https://www.sec.gov/Archives/edgar/data/63276/000162828024019341/0001628280-24-019341-index.htm",
        "finalLink": "https://www.sec.gov/Archives/edgar/data/63276/000162828024019341/mat-20240331.htm"
    },
    {
        "date": "2023-12-31",
        "symbol": "MAT",
        "reportedCurrency": "USD",
        "cik": "0000063276",
        "fillingDate": "2024-03-15",
        "acceptedDate": "2024-03-15 12:41:02",
        "calendarYear": "2023",
        "period": "Q4",
        "revenue": 1620688000,
        "costOfRevenue": 830499000,
        "grossProfit": 790189000,
        "grossProfitRatio": 0.4875639235,
        "researchAndDevelopmentExpenses": 0,
        "generalAndAdministrativeExpenses": 415677000,
        "sellingAndMarketingExpenses": 234449000,
        "sellingGeneralAndAdministrativeExpenses": 650126000,
        "otherExpenses": 0,
        "operatingExpenses": 650126000,
        "costAndExpenses": 1480625000,
        "interestIncome": 9829000,
        "interestExpense": 31300000,
        "depreciationAndAmortization": 96569000,
        "ebitda": 242778000,
        "ebitdaratio": 0.1497993445,
        "operatingIncome": 140063000,
        "operatingIncomeRatio": 0.0864219393,
        "totalOtherIncomeExpensesNet": -20037000,
        "incomeBeforeTax": 120026000,
        "incomeBeforeTaxRatio": 0.0740586714,
        "incomeTaxExpense": -27292000,
        "netIncome": 147318000,
        "netIncomeRatio": 0.0908984333,
        "eps": 0.42,
        "epsdiluted": 0.42,
        "weightedAverageShsOut": 350600000,
        "weightedAverageShsOutDil": 353500000,
        "link": "https://www.sec.gov/Archives/edgar/data/63276/000162828024011371/0001628280-24-011371-index.htm",
        "finalLink": "https://www.sec.gov/Archives/edgar/data/63276/000162828024011371/mat-20231231.htm"
    },
    {
        "date": "2023-09-30",
        "symbol": "MAT",
        "reportedCurrency": "USD",
        "cik": "0000063276",
        "fillingDate": "2023-11-09",
        "acceptedDate": "2023-11-09 12:38:55",
        "calendarYear": "2023",
        "period": "Q3",
        "revenue": 1918788000,
        "costOfRevenue": 940854000,
        "grossProfit": 977934000,
        "grossProfitRatio": 0.5096623494,
        "researchAndDevelopmentExpenses": 0,
        "generalAndAdministrativeExpenses": 379811000,
        "sellingAndMarketingExpenses": 124265000,
        "sellingGeneralAndAdministrativeExpenses": 504076000,
        "otherExpenses": 0,
        "operatingExpenses": 504076000,
        "costAndExpenses": 1444930000,
        "interestIncome": 4569000,
        "interestExpense": 30716000,
        "depreciationAndAmortization": 57682000,
        "ebitda": 538500000,
        "ebitdaratio": 0.2806459077,
        "operatingIncome": 473858000,
        "operatingIncomeRatio": 0.2469569332,
        "totalOtherIncomeExpensesNet": -18197000,
        "incomeBeforeTax": 455661000,
        "incomeBeforeTaxRatio": 0.2374733425,
        "incomeTaxExpense": 309342000,
        "netIncome": 146319000,
        "netIncomeRatio": 0.0762559491,
        "eps": 0.41,
        "epsdiluted": 0.41,
        "weightedAverageShsOut": 356875609,
        "weightedAverageShsOutDil": 357474000,
        "link": "https://www.sec.gov/Archives/edgar/data/63276/000162828023038124/0001628280-23-038124-index.htm",
        "finalLink": "https://www.sec.gov/Archives/edgar/data/63276/000162828023038124/mat-20230930.htm"
    },
    {
        "date": "2023-06-30",
        "symbol": "MAT",
        "reportedCurrency": "USD",
        "cik": "0000063276",
        "fillingDate": "2023-08-01",
        "acceptedDate": "2023-08-01 16:08:05",
        "calendarYear": "2023",
        "period": "Q2",
        "revenue": 1087164000,
        "costOfRevenue": 597358000,
        "grossProfit": 489806000,
        "grossProfitRatio": 0.4505355218,
        "researchAndDevelopmentExpenses": 0,
        "generalAndAdministrativeExpenses": 337005000,
        "sellingAndMarketingExpenses": 90026000,
        "sellingGeneralAndAdministrativeExpenses": 427031000,
        "otherExpenses": 0,
        "operatingExpenses": 427031000,
        "costAndExpenses": 1024389000,
        "interestIncome": 4321000,
        "interestExpense": 30642000,
        "depreciationAndAmortization": 52265000,
        "ebitda": 121508000,
        "ebitdaratio": 0.1117660261,
        "operatingIncome": 62775000,
        "operatingIncomeRatio": 0.0577419782,
        "totalOtherIncomeExpensesNet": -21164000,
        "incomeBeforeTax": 41611000,
        "incomeBeforeTaxRatio": 0.0382748141,
        "incomeTaxExpense": 14424000,
        "netIncome": 27187000,
        "netIncomeRatio": 0.0250072666,
        "eps": 0.0767,
        "epsdiluted": 0.0761,
        "weightedAverageShsOut": 354577000,
        "weightedAverageShsOutDil": 357214000,
        "link": "https://www.sec.gov/Archives/edgar/data/63276/000162828023026456/0001628280-23-026456-index.htm",
        "finalLink": "https://www.sec.gov/Archives/edgar/data/63276/000162828023026456/mat-20230630.htm"
    },
    {
        "date": "2023-03-31",
        "symbol": "MAT",
        "reportedCurrency": "USD",
        "cik": "0000063276",
        "fillingDate": "2023-05-02",
        "acceptedDate": "2023-05-02 17:06:56",
        "calendarYear": "2023",
        "period": "Q1",
        "revenue": 814579000,
        "costOfRevenue": 488792000,
        "grossProfit": 325787000,
        "grossProfitRatio": 0.3999452478,
        "researchAndDevelopmentExpenses": 0,
        "generalAndAdministrativeExpenses": 364777000,
        "sellingAndMarketingExpenses": 76047000,
        "sellingGeneralAndAdministrativeExpenses": 440824000,
        "otherExpenses": 0,
        "operatingExpenses": 440824000,
        "costAndExpenses": 929616000,
        "interestIncome": 6519000,
        "interestExpense": 31128000,
        "depreciationAndAmortization": 55603000,
        "ebitda": -51476000,
        "ebitdaratio": -0.0631933796,
        "operatingIncome": -115037000,
        "operatingIncomeRatio": -0.1412226438,
        "totalOtherIncomeExpensesNet": -18433000,
        "incomeBeforeTax": -133470000,
        "incomeBeforeTaxRatio": -0.163851511,
        "incomeTaxExpense": -26999000,
        "netIncome": -106471000,
        "netIncomeRatio": -0.1307067823,
        "eps": -0.31,
        "epsdiluted": -0.31,
        "weightedAverageShsOut": 354942000,
        "weightedAverageShsOutDil": 354942000,
        "link": "https://www.sec.gov/Archives/edgar/data/63276/000162828023014912/0001628280-23-014912-index.htm",
        "finalLink": "https://www.sec.gov/Archives/edgar/data/63276/000162828023014912/mat-20230331.htm"
    },
    {
        "date": "2022-12-31",
        "symbol": "MAT",
        "reportedCurrency": "USD",
        "cik": "0000063276",
        "fillingDate": "2023-02-22",
        "acceptedDate": "2023-02-21 20:23:09",
        "calendarYear": "2022",
        "period": "Q4",
        "revenue": 1401920000,
        "costOfRevenue": 799259000,
        "grossProfit": 602661000,
        "grossProfitRatio": 0.4298825896,
        "researchAndDevelopmentExpenses": 0,
        "generalAndAdministrativeExpenses": 280955000,
        "sellingAndMarketingExpenses": 242710000,
        "sellingGeneralAndAdministrativeExpenses": 523665000,
        "otherExpenses": 0,
        "operatingExpenses": 523665000,
        "costAndExpenses": 1322924000,
        "interestIncome": 4334000,
        "interestExpense": 33088000,
        "depreciationAndAmortization": 45425000,
        "ebitda": 92961000,
        "ebitdaratio": 0.0663097752,
        "operatingIncome": 78996000,
        "operatingIncomeRatio": 0.0563484364,
        "totalOtherIncomeExpensesNet": -57538000,
        "incomeBeforeTax": 21458000,
        "incomeBeforeTaxRatio": 0.0153061516,
        "incomeTaxExpense": 5321000,
        "netIncome": 16137000,
        "netIncomeRatio": 0.0115106425,
        "eps": 0.0455,
        "epsdiluted": 0.0448,
        "weightedAverageShsOut": 354900000,
        "weightedAverageShsOutDil": 359000000,
        "link": "https://www.sec.gov/Archives/edgar/data/63276/000162828023004416/0001628280-23-004416-index.htm",
        "finalLink": "https://www.sec.gov/Archives/edgar/data/63276/000162828023004416/mat-20221231.htm"
    },
    {
        "date": "2022-09-30",
        "symbol": "MAT",
        "reportedCurrency": "USD",
        "cik": "0000063276",
        "fillingDate": "2022-11-01",
        "acceptedDate": "2022-11-01 17:28:31",
        "calendarYear": "2022",
        "period": "Q3",
        "revenue": 1755780000,
        "costOfRevenue": 908902000,
        "grossProfit": 846878000,
        "grossProfitRatio": 0.4823371949,
        "researchAndDevelopmentExpenses": 0,
        "generalAndAdministrativeExpenses": 327906000,
        "sellingAndMarketingExpenses": 127600000,
        "sellingGeneralAndAdministrativeExpenses": 455506000,
        "otherExpenses": 0,
        "operatingExpenses": 455506000,
        "costAndExpenses": 1364408000,
        "interestIncome": 1903000,
        "interestExpense": 33870000,
        "depreciationAndAmortization": 46059000,
        "ebitda": 443627000,
        "ebitdaratio": 0.2526666211,
        "operatingIncome": 391372000,
        "operatingIncomeRatio": 0.2229049198,
        "totalOtherIncomeExpensesNet": -21455000,
        "incomeBeforeTax": 369917000,
        "incomeBeforeTaxRatio": 0.2106852795,
        "incomeTaxExpense": 80035000,
        "netIncome": 289882000,
        "netIncomeRatio": 0.1651015503,
        "eps": 0.82,
        "epsdiluted": 0.8,
        "weightedAverageShsOut": 354471000,
        "weightedAverageShsOutDil": 360229000,
        "link": "https://www.sec.gov/Archives/edgar/data/63276/000162828022027596/0001628280-22-027596-index.htm",
        "finalLink": "https://www.sec.gov/Archives/edgar/data/63276/000162828022027596/mat-20220930.htm"
    },
    {
        "date": "2022-06-30",
        "symbol": "MAT",
        "reportedCurrency": "USD",
        "cik": "0000063276",
        "fillingDate": "2022-08-09",
        "acceptedDate": "2022-08-09 14:36:41",
        "calendarYear": "2022",
        "period": "Q2",
        "revenue": 1235687000,
        "costOfRevenue": 686769000,
        "grossProfit": 548918000,
        "grossProfitRatio": 0.4442209071,
        "researchAndDevelopmentExpenses": 0,
        "generalAndAdministrativeExpenses": 333644000,
        "sellingAndMarketingExpenses": 90194000,
        "sellingGeneralAndAdministrativeExpenses": 423838000,
        "otherExpenses": 0,
        "operatingExpenses": 423838000,
        "costAndExpenses": 1110607000,
        "interestIncome": 1959000,
        "interestExpense": 32811000,
        "depreciationAndAmortization": 45482000,
        "ebitda": 165374000,
        "ebitdaratio": 0.1338316256,
        "operatingIncome": 125080000,
        "operatingIncomeRatio": 0.1012230443,
        "totalOtherIncomeExpensesNet": -32055000,
        "incomeBeforeTax": 93025000,
        "incomeBeforeTaxRatio": 0.0752820091,
        "incomeTaxExpense": 26585000,
        "netIncome": 66440000,
        "netIncomeRatio": 0.0537676612,
        "eps": 0.19,
        "epsdiluted": 0.18,
        "weightedAverageShsOut": 353457000,
        "weightedAverageShsOutDil": 359838000,
        "link": "https://www.sec.gov/Archives/edgar/data/63276/000162828022021851/0001628280-22-021851-index.htm",
        "finalLink": "https://www.sec.gov/Archives/edgar/data/63276/000162828022021851/mat-20220630.htm"
    },
    {
        "date": "2022-03-31",
        "symbol": "MAT",
        "reportedCurrency": "USD",
        "cik": "0000063276",
        "fillingDate": "2022-05-03",
        "acceptedDate": "2022-05-03 16:22:58",
        "calendarYear": "2022",
        "period": "Q1",
        "revenue": 1041301000,
        "costOfRevenue": 558406000,
        "grossProfit": 482895000,
        "grossProfitRatio": 0.463741992,
        "researchAndDevelopmentExpenses": 0,
        "generalAndAdministrativeExpenses": 329076000,
        "sellingAndMarketingExpenses": 73752000,
        "sellingGeneralAndAdministrativeExpenses": 402828000,
        "otherExpenses": 0,
        "operatingExpenses": 402828000,
        "costAndExpenses": 961234000,
        "interestIncome": 1202000,
        "interestExpense": 33049000,
        "depreciationAndAmortization": 45213000,
        "ebitda": 117370000,
        "ebitdaratio": 0.1127147674,
        "operatingIncome": 80067000,
        "operatingIncomeRatio": 0.0768913119,
        "totalOtherIncomeExpensesNet": -34703000,
        "incomeBeforeTax": 45364000,
        "incomeBeforeTaxRatio": 0.043564733,
        "incomeTaxExpense": 23910000,
        "netIncome": 21454000,
        "netIncomeRatio": 0.0206030725,
        "eps": 0.0609,
        "epsdiluted": 0.0598,
        "weightedAverageShsOut": 352215000,
        "weightedAverageShsOutDil": 359003000,
        "link": "https://www.sec.gov/Archives/edgar/data/63276/000162828022012002/0001628280-22-012002-index.htm",
        "finalLink": "https://www.sec.gov/Archives/edgar/data/63276/000162828022012002/mat-20220331.htm"
    },
    {
        "date": "2021-12-31",
        "symbol": "MAT",
        "reportedCurrency": "USD",
        "cik": "0000063276",
        "fillingDate": "2022-02-28",
        "acceptedDate": "2022-02-28 16:38:08",
        "calendarYear": "2021",
        "period": "Q4",
        "revenue": 1794890000,
        "costOfRevenue": 910609000,
        "grossProfit": 884281000,
        "grossProfitRatio": 0.4926658458,
        "researchAndDevelopmentExpenses": 0,
        "generalAndAdministrativeExpenses": 361205000,
        "sellingAndMarketingExpenses": 265600000,
        "sellingGeneralAndAdministrativeExpenses": 626805000,
        "otherExpenses": 0,
        "operatingExpenses": 626805000,
        "costAndExpenses": 1537414000,
        "interestIncome": 1347000,
        "interestExpense": 33248000,
        "depreciationAndAmortization": 46893000,
        "ebitda": 300699000,
        "ebitdaratio": 0.1675306008,
        "operatingIncome": 257476000,
        "operatingIncomeRatio": 0.1434494593,
        "totalOtherIncomeExpensesNet": -36219000,
        "incomeBeforeTax": 221257000,
        "incomeBeforeTaxRatio": 0.1232705068,
        "incomeTaxExpense": -4576000,
        "netIncome": 225833000,
        "netIncomeRatio": 0.1258199667,
        "eps": 0.64,
        "epsdiluted": 0.63,
        "weightedAverageShsOut": 351100000,
        "weightedAverageShsOutDil": 358100000,
        "link": "https://www.sec.gov/Archives/edgar/data/63276/000162828022004260/0001628280-22-004260-index.htm",
        "finalLink": "https://www.sec.gov/Archives/edgar/data/63276/000162828022004260/mat-20211231.htm"
    },
    {
        "date": "2021-09-30",
        "symbol": "MAT",
        "reportedCurrency": "USD",
        "cik": "0000063276",
        "fillingDate": "2021-11-04",
        "acceptedDate": "2021-11-04 16:10:21",
        "calendarYear": "2021",
        "period": "Q3",
        "revenue": 1762293000,
        "costOfRevenue": 919754000,
        "grossProfit": 842539000,
        "grossProfitRatio": 0.4780924625,
        "researchAndDevelopmentExpenses": 0,
        "generalAndAdministrativeExpenses": 335815000,
        "sellingAndMarketingExpenses": 117650000,
        "sellingGeneralAndAdministrativeExpenses": 453465000,
        "otherExpenses": 0,
        "operatingExpenses": 453465000,
        "costAndExpenses": 1373219000,
        "interestIncome": 753000,
        "interestExpense": 52062000,
        "depreciationAndAmortization": 45635000,
        "ebitda": 431561000,
        "ebitdaratio": 0.2448860661,
        "operatingIncome": 389074000,
        "operatingIncomeRatio": 0.2207771352,
        "totalOtherIncomeExpensesNet": -50752000,
        "incomeBeforeTax": 338322000,
        "incomeBeforeTaxRatio": 0.1919782919,
        "incomeTaxExpense": -456754000,
        "netIncome": 795076000,
        "netIncomeRatio": 0.4511599376,
        "eps": 2.27,
        "epsdiluted": 2.24,
        "weightedAverageShsOut": 350424000,
        "weightedAverageShsOutDil": 354178000,
        "link": "https://www.sec.gov/Archives/edgar/data/63276/000162828021021762/0001628280-21-021762-index.htm",
        "finalLink": "https://www.sec.gov/Archives/edgar/data/63276/000162828021021762/mat-20210930.htm"
    },
    {
        "date": "2021-06-30",
        "symbol": "MAT",
        "reportedCurrency": "USD",
        "cik": "0000063276",
        "fillingDate": "2021-08-09",
        "acceptedDate": "2021-08-09 08:15:59",
        "calendarYear": "2021",
        "period": "Q2",
        "revenue": 1026366000,
        "costOfRevenue": 538361000,
        "grossProfit": 488005000,
        "grossProfitRatio": 0.4754687899,
        "researchAndDevelopmentExpenses": 0,
        "generalAndAdministrativeExpenses": 350537000,
        "sellingAndMarketingExpenses": 88328000,
        "sellingGeneralAndAdministrativeExpenses": 438865000,
        "otherExpenses": 0,
        "operatingExpenses": 438865000,
        "costAndExpenses": 977226000,
        "interestIncome": 584000,
        "interestExpense": 38144000,
        "depreciationAndAmortization": 45738000,
        "ebitda": 94929000,
        "ebitdaratio": 0.0924903982,
        "operatingIncome": 49140000,
        "operatingIncomeRatio": 0.0478776577,
        "totalOtherIncomeExpensesNet": -34033000,
        "incomeBeforeTax": 15107000,
        "incomeBeforeTaxRatio": 0.0147189209,
        "incomeTaxExpense": 20644000,
        "netIncome": -5537000,
        "netIncomeRatio": -0.0053947617,
        "eps": -0.0157,
        "epsdiluted": -0.0157,
        "weightedAverageShsOut": 349441000,
        "weightedAverageShsOutDil": 349441000,
        "link": "https://www.sec.gov/Archives/edgar/data/63276/000162828021016137/0001628280-21-016137-index.htm",
        "finalLink": "https://www.sec.gov/Archives/edgar/data/63276/000162828021016137/mat-20210630.htm"
    },
    {
        "date": "2021-03-31",
        "symbol": "MAT",
        "reportedCurrency": "USD",
        "cik": "0000063276",
        "fillingDate": "2021-04-29",
        "acceptedDate": "2021-04-29 16:43:34",
        "calendarYear": "2021",
        "period": "Q1",
        "revenue": 874192000,
        "costOfRevenue": 462355000,
        "grossProfit": 411837000,
        "grossProfitRatio": 0.4711058898,
        "researchAndDevelopmentExpenses": 0,
        "generalAndAdministrativeExpenses": 303870000,
        "sellingAndMarketingExpenses": 74096000,
        "sellingGeneralAndAdministrativeExpenses": 377966000,
        "otherExpenses": 0,
        "operatingExpenses": 377966000,
        "costAndExpenses": 840321000,
        "interestIncome": 820000,
        "interestExpense": 130482000,
        "depreciationAndAmortization": 46047000,
        "ebitda": 81824000,
        "ebitdaratio": 0.0935995754,
        "operatingIncome": 33871000,
        "operatingIncomeRatio": 0.038745493,
        "totalOtherIncomeExpensesNet": -125951000,
        "incomeBeforeTax": -92080000,
        "incomeBeforeTaxRatio": -0.1053315519,
        "incomeTaxExpense": 20305000,
        "netIncome": -112385000,
        "netIncomeRatio": -0.1285587148,
        "eps": -0.33,
        "epsdiluted": -0.33,
        "weightedAverageShsOut": 349041000,
        "weightedAverageShsOutDil": 349041000,
        "link": "https://www.sec.gov/Archives/edgar/data/63276/000162828021008222/0001628280-21-008222-index.htm",
        "finalLink": "https://www.sec.gov/Archives/edgar/data/63276/000162828021008222/mat-20210331.htm"
    },
    {
        "date": "2020-12-31",
        "symbol": "MAT",
        "reportedCurrency": "USD",
        "cik": "0000063276",
        "fillingDate": "2021-02-25",
        "acceptedDate": "2021-02-25 10:59:12",
        "calendarYear": "2020",
        "period": "Q4",
        "revenue": 1625764000,
        "costOfRevenue": 784483000,
        "grossProfit": 841281000,
        "grossProfitRatio": 0.517468095,
        "researchAndDevelopmentExpenses": 0,
        "generalAndAdministrativeExpenses": 361336000,
        "sellingAndMarketingExpenses": 286822000,
        "sellingGeneralAndAdministrativeExpenses": 648158000,
        "otherExpenses": 0,
        "operatingExpenses": 648158000,
        "costAndExpenses": 1432641000,
        "interestIncome": 381000,
        "interestExpense": 49322000,
        "depreciationAndAmortization": 43913000,
        "ebitda": 241737000,
        "ebitdaratio": 0.148691323,
        "operatingIncome": 193123000,
        "operatingIncomeRatio": 0.1187890739,
        "totalOtherIncomeExpensesNet": -40294000,
        "incomeBeforeTax": 152829000,
        "incomeBeforeTaxRatio": 0.0940044188,
        "incomeTaxExpense": 18738000,
        "netIncome": 134091000,
        "netIncomeRatio": 0.0824787608,
        "eps": 0.37999999999999995,
        "epsdiluted": 0.37999999999999995,
        "weightedAverageShsOut": 347463000,
        "weightedAverageShsOutDil": 349116000,
        "link": null,
        "finalLink": null
    },
    {
        "date": "2020-09-30",
        "symbol": "MAT",
        "reportedCurrency": "USD",
        "cik": "0000063276",
        "fillingDate": "2020-11-03",
        "acceptedDate": "2020-11-03 16:08:32",
        "calendarYear": "2020",
        "period": "Q3",
        "revenue": 1636464000,
        "costOfRevenue": 808736000,
        "grossProfit": 827728000,
        "grossProfitRatio": 0.5058027552,
        "researchAndDevelopmentExpenses": 0,
        "generalAndAdministrativeExpenses": 345700000,
        "sellingAndMarketingExpenses": 102527000,
        "sellingGeneralAndAdministrativeExpenses": 448227000,
        "otherExpenses": 0,
        "operatingExpenses": 448227000,
        "costAndExpenses": 1256963000,
        "interestIncome": 455000,
        "interestExpense": 50415000,
        "depreciationAndAmortization": 47902000,
        "ebitda": 426531000,
        "ebitdaratio": 0.2606418473,
        "operatingIncome": 379501000,
        "operatingIncomeRatio": 0.2319030544,
        "totalOtherIncomeExpensesNet": -46083000,
        "incomeBeforeTax": 333418000,
        "incomeBeforeTaxRatio": 0.2037429482,
        "incomeTaxExpense": 22080000,
        "netIncome": 311338000,
        "netIncomeRatio": 0.1902504424,
        "eps": 0.9,
        "epsdiluted": 0.89,
        "weightedAverageShsOut": 347628000,
        "weightedAverageShsOutDil": 348714000,
        "link": "https://www.sec.gov/Archives/edgar/data/63276/000162828020015358/0001628280-20-015358-index.htm",
        "finalLink": "https://www.sec.gov/Archives/edgar/data/63276/000162828020015358/mat-20200930.htm"
    },
    {
        "date": "2020-06-30",
        "symbol": "MAT",
        "reportedCurrency": "USD",
        "cik": "0000063276",
        "fillingDate": "2020-08-10",
        "acceptedDate": "2020-08-10 16:08:42",
        "calendarYear": "2020",
        "period": "Q2",
        "revenue": 732136000,
        "costOfRevenue": 413225000,
        "grossProfit": 318911000,
        "grossProfitRatio": 0.4355898358,
        "researchAndDevelopmentExpenses": 0,
        "generalAndAdministrativeExpenses": 306817000,
        "sellingAndMarketingExpenses": 60172000,
        "sellingGeneralAndAdministrativeExpenses": 366989000,
        "otherExpenses": 0,
        "operatingExpenses": 366989000,
        "costAndExpenses": 780214000,
        "interestIncome": 1025000,
        "interestExpense": 49615000,
        "depreciationAndAmortization": 48017000,
        "ebitda": -1698000,
        "ebitdaratio": -0.0023192412,
        "operatingIncome": -48078000,
        "operatingIncomeRatio": -0.0656681272,
        "totalOtherIncomeExpensesNet": -50192000,
        "incomeBeforeTax": -98270000,
        "incomeBeforeTaxRatio": -0.1342236961,
        "incomeTaxExpense": 12839000,
        "netIncome": -111109000,
        "netIncomeRatio": -0.1517600555,
        "eps": -0.31,
        "epsdiluted": -0.31,
        "weightedAverageShsOut": 346875000,
        "weightedAverageShsOutDil": 346875000,
        "link": "https://www.sec.gov/Archives/edgar/data/63276/000162828020012331/0001628280-20-012331-index.htm",
        "finalLink": "https://www.sec.gov/Archives/edgar/data/63276/000162828020012331/mat-20200630.htm"
    },
    {
        "date": "2020-03-31",
        "symbol": "MAT",
        "reportedCurrency": "USD",
        "cik": "0000063276",
        "fillingDate": "2020-05-06",
        "acceptedDate": "2020-05-05 19:48:35",
        "calendarYear": "2020",
        "period": "Q1",
        "revenue": 594069000,
        "costOfRevenue": 338886000,
        "grossProfit": 255183000,
        "grossProfitRatio": 0.4295511127,
        "researchAndDevelopmentExpenses": 0,
        "generalAndAdministrativeExpenses": 328711000,
        "sellingAndMarketingExpenses": 76282000,
        "sellingGeneralAndAdministrativeExpenses": 404993000,
        "otherExpenses": 0,
        "operatingExpenses": 404993000,
        "costAndExpenses": 743879000,
        "interestIncome": 2084000,
        "interestExpense": 48980000,
        "depreciationAndAmortization": 53619000,
        "ebitda": -97130000,
        "ebitdaratio": -0.1634995261,
        "operatingIncome": -149810000,
        "operatingIncomeRatio": -0.252176094,
        "totalOtherIncomeExpensesNet": -49039000,
        "incomeBeforeTax": -198849000,
        "incomeBeforeTaxRatio": -0.3347237442,
        "incomeTaxExpense": 11892000,
        "netIncome": -210741000,
        "netIncomeRatio": -0.3547416209,
        "eps": -0.61,
        "epsdiluted": -0.61,
        "weightedAverageShsOut": 346681295,
        "weightedAverageShsOutDil": 346867000,
        "link": "https://www.sec.gov/Archives/edgar/data/63276/000162828020006508/0001628280-20-006508-index.htm",
        "finalLink": "https://www.sec.gov/Archives/edgar/data/63276/000162828020006508/mat3312010-q.htm"
    },
    {
        "date": "2019-12-31",
        "symbol": "MAT",
        "reportedCurrency": "USD",
        "cik": "0000063276",
        "fillingDate": "2020-02-25",
        "acceptedDate": "2020-02-25 16:11:32",
        "calendarYear": "2019",
        "period": "Q4",
        "revenue": 1473705000,
        "costOfRevenue": 760527000,
        "grossProfit": 713178000,
        "grossProfitRatio": 0.4839353873,
        "researchAndDevelopmentExpenses": 0,
        "generalAndAdministrativeExpenses": 418414000,
        "sellingAndMarketingExpenses": 227184000,
        "sellingGeneralAndAdministrativeExpenses": 645598000,
        "otherExpenses": 0,
        "operatingExpenses": 645598000,
        "costAndExpenses": 1406125000,
        "interestIncome": 1541000,
        "interestExpense": 60163000,
        "depreciationAndAmortization": 58104000,
        "ebitda": 127449000,
        "ebitdaratio": 0.08648203,
        "operatingIncome": 67580000,
        "operatingIncomeRatio": 0.0458572102,
        "totalOtherIncomeExpensesNet": -58398000,
        "incomeBeforeTax": 9182000,
        "incomeBeforeTaxRatio": 0.006230555,
        "incomeTaxExpense": 9007000,
        "netIncome": 175000,
        "netIncomeRatio": 0.0001187483,
        "eps": 0.0005,
        "epsdiluted": 0.0006,
        "weightedAverageShsOut": 346700000,
        "weightedAverageShsOutDil": 348300000,
        "link": "https://www.sec.gov/Archives/edgar/data/63276/000162828020002192/0001628280-20-002192-index.htm",
        "finalLink": "https://www.sec.gov/Archives/edgar/data/63276/000162828020002192/mat1231201910-k.htm"
    },
    {
        "date": "2019-09-30",
        "symbol": "MAT",
        "reportedCurrency": "USD",
        "cik": "0000063276",
        "fillingDate": "2019-11-12",
        "acceptedDate": "2019-11-12 16:26:03",
        "calendarYear": "2019",
        "period": "Q3",
        "revenue": 1481557000,
        "costOfRevenue": 795130000,
        "grossProfit": 686427000,
        "grossProfitRatio": 0.4633146075,
        "researchAndDevelopmentExpenses": 0,
        "generalAndAdministrativeExpenses": 365961000,
        "sellingAndMarketingExpenses": 170379000,
        "sellingGeneralAndAdministrativeExpenses": 536340000,
        "otherExpenses": 0,
        "operatingExpenses": 536340000,
        "costAndExpenses": 1331470000,
        "interestIncome": 821000,
        "interestExpense": 47689000,
        "depreciationAndAmortization": 62496000,
        "ebitda": 212140000,
        "ebitdaratio": 0.143187201,
        "operatingIncome": 150087000,
        "operatingIncomeRatio": 0.1013035611,
        "totalOtherIncomeExpensesNet": -48132000,
        "incomeBeforeTax": 101955000,
        "incomeBeforeTaxRatio": 0.0688161171,
        "incomeTaxExpense": 31359000,
        "netIncome": 70596000,
        "netIncomeRatio": 0.047649871,
        "eps": 0.2,
        "epsdiluted": 0.2,
        "weightedAverageShsOut": 346698000,
        "weightedAverageShsOutDil": 348487000,
        "link": "https://www.sec.gov/Archives/edgar/data/63276/000162828019013987/0001628280-19-013987-index.htm",
        "finalLink": "https://www.sec.gov/Archives/edgar/data/63276/000162828019013987/mat9301910-q.htm"
    },
    {
        "date": "2019-06-30",
        "symbol": "MAT",
        "reportedCurrency": "USD",
        "cik": "0000063276",
        "fillingDate": "2019-07-26",
        "acceptedDate": "2019-07-25 18:49:38",
        "calendarYear": "2019",
        "period": "Q2",
        "revenue": 860063000,
        "costOfRevenue": 518679000,
        "grossProfit": 341384000,
        "grossProfitRatio": 0.3969290622,
        "researchAndDevelopmentExpenses": 0,
        "generalAndAdministrativeExpenses": 308311000,
        "sellingAndMarketingExpenses": 84489000,
        "sellingGeneralAndAdministrativeExpenses": 392800000,
        "otherExpenses": 0,
        "operatingExpenses": 392800000,
        "costAndExpenses": 911479000,
        "interestIncome": 1532000,
        "interestExpense": 46234000,
        "depreciationAndAmortization": 61418000,
        "ebitda": 11828000,
        "ebitdaratio": 0.0137524809,
        "operatingIncome": -51416000,
        "operatingIncomeRatio": -0.0597816672,
        "totalOtherIncomeExpensesNet": -44408000,
        "incomeBeforeTax": -95824000,
        "incomeBeforeTaxRatio": -0.111415094,
        "incomeTaxExpense": 12163000,
        "netIncome": -107987000,
        "netIncomeRatio": -0.1255570813,
        "eps": -0.31,
        "epsdiluted": -0.31,
        "weightedAverageShsOut": 345941000,
        "weightedAverageShsOutDil": 345941000,
        "link": "https://www.sec.gov/Archives/edgar/data/63276/000162828019009058/0001628280-19-009058-index.htm",
        "finalLink": "https://www.sec.gov/Archives/edgar/data/63276/000162828019009058/mat6301910-q.htm"
    },
    {
        "date": "2019-03-31",
        "symbol": "MAT",
        "reportedCurrency": "USD",
        "cik": "0000063276",
        "fillingDate": "2019-04-26",
        "acceptedDate": "2019-04-25 18:19:06",
        "calendarYear": "2019",
        "period": "Q1",
        "revenue": 689246000,
        "costOfRevenue": 449456000,
        "grossProfit": 239790000,
        "grossProfitRatio": 0.3479019102,
        "researchAndDevelopmentExpenses": 0,
        "generalAndAdministrativeExpenses": 297336000,
        "sellingAndMarketingExpenses": 69465000,
        "sellingGeneralAndAdministrativeExpenses": 366801000,
        "otherExpenses": 0,
        "operatingExpenses": 366801000,
        "costAndExpenses": 816257000,
        "interestIncome": 2272000,
        "interestExpense": 46958000,
        "depreciationAndAmortization": 62500000,
        "ebitda": -64143000,
        "ebitdaratio": -0.093062564,
        "operatingIncome": -127011000,
        "operatingIncomeRatio": -0.1842752805,
        "totalOtherIncomeExpensesNet": -46590000,
        "incomeBeforeTax": -173601000,
        "incomeBeforeTaxRatio": -0.251870885,
        "incomeTaxExpense": 2695000,
        "netIncome": -176296000,
        "netIncomeRatio": -0.2557809548,
        "eps": -0.53,
        "epsdiluted": -0.53,
        "weightedAverageShsOut": 345678431,
        "weightedAverageShsOutDil": 345852000,
        "link": "https://www.sec.gov/Archives/edgar/data/63276/000162828019004744/0001628280-19-004744-index.htm",
        "finalLink": "https://www.sec.gov/Archives/edgar/data/63276/000162828019004744/mat3311910-q.htm"
    },
    {
        "date": "2018-12-31",
        "symbol": "MAT",
        "reportedCurrency": "USD",
        "cik": "0000063276",
        "fillingDate": "2019-02-22",
        "acceptedDate": "2019-02-22 14:00:07",
        "calendarYear": "2018",
        "period": "Q4",
        "revenue": 1524281000,
        "costOfRevenue": 814687000,
        "grossProfit": 709594000,
        "grossProfitRatio": 0.4655270255,
        "researchAndDevelopmentExpenses": 0,
        "generalAndAdministrativeExpenses": 394305000,
        "sellingAndMarketingExpenses": 207898000,
        "sellingGeneralAndAdministrativeExpenses": 602203000,
        "otherExpenses": 0,
        "operatingExpenses": 602203000,
        "costAndExpenses": 1416890000,
        "interestIncome": 832000,
        "interestExpense": 49184000,
        "depreciationAndAmortization": 62390000,
        "ebitda": 167648000,
        "ebitdaratio": 0.10998497,
        "operatingIncome": 107391000,
        "operatingIncomeRatio": 0.070453545,
        "totalOtherIncomeExpensesNet": -51317000,
        "incomeBeforeTax": 56074000,
        "incomeBeforeTaxRatio": 0.0367871803,
        "incomeTaxExpense": 41161000,
        "netIncome": 14913000,
        "netIncomeRatio": 0.0097836291,
        "eps": 0.0279,
        "epsdiluted": 0.0279,
        "weightedAverageShsOut": 345700000,
        "weightedAverageShsOutDil": 345800000,
        "link": "https://www.sec.gov/Archives/edgar/data/63276/000162828019001744/0001628280-19-001744-index.htm",
        "finalLink": "https://www.sec.gov/Archives/edgar/data/63276/000162828019001744/mat1231201810-k.htm"
    },
    {
        "date": "2018-09-30",
        "symbol": "MAT",
        "reportedCurrency": "USD",
        "cik": "0000063276",
        "fillingDate": "2018-10-25",
        "acceptedDate": "2018-10-25 16:08:14",
        "calendarYear": "2018",
        "period": "Q3",
        "revenue": 1437451000,
        "costOfRevenue": 824395000,
        "grossProfit": 613056000,
        "grossProfitRatio": 0.4264882768,
        "researchAndDevelopmentExpenses": 0,
        "generalAndAdministrativeExpenses": 325874000,
        "sellingAndMarketingExpenses": 165308000,
        "sellingGeneralAndAdministrativeExpenses": 491182000,
        "otherExpenses": 0,
        "operatingExpenses": 491182000,
        "costAndExpenses": 1315577000,
        "interestIncome": 785000,
        "interestExpense": 48156000,
        "depreciationAndAmortization": 72372000,
        "ebitda": 193120000,
        "ebitdaratio": 0.1343489274,
        "operatingIncome": 121874000,
        "operatingIncomeRatio": 0.0847848031,
        "totalOtherIncomeExpensesNet": -49282000,
        "incomeBeforeTax": 72592000,
        "incomeBeforeTaxRatio": 0.050500504,
        "incomeTaxExpense": 66314000,
        "netIncome": 6278000,
        "netIncomeRatio": 0.0043674532,
        "eps": 0.0182,
        "epsdiluted": 0.0182,
        "weightedAverageShsOut": 345285000,
        "weightedAverageShsOutDil": 345672000,
        "link": "https://www.sec.gov/Archives/edgar/data/63276/000162828018012921/0001628280-18-012921-index.htm",
        "finalLink": "https://www.sec.gov/Archives/edgar/data/63276/000162828018012921/mat9301810-q.htm"
    },
    {
        "date": "2018-06-30",
        "symbol": "MAT",
        "reportedCurrency": "USD",
        "cik": "0000063276",
        "fillingDate": "2018-07-25",
        "acceptedDate": "2018-07-25 16:08:11",
        "calendarYear": "2018",
        "period": "Q2",
        "revenue": 840748000,
        "costOfRevenue": 587546000,
        "grossProfit": 253202000,
        "grossProfitRatio": 0.3011627741,
        "researchAndDevelopmentExpenses": 0,
        "generalAndAdministrativeExpenses": 360000000,
        "sellingAndMarketingExpenses": 82393000,
        "sellingGeneralAndAdministrativeExpenses": 442393000,
        "otherExpenses": 0,
        "operatingExpenses": 442393000,
        "costAndExpenses": 1029939000,
        "interestIncome": 1699000,
        "interestExpense": 43467000,
        "depreciationAndAmortization": 68433000,
        "ebitda": -122122000,
        "ebitdaratio": -0.1452539881,
        "operatingIncome": -189191000,
        "operatingIncomeRatio": -0.2250269998,
        "totalOtherIncomeExpensesNet": -44831000,
        "incomeBeforeTax": -234022000,
        "incomeBeforeTaxRatio": -0.2783497552,
        "incomeTaxExpense": 6909000,
        "netIncome": -240931000,
        "netIncomeRatio": -0.2865674376,
        "eps": -0.7,
        "epsdiluted": -0.7,
        "weightedAverageShsOut": 344234335,
        "weightedAverageShsOutDil": 344584000,
        "link": "https://www.sec.gov/Archives/edgar/data/63276/000162828018009592/0001628280-18-009592-index.htm",
        "finalLink": "https://www.sec.gov/Archives/edgar/data/63276/000162828018009592/mat6301810-q.htm"
    },
    {
        "date": "2018-03-31",
        "symbol": "MAT",
        "reportedCurrency": "USD",
        "cik": "0000063276",
        "fillingDate": "2018-04-26",
        "acceptedDate": "2018-04-26 16:12:24",
        "calendarYear": "2018",
        "period": "Q1",
        "revenue": 708372000,
        "costOfRevenue": 489499000,
        "grossProfit": 218873000,
        "grossProfitRatio": 0.3089803098,
        "researchAndDevelopmentExpenses": 0,
        "generalAndAdministrativeExpenses": 424617000,
        "sellingAndMarketingExpenses": 70837000,
        "sellingGeneralAndAdministrativeExpenses": 495454000,
        "otherExpenses": 0,
        "operatingExpenses": 495454000,
        "costAndExpenses": 984953000,
        "interestIncome": 3147000,
        "interestExpense": 41079000,
        "depreciationAndAmortization": 68737000,
        "ebitda": -204089000,
        "ebitdaratio": -0.2881099196,
        "operatingIncome": -276581000,
        "operatingIncomeRatio": -0.3904459804,
        "totalOtherIncomeExpensesNet": -37324000,
        "incomeBeforeTax": -313905000,
        "incomeBeforeTaxRatio": -0.44313581,
        "incomeTaxExpense": -2652000,
        "netIncome": -311253000,
        "netIncomeRatio": -0.4393920144,
        "eps": -0.9,
        "epsdiluted": -0.9,
        "weightedAverageShsOut": 344400000,
        "weightedAverageShsOutDil": 344400000,
        "link": "https://www.sec.gov/Archives/edgar/data/63276/000162828018005116/0001628280-18-005116-index.htm",
        "finalLink": "https://www.sec.gov/Archives/edgar/data/63276/000162828018005116/mat3311810-q.htm"
    },
    {
        "date": "2017-12-31",
        "symbol": "MAT",
        "reportedCurrency": "USD",
        "cik": "0000063276",
        "fillingDate": "2018-02-27",
        "acceptedDate": "2018-02-27 13:03:22",
        "calendarYear": "2017",
        "period": "Q4",
        "revenue": 1610873000,
        "costOfRevenue": 1115736000,
        "grossProfit": 495137000,
        "grossProfitRatio": 0.3073718412,
        "researchAndDevelopmentExpenses": 0,
        "generalAndAdministrativeExpenses": 454423000,
        "sellingAndMarketingExpenses": 293534000,
        "sellingGeneralAndAdministrativeExpenses": 747957000,
        "otherExpenses": 0,
        "operatingExpenses": 747957000,
        "costAndExpenses": 1863693000,
        "interestIncome": 1440000,
        "interestExpense": 36657000,
        "depreciationAndAmortization": 78672000,
        "ebitda": -231507000,
        "ebitdaratio": -0.1437152401,
        "operatingIncome": -252820000,
        "operatingIncomeRatio": -0.1569459542,
        "totalOtherIncomeExpensesNet": -94016000,
        "incomeBeforeTax": -346836000,
        "incomeBeforeTaxRatio": -0.2153093385,
        "incomeTaxExpense": -65553000,
        "netIncome": -281283000,
        "netIncomeRatio": -0.1746152552,
        "eps": -0.82,
        "epsdiluted": -0.82,
        "weightedAverageShsOut": 344079331,
        "weightedAverageShsOutDil": 344300000,
        "link": "https://www.sec.gov/Archives/edgar/data/63276/000162828018002322/0001628280-18-002322-index.htm",
        "finalLink": "https://www.sec.gov/Archives/edgar/data/63276/000162828018002322/mat1231201710-k.htm"
    },
    {
        "date": "2017-09-30",
        "symbol": "MAT",
        "reportedCurrency": "USD",
        "cik": "0000063276",
        "fillingDate": "2017-10-26",
        "acceptedDate": "2017-10-26 16:08:35",
        "calendarYear": "2017",
        "period": "Q3",
        "revenue": 1560983000,
        "costOfRevenue": 913834000,
        "grossProfit": 647149000,
        "grossProfitRatio": 0.4145778654,
        "researchAndDevelopmentExpenses": 0,
        "generalAndAdministrativeExpenses": 381214000,
        "sellingAndMarketingExpenses": 179691000,
        "sellingGeneralAndAdministrativeExpenses": 560905000,
        "otherExpenses": 0,
        "operatingExpenses": 560905000,
        "costAndExpenses": 1474739000,
        "interestIncome": 1575000,
        "interestExpense": 24646000,
        "depreciationAndAmortization": 67172000,
        "ebitda": 153081000,
        "ebitdaratio": 0.0980670513,
        "operatingIncome": 86244000,
        "operatingIncomeRatio": 0.0552498009,
        "totalOtherIncomeExpensesNet": -24981000,
        "incomeBeforeTax": 61263000,
        "incomeBeforeTaxRatio": 0.0392464236,
        "incomeTaxExpense": 664510000,
        "netIncome": -603247000,
        "netIncomeRatio": -0.3864532798,
        "eps": -1.75,
        "epsdiluted": -1.75,
        "weightedAverageShsOut": 343870000,
        "weightedAverageShsOutDil": 343870000,
        "link": "https://www.sec.gov/Archives/edgar/data/63276/000162828017010230/0001628280-17-010230-index.htm",
        "finalLink": "https://www.sec.gov/Archives/edgar/data/63276/000162828017010230/mat9301710-q.htm"
    },
    {
        "date": "2017-06-30",
        "symbol": "MAT",
        "reportedCurrency": "USD",
        "cik": "0000063276",
        "fillingDate": "2017-08-02",
        "acceptedDate": "2017-08-02 12:29:40",
        "calendarYear": "2017",
        "period": "Q2",
        "revenue": 974477000,
        "costOfRevenue": 574712000,
        "grossProfit": 399765000,
        "grossProfitRatio": 0.4102354391,
        "researchAndDevelopmentExpenses": 0,
        "generalAndAdministrativeExpenses": 353296000,
        "sellingAndMarketingExpenses": 95499000,
        "sellingGeneralAndAdministrativeExpenses": 448795000,
        "otherExpenses": 0,
        "operatingExpenses": 448795000,
        "costAndExpenses": 1023507000,
        "interestIncome": 2296000,
        "interestExpense": 21881000,
        "depreciationAndAmortization": 64372000,
        "ebitda": 12510000,
        "ebitdaratio": 0.0128376555,
        "operatingIncome": -49030000,
        "operatingIncomeRatio": -0.0503141685,
        "totalOtherIncomeExpensesNet": -24713000,
        "incomeBeforeTax": -73743000,
        "incomeBeforeTaxRatio": -0.0756744387,
        "incomeTaxExpense": -17668000,
        "netIncome": -56075000,
        "netIncomeRatio": -0.0575436875,
        "eps": -0.16,
        "epsdiluted": -0.16,
        "weightedAverageShsOut": 343100000,
        "weightedAverageShsOutDil": 343100000,
        "link": "https://www.sec.gov/Archives/edgar/data/63276/000162828017007840/0001628280-17-007840-index.htm",
        "finalLink": "https://www.sec.gov/Archives/edgar/data/63276/000162828017007840/mat6301710-q.htm"
    },
    {
        "date": "2017-03-31",
        "symbol": "MAT",
        "reportedCurrency": "USD",
        "cik": "0000063276",
        "fillingDate": "2017-04-27",
        "acceptedDate": "2017-04-27 14:56:44",
        "calendarYear": "2017",
        "period": "Q1",
        "revenue": 735618000,
        "costOfRevenue": 456840000,
        "grossProfit": 278778000,
        "grossProfitRatio": 0.3789711508,
        "researchAndDevelopmentExpenses": 0,
        "generalAndAdministrativeExpenses": 330829000,
        "sellingAndMarketingExpenses": 73562000,
        "sellingGeneralAndAdministrativeExpenses": 404391000,
        "otherExpenses": 0,
        "operatingExpenses": 404391000,
        "costAndExpenses": 861231000,
        "interestIncome": 2466000,
        "interestExpense": 22030000,
        "depreciationAndAmortization": 64551000,
        "ebitda": -59090000,
        "ebitdaratio": -0.0803270176,
        "operatingIncome": -125613000,
        "operatingIncomeRatio": -0.1707584643,
        "totalOtherIncomeExpensesNet": -20058000,
        "incomeBeforeTax": -145671000,
        "incomeBeforeTaxRatio": -0.1980253338,
        "incomeTaxExpense": -32440000,
        "netIncome": -113231000,
        "netIncomeRatio": -0.1539263585,
        "eps": -0.33,
        "epsdiluted": -0.33,
        "weightedAverageShsOut": 342900000,
        "weightedAverageShsOutDil": 342900000,
        "link": "https://www.sec.gov/Archives/edgar/data/63276/000162828017004404/0001628280-17-004404-index.htm",
        "finalLink": "https://www.sec.gov/Archives/edgar/data/63276/000162828017004404/mat3311710-q.htm"
    },
    {
        "date": "2016-12-31",
        "symbol": "MAT",
        "reportedCurrency": "USD",
        "cik": "0000063276",
        "fillingDate": "2017-02-23",
        "acceptedDate": "2017-02-23 15:28:59",
        "calendarYear": "2016",
        "period": "Q4",
        "revenue": 1834400000,
        "costOfRevenue": 973012000,
        "grossProfit": 861388000,
        "grossProfitRatio": 0.4695747928,
        "researchAndDevelopmentExpenses": 0,
        "generalAndAdministrativeExpenses": 348412000,
        "sellingAndMarketingExpenses": 250333000,
        "sellingGeneralAndAdministrativeExpenses": 598745000,
        "otherExpenses": 0,
        "operatingExpenses": 598745000,
        "costAndExpenses": 1571757000,
        "interestIncome": 1594000,
        "interestExpense": 24985000,
        "depreciationAndAmortization": 64824000,
        "ebitda": 328754000,
        "ebitdaratio": 0.1792160925,
        "operatingIncome": 262643000,
        "operatingIncomeRatio": 0.1431765155,
        "totalOtherIncomeExpensesNet": -23698000,
        "incomeBeforeTax": 238945000,
        "incomeBeforeTaxRatio": 0.13025785,
        "incomeTaxExpense": 65100000,
        "netIncome": 173845000,
        "netIncomeRatio": 0.0947694069,
        "eps": 0.51,
        "epsdiluted": 0.5,
        "weightedAverageShsOut": 342700000,
        "weightedAverageShsOutDil": 345000000,
        "link": "https://www.sec.gov/Archives/edgar/data/63276/000162828017001638/0001628280-17-001638-index.htm",
        "finalLink": "https://www.sec.gov/Archives/edgar/data/63276/000162828017001638/mat1231201610-k.htm"
    },
    {
        "date": "2016-09-30",
        "symbol": "MAT",
        "reportedCurrency": "USD",
        "cik": "0000063276",
        "fillingDate": "2016-10-27",
        "acceptedDate": "2016-10-27 16:32:23",
        "calendarYear": "2016",
        "period": "Q3",
        "revenue": 1795575000,
        "costOfRevenue": 924810000,
        "grossProfit": 870765000,
        "grossProfitRatio": 0.4849505033,
        "researchAndDevelopmentExpenses": 0,
        "generalAndAdministrativeExpenses": 350469000,
        "sellingAndMarketingExpenses": 202900000,
        "sellingGeneralAndAdministrativeExpenses": 553369000,
        "otherExpenses": 0,
        "operatingExpenses": 553369000,
        "costAndExpenses": 1478179000,
        "interestIncome": 2477000,
        "interestExpense": 24989000,
        "depreciationAndAmortization": 65238000,
        "ebitda": 384255000,
        "ebitdaratio": 0.214001086,
        "operatingIncome": 317396000,
        "operatingIncomeRatio": 0.17676566,
        "totalOtherIncomeExpensesNet": -23368000,
        "incomeBeforeTax": 294028000,
        "incomeBeforeTaxRatio": 0.1637514445,
        "incomeTaxExpense": 57778000,
        "netIncome": 236250000,
        "netIncomeRatio": 0.1315734514,
        "eps": 0.69,
        "epsdiluted": 0.68,
        "weightedAverageShsOut": 342000000,
        "weightedAverageShsOutDil": 344200000,
        "link": "https://www.sec.gov/Archives/edgar/data/63276/000162828016020388/0001628280-16-020388-index.htm",
        "finalLink": "https://www.sec.gov/Archives/edgar/data/63276/000162828016020388/mat9301610-q.htm"
    },
    {
        "date": "2016-06-30",
        "symbol": "MAT",
        "reportedCurrency": "USD",
        "cik": "0000063276",
        "fillingDate": "2016-07-28",
        "acceptedDate": "2016-07-28 14:25:08",
        "calendarYear": "2016",
        "period": "Q2",
        "revenue": 957276000,
        "costOfRevenue": 523709000,
        "grossProfit": 433567000,
        "grossProfitRatio": 0.4529174449,
        "researchAndDevelopmentExpenses": 0,
        "generalAndAdministrativeExpenses": 350456000,
        "sellingAndMarketingExpenses": 94771000,
        "sellingGeneralAndAdministrativeExpenses": 445227000,
        "otherExpenses": 0,
        "operatingExpenses": 445227000,
        "costAndExpenses": 968936000,
        "interestIncome": 2713000,
        "interestExpense": 22624000,
        "depreciationAndAmortization": 65938000,
        "ebitda": 58810000,
        "ebitdaratio": 0.0614347377,
        "operatingIncome": -11660000,
        "operatingIncomeRatio": -0.0121803952,
        "totalOtherIncomeExpensesNet": -18092000,
        "incomeBeforeTax": -29752000,
        "incomeBeforeTaxRatio": -0.0310798558,
        "incomeTaxExpense": -10638000,
        "netIncome": -19114000,
        "netIncomeRatio": -0.0199670732,
        "eps": -0.056,
        "epsdiluted": -0.056,
        "weightedAverageShsOut": 340900000,
        "weightedAverageShsOutDil": 340900000,
        "link": "https://www.sec.gov/Archives/edgar/data/63276/000162828016017882/0001628280-16-017882-index.htm",
        "finalLink": "https://www.sec.gov/Archives/edgar/data/63276/000162828016017882/mat6301610-q.htm"
    },
    {
        "date": "2016-03-31",
        "symbol": "MAT",
        "reportedCurrency": "USD",
        "cik": "0000063276",
        "fillingDate": "2016-04-28",
        "acceptedDate": "2016-04-28 14:12:25",
        "calendarYear": "2016",
        "period": "Q1",
        "revenue": 869399000,
        "costOfRevenue": 480728000,
        "grossProfit": 388671000,
        "grossProfitRatio": 0.447057105,
        "researchAndDevelopmentExpenses": 0,
        "generalAndAdministrativeExpenses": 350874000,
        "sellingAndMarketingExpenses": 86943000,
        "sellingGeneralAndAdministrativeExpenses": 437817000,
        "otherExpenses": 0,
        "operatingExpenses": 437817000,
        "costAndExpenses": 918545000,
        "interestIncome": 2360000,
        "interestExpense": 22520000,
        "depreciationAndAmortization": 66340000,
        "ebitda": -4619000,
        "ebitdaratio": -0.0053128656,
        "operatingIncome": -49146000,
        "operatingIncomeRatio": -0.0565287055,
        "totalOtherIncomeExpensesNet": -44333000,
        "incomeBeforeTax": -93479000,
        "incomeBeforeTaxRatio": -0.1075214027,
        "incomeTaxExpense": -20520000,
        "netIncome": -72959000,
        "netIncomeRatio": -0.0839188911,
        "eps": -0.21,
        "epsdiluted": -0.21,
        "weightedAverageShsOut": 340370045,
        "weightedAverageShsOutDil": 340400000,
        "link": "https://www.sec.gov/Archives/edgar/data/63276/000162828016014896/0001628280-16-014896-index.htm",
        "finalLink": "https://www.sec.gov/Archives/edgar/data/63276/000162828016014896/mat3311610-q.htm"
    },
    {
        "date": "2015-12-31",
        "symbol": "MAT",
        "reportedCurrency": "USD",
        "cik": "0000063276",
        "fillingDate": "2016-02-25",
        "acceptedDate": "2016-02-25 14:30:54",
        "calendarYear": "2015",
        "period": "Q4",
        "revenue": 1999744000,
        "costOfRevenue": 996289000,
        "grossProfit": 1003455000,
        "grossProfitRatio": 0.5017917293,
        "researchAndDevelopmentExpenses": 0,
        "generalAndAdministrativeExpenses": 411967000,
        "sellingAndMarketingExpenses": 297435000,
        "sellingGeneralAndAdministrativeExpenses": 709402000,
        "otherExpenses": 0,
        "operatingExpenses": 709402000,
        "costAndExpenses": 1705691000,
        "interestIncome": 1473000,
        "interestExpense": 22754000,
        "depreciationAndAmortization": 68005000,
        "ebitda": 361580000,
        "ebitdaratio": 0.1808131441,
        "operatingIncome": 294053000,
        "operatingIncomeRatio": 0.1470453218,
        "totalOtherIncomeExpensesNet": -23232000,
        "incomeBeforeTax": 270821000,
        "incomeBeforeTaxRatio": 0.1354278348,
        "incomeTaxExpense": 55661000,
        "netIncome": 215160000,
        "netIncomeRatio": 0.107593772,
        "eps": 0.63,
        "epsdiluted": 0.63,
        "weightedAverageShsOut": 339800000,
        "weightedAverageShsOutDil": 340400000,
        "link": "https://www.sec.gov/Archives/edgar/data/63276/000162828016011701/0001628280-16-011701-index.htm",
        "finalLink": "https://www.sec.gov/Archives/edgar/data/63276/000162828016011701/mat1231201510-k.htm"
    },
    {
        "date": "2015-09-30",
        "symbol": "MAT",
        "reportedCurrency": "USD",
        "cik": "0000063276",
        "fillingDate": "2015-10-27",
        "acceptedDate": "2015-10-27 13:49:51",
        "calendarYear": "2015",
        "period": "Q3",
        "revenue": 1791968000,
        "costOfRevenue": 912371000,
        "grossProfit": 879597000,
        "grossProfitRatio": 0.4908553055,
        "researchAndDevelopmentExpenses": 0,
        "generalAndAdministrativeExpenses": 365579000,
        "sellingAndMarketingExpenses": 213245000,
        "sellingGeneralAndAdministrativeExpenses": 578824000,
        "otherExpenses": 0,
        "operatingExpenses": 578824000,
        "costAndExpenses": 1491195000,
        "interestIncome": 1990000,
        "interestExpense": 21409000,
        "depreciationAndAmortization": 66441000,
        "ebitda": 373989000,
        "ebitdaratio": 0.2087029456,
        "operatingIncome": 300773000,
        "operatingIncomeRatio": 0.1678450731,
        "totalOtherIncomeExpensesNet": -14634000,
        "incomeBeforeTax": 286139000,
        "incomeBeforeTaxRatio": 0.1596786327,
        "incomeTaxExpense": 62355000,
        "netIncome": 223784000,
        "netIncomeRatio": 0.1248816943,
        "eps": 0.66,
        "epsdiluted": 0.66,
        "weightedAverageShsOut": 339400000,
        "weightedAverageShsOutDil": 339800000,
        "link": "https://www.sec.gov/Archives/edgar/data/63276/000119312515354462/0001193125-15-354462-index.htm",
        "finalLink": "https://www.sec.gov/Archives/edgar/data/63276/000119312515354462/d86848d10q.htm"
    },
    {
        "date": "2015-06-30",
        "symbol": "MAT",
        "reportedCurrency": "USD",
        "cik": "0000063276",
        "fillingDate": "2015-07-28",
        "acceptedDate": "2015-07-28 13:47:28",
        "calendarYear": "2015",
        "period": "Q2",
        "revenue": 988152000,
        "costOfRevenue": 515294000,
        "grossProfit": 472858000,
        "grossProfitRatio": 0.4785275949,
        "researchAndDevelopmentExpenses": 0,
        "generalAndAdministrativeExpenses": 367551000,
        "sellingAndMarketingExpenses": 104744000,
        "sellingGeneralAndAdministrativeExpenses": 472295000,
        "otherExpenses": 0,
        "operatingExpenses": 472295000,
        "costAndExpenses": 987589000,
        "interestIncome": 2099000,
        "interestExpense": 20706000,
        "depreciationAndAmortization": 66196000,
        "ebitda": 67004000,
        "ebitdaratio": 0.0678073819,
        "operatingIncome": 563000,
        "operatingIncomeRatio": 0.0005697504,
        "totalOtherIncomeExpensesNet": -20461000,
        "incomeBeforeTax": -19898000,
        "incomeBeforeTaxRatio": -0.0201365782,
        "incomeTaxExpense": -8547000,
        "netIncome": -11351000,
        "netIncomeRatio": -0.0114870992,
        "eps": -0.0336,
        "epsdiluted": -0.0336,
        "weightedAverageShsOut": 338800000,
        "weightedAverageShsOutDil": 338800000,
        "link": "https://www.sec.gov/Archives/edgar/data/63276/000119312515265703/0001193125-15-265703-index.htm",
        "finalLink": "https://www.sec.gov/Archives/edgar/data/63276/000119312515265703/d936190d10q.htm"
    },
    {
        "date": "2015-03-31",
        "symbol": "MAT",
        "reportedCurrency": "USD",
        "cik": "0000063276",
        "fillingDate": "2015-04-28",
        "acceptedDate": "2015-04-28 13:35:05",
        "calendarYear": "2015",
        "period": "Q1",
        "revenue": 922749000,
        "costOfRevenue": 472301000,
        "grossProfit": 450448000,
        "grossProfitRatio": 0.4881587517,
        "researchAndDevelopmentExpenses": 0,
        "generalAndAdministrativeExpenses": 402487000,
        "sellingAndMarketingExpenses": 102428000,
        "sellingGeneralAndAdministrativeExpenses": 504915000,
        "otherExpenses": 0,
        "operatingExpenses": 504915000,
        "costAndExpenses": 977216000,
        "interestIncome": 1668000,
        "interestExpense": 20401000,
        "depreciationAndAmortization": 64785000,
        "ebitda": 12039000,
        "ebitdaratio": 0.0130468849,
        "operatingIncome": -54467000,
        "operatingIncomeRatio": -0.059026886,
        "totalOtherIncomeExpensesNet": -18680000,
        "incomeBeforeTax": -73147000,
        "incomeBeforeTaxRatio": -0.0792707443,
        "incomeTaxExpense": -14970000,
        "netIncome": -58177000,
        "netIncomeRatio": -0.063047481,
        "eps": -0.17,
        "epsdiluted": -0.17,
        "weightedAverageShsOut": 338580889,
        "weightedAverageShsOutDil": 338600000,
        "link": "https://www.sec.gov/Archives/edgar/data/63276/000119312515152155/0001193125-15-152155-index.htm",
        "finalLink": "https://www.sec.gov/Archives/edgar/data/63276/000119312515152155/d877755d10q.htm"
    },
    {
        "date": "2014-12-31",
        "symbol": "MAT",
        "reportedCurrency": "USD",
        "cik": "0000063276",
        "fillingDate": "2015-02-25",
        "acceptedDate": "2015-02-25 14:35:57",
        "calendarYear": "2014",
        "period": "Q4",
        "revenue": 1993966000,
        "costOfRevenue": 988183000,
        "grossProfit": 1005783000,
        "grossProfitRatio": 0.504413315,
        "researchAndDevelopmentExpenses": 0,
        "generalAndAdministrativeExpenses": 444964000,
        "sellingAndMarketingExpenses": 323810000,
        "sellingGeneralAndAdministrativeExpenses": 768774000,
        "otherExpenses": 0,
        "operatingExpenses": 768774000,
        "costAndExpenses": 1756957000,
        "interestIncome": 2144000,
        "interestExpense": 22051000,
        "depreciationAndAmortization": 71529000,
        "ebitda": 310102000,
        "ebitdaratio": 0.1555202045,
        "operatingIncome": 237009000,
        "operatingIncomeRatio": 0.11886311,
        "totalOtherIncomeExpensesNet": -20487000,
        "incomeBeforeTax": 216522000,
        "incomeBeforeTaxRatio": 0.1085886118,
        "incomeTaxExpense": 66591000,
        "netIncome": 149931000,
        "netIncomeRatio": 0.0751923553,
        "eps": 0.44,
        "epsdiluted": 0.44,
        "weightedAverageShsOut": 338400000,
        "weightedAverageShsOutDil": 339500000,
        "link": "https://www.sec.gov/Archives/edgar/data/63276/000119312515062193/0001193125-15-062193-index.htm",
        "finalLink": "https://www.sec.gov/Archives/edgar/data/63276/000119312515062193/d813832d10k.htm"
    },
    {
        "date": "2014-09-30",
        "symbol": "MAT",
        "reportedCurrency": "USD",
        "cik": "0000063276",
        "fillingDate": "2014-10-28",
        "acceptedDate": "2014-10-28 13:20:32",
        "calendarYear": "2014",
        "period": "Q3",
        "revenue": 2021424000,
        "costOfRevenue": 1000286000,
        "grossProfit": 1021138000,
        "grossProfitRatio": 0.5051577502,
        "researchAndDevelopmentExpenses": 0,
        "generalAndAdministrativeExpenses": 392913000,
        "sellingAndMarketingExpenses": 218746000,
        "sellingGeneralAndAdministrativeExpenses": 611659000,
        "otherExpenses": 0,
        "operatingExpenses": 611659000,
        "costAndExpenses": 1611945000,
        "interestIncome": 1773000,
        "interestExpense": 21009000,
        "depreciationAndAmortization": 67348000,
        "ebitda": 482537000,
        "ebitdaratio": 0.2387114232,
        "operatingIncome": 409479000,
        "operatingIncomeRatio": 0.2025695747,
        "totalOtherIncomeExpensesNet": -15299000,
        "incomeBeforeTax": 394180000,
        "incomeBeforeTaxRatio": 0.1950011477,
        "incomeTaxExpense": 62344000,
        "netIncome": 331836000,
        "netIncomeRatio": 0.1641595232,
        "eps": 0.97,
        "epsdiluted": 0.97,
        "weightedAverageShsOut": 338700000,
        "weightedAverageShsOutDil": 340300000,
        "link": "https://www.sec.gov/Archives/edgar/data/63276/000119312514384680/0001193125-14-384680-index.htm",
        "finalLink": "https://www.sec.gov/Archives/edgar/data/63276/000119312514384680/d773026d10q.htm"
    },
    {
        "date": "2014-06-30",
        "symbol": "MAT",
        "reportedCurrency": "USD",
        "cik": "0000063276",
        "fillingDate": "2014-07-29",
        "acceptedDate": "2014-07-29 13:26:00",
        "calendarYear": "2014",
        "period": "Q2",
        "revenue": 1062252000,
        "costOfRevenue": 569682000,
        "grossProfit": 492570000,
        "grossProfitRatio": 0.463703528,
        "researchAndDevelopmentExpenses": 0,
        "generalAndAdministrativeExpenses": 391709000,
        "sellingAndMarketingExpenses": 99853000,
        "sellingGeneralAndAdministrativeExpenses": 491562000,
        "otherExpenses": 0,
        "operatingExpenses": 491562000,
        "costAndExpenses": 1061244000,
        "interestIncome": 2186000,
        "interestExpense": 18965000,
        "depreciationAndAmortization": 58310000,
        "ebitda": 62904000,
        "ebitdaratio": 0.0592175868,
        "operatingIncome": 1008000,
        "operatingIncomeRatio": 0.0009489274,
        "totalOtherIncomeExpensesNet": -15379000,
        "incomeBeforeTax": -14371000,
        "incomeBeforeTaxRatio": -0.0135288048,
        "incomeTaxExpense": -42696000,
        "netIncome": 28325000,
        "netIncomeRatio": 0.0266650475,
        "eps": 0.08,
        "epsdiluted": 0.08,
        "weightedAverageShsOut": 338700000,
        "weightedAverageShsOutDil": 340600000,
        "link": "https://www.sec.gov/Archives/edgar/data/63276/000119312514284204/0001193125-14-284204-index.htm",
        "finalLink": "https://www.sec.gov/Archives/edgar/data/63276/000119312514284204/d729431d10q.htm"
    },
    {
        "date": "2014-03-31",
        "symbol": "MAT",
        "reportedCurrency": "USD",
        "cik": "0000063276",
        "fillingDate": "2014-04-29",
        "acceptedDate": "2014-04-29 13:26:37",
        "calendarYear": "2014",
        "period": "Q1",
        "revenue": 946177000,
        "costOfRevenue": 464646000,
        "grossProfit": 481531000,
        "grossProfitRatio": 0.5089227491,
        "researchAndDevelopmentExpenses": 0,
        "generalAndAdministrativeExpenses": 384479000,
        "sellingAndMarketingExpenses": 90834000,
        "sellingGeneralAndAdministrativeExpenses": 475313000,
        "otherExpenses": 0,
        "operatingExpenses": 475313000,
        "costAndExpenses": 939959000,
        "interestIncome": 1279000,
        "interestExpense": 17246000,
        "depreciationAndAmortization": 51514000,
        "ebitda": 59339000,
        "ebitdaratio": 0.0627144815,
        "operatingIncome": 6218000,
        "operatingIncomeRatio": 0.0065717091,
        "totalOtherIncomeExpensesNet": -15639000,
        "incomeBeforeTax": -9421000,
        "incomeBeforeTaxRatio": -0.0099569108,
        "incomeTaxExpense": 1797000,
        "netIncome": -11218000,
        "netIncomeRatio": -0.0118561326,
        "eps": -0.0329,
        "epsdiluted": -0.0329,
        "weightedAverageShsOut": 340200000,
        "weightedAverageShsOutDil": 340200000,
        "link": "https://www.sec.gov/Archives/edgar/data/63276/000119312514166299/0001193125-14-166299-index.htm",
        "finalLink": "https://www.sec.gov/Archives/edgar/data/63276/000119312514166299/d673236d10q.htm"
    },
    {
        "date": "2013-12-31",
        "symbol": "MAT",
        "reportedCurrency": "USD",
        "cik": "0000063276",
        "fillingDate": "2014-02-26",
        "acceptedDate": "2014-02-26 14:17:23",
        "calendarYear": "2013",
        "period": "Q4",
        "revenue": 2113216000,
        "costOfRevenue": 962372000,
        "grossProfit": 1150844000,
        "grossProfitRatio": 0.5445936431,
        "researchAndDevelopmentExpenses": 0,
        "generalAndAdministrativeExpenses": 388661000,
        "sellingAndMarketingExpenses": 282876000,
        "sellingGeneralAndAdministrativeExpenses": 671537000,
        "otherExpenses": 0,
        "operatingExpenses": 671537000,
        "costAndExpenses": 1633909000,
        "interestIncome": 1472000,
        "interestExpense": 20333000,
        "depreciationAndAmortization": 51243000,
        "ebitda": 533467000,
        "ebitdaratio": 0.2524431956,
        "operatingIncome": 479307000,
        "operatingIncomeRatio": 0.2268140124,
        "totalOtherIncomeExpensesNet": -17416000,
        "incomeBeforeTax": 461891000,
        "incomeBeforeTaxRatio": 0.2185725454,
        "incomeTaxExpense": 92642000,
        "netIncome": 369249000,
        "netIncomeRatio": 0.1747332029,
        "eps": 1.09,
        "epsdiluted": 1.09,
        "weightedAverageShsOut": 339377000,
        "weightedAverageShsOutDil": 340200000,
        "link": "https://www.sec.gov/Archives/edgar/data/63276/000119312514069306/0001193125-14-069306-index.htm",
        "finalLink": "https://www.sec.gov/Archives/edgar/data/63276/000119312514069306/d620872d10k.htm"
    },
    {
        "date": "2013-09-30",
        "symbol": "MAT",
        "reportedCurrency": "USD",
        "cik": "0000063276",
        "fillingDate": "2013-10-24",
        "acceptedDate": "2013-10-24 14:07:38",
        "calendarYear": "2013",
        "period": "Q3",
        "revenue": 2206961000,
        "costOfRevenue": 1018981000,
        "grossProfit": 1187980000,
        "grossProfitRatio": 0.5382877178,
        "researchAndDevelopmentExpenses": 0,
        "generalAndAdministrativeExpenses": 410419000,
        "sellingAndMarketingExpenses": 249386000,
        "sellingGeneralAndAdministrativeExpenses": 659805000,
        "otherExpenses": 0,
        "operatingExpenses": 659805000,
        "costAndExpenses": 1678786000,
        "interestIncome": 1394000,
        "interestExpense": 19576000,
        "depreciationAndAmortization": 50172000,
        "ebitda": 584091000,
        "ebitdaratio": 0.2646585055,
        "operatingIncome": 528175000,
        "operatingIncomeRatio": 0.2393223079,
        "totalOtherIncomeExpensesNet": -13832000,
        "incomeBeforeTax": 514343000,
        "incomeBeforeTaxRatio": 0.2330548659,
        "incomeTaxExpense": 91507000,
        "netIncome": 422836000,
        "netIncomeRatio": 0.1915919674,
        "eps": 1.22,
        "epsdiluted": 1.21,
        "weightedAverageShsOut": 343300000,
        "weightedAverageShsOutDil": 346700000,
        "link": "https://www.sec.gov/Archives/edgar/data/63276/000119312513409615/0001193125-13-409615-index.htm",
        "finalLink": "https://www.sec.gov/Archives/edgar/data/63276/000119312513409615/d580363d10q.htm"
    },
    {
        "date": "2013-06-30",
        "symbol": "MAT",
        "reportedCurrency": "USD",
        "cik": "0000063276",
        "fillingDate": "2013-07-25",
        "acceptedDate": "2013-07-25 13:32:39",
        "calendarYear": "2013",
        "period": "Q2",
        "revenue": 1169109000,
        "costOfRevenue": 569101000,
        "grossProfit": 600008000,
        "grossProfitRatio": 0.5132181858,
        "researchAndDevelopmentExpenses": 0,
        "generalAndAdministrativeExpenses": 391815000,
        "sellingAndMarketingExpenses": 113403000,
        "sellingGeneralAndAdministrativeExpenses": 505218000,
        "otherExpenses": 0,
        "operatingExpenses": 505218000,
        "costAndExpenses": 1074319000,
        "interestIncome": 1289000,
        "interestExpense": 18259000,
        "depreciationAndAmortization": 48746000,
        "ebitda": 145734000,
        "ebitdaratio": 0.1246539031,
        "operatingIncome": 94790000,
        "operatingIncomeRatio": 0.0810788387,
        "totalOtherIncomeExpensesNet": -16061000,
        "incomeBeforeTax": 78729000,
        "incomeBeforeTaxRatio": 0.0673410264,
        "incomeTaxExpense": 5381000,
        "netIncome": 73348000,
        "netIncomeRatio": 0.062738376,
        "eps": 0.21,
        "epsdiluted": 0.21,
        "weightedAverageShsOut": 346600000,
        "weightedAverageShsOutDil": 350400000,
        "link": "https://www.sec.gov/Archives/edgar/data/63276/000119312513302257/0001193125-13-302257-index.htm",
        "finalLink": "https://www.sec.gov/Archives/edgar/data/63276/000119312513302257/d530605d10q.htm"
    },
    {
        "date": "2013-03-31",
        "symbol": "MAT",
        "reportedCurrency": "USD",
        "cik": "0000063276",
        "fillingDate": "2013-04-22",
        "acceptedDate": "2013-04-22 11:40:27",
        "calendarYear": "2013",
        "period": "Q1",
        "revenue": 995606000,
        "costOfRevenue": 455555000,
        "grossProfit": 540051000,
        "grossProfitRatio": 0.542434457,
        "researchAndDevelopmentExpenses": 0,
        "generalAndAdministrativeExpenses": 369680000,
        "sellingAndMarketingExpenses": 104540000,
        "sellingGeneralAndAdministrativeExpenses": 474220000,
        "otherExpenses": 0,
        "operatingExpenses": 474220000,
        "costAndExpenses": 929775000,
        "interestIncome": 1400000,
        "interestExpense": 20337000,
        "depreciationAndAmortization": 46232000,
        "ebitda": 110734000,
        "ebitdaratio": 0.1112227126,
        "operatingIncome": 65831000,
        "operatingIncomeRatio": 0.066121538,
        "totalOtherIncomeExpensesNet": -21666000,
        "incomeBeforeTax": 44165000,
        "incomeBeforeTaxRatio": 0.0443599175,
        "incomeTaxExpense": 5654000,
        "netIncome": 38511000,
        "netIncomeRatio": 0.0386809642,
        "eps": 0.11,
        "epsdiluted": 0.11,
        "weightedAverageShsOut": 344300000,
        "weightedAverageShsOutDil": 348800000,
        "link": "https://www.sec.gov/Archives/edgar/data/63276/000119312513164346/0001193125-13-164346-index.htm",
        "finalLink": "https://www.sec.gov/Archives/edgar/data/63276/000119312513164346/d498030d10q.htm"
    },
    {
        "date": "2012-12-31",
        "symbol": "MAT",
        "reportedCurrency": "USD",
        "cik": "0000063276",
        "fillingDate": "2013-02-26",
        "acceptedDate": "2013-02-26 14:10:25",
        "calendarYear": "2012",
        "period": "Q4",
        "revenue": 2255905000,
        "costOfRevenue": 1029972000,
        "grossProfit": 1225933000,
        "grossProfitRatio": 0.5434329017,
        "researchAndDevelopmentExpenses": 0,
        "generalAndAdministrativeExpenses": 579698000,
        "sellingAndMarketingExpenses": 272756000,
        "sellingGeneralAndAdministrativeExpenses": 852454000,
        "otherExpenses": 0,
        "operatingExpenses": 852454000,
        "costAndExpenses": 1882426000,
        "interestIncome": 1683000,
        "interestExpense": 23483000,
        "depreciationAndAmortization": 47847000,
        "ebitda": 427999000,
        "ebitdaratio": 0.1897238581,
        "operatingIncome": 373479000,
        "operatingIncomeRatio": 0.1655561737,
        "totalOtherIncomeExpensesNet": -16810000,
        "incomeBeforeTax": 356669000,
        "incomeBeforeTaxRatio": 0.1581046188,
        "incomeTaxExpense": 50189000,
        "netIncome": 306480000,
        "netIncomeRatio": 0.1358567847,
        "eps": 0.88,
        "epsdiluted": 0.87,
        "weightedAverageShsOut": 343600000,
        "weightedAverageShsOutDil": 348400000,
        "link": "https://www.sec.gov/Archives/edgar/data/63276/000119312513076313/0001193125-13-076313-index.htm",
        "finalLink": "https://www.sec.gov/Archives/edgar/data/63276/000119312513076313/d416679d10k.htm"
    },
    {
        "date": "2012-09-30",
        "symbol": "MAT",
        "reportedCurrency": "USD",
        "cik": "0000063276",
        "fillingDate": "2012-10-24",
        "acceptedDate": "2012-10-24 15:11:46",
        "calendarYear": "2012",
        "period": "Q3",
        "revenue": 2077816000,
        "costOfRevenue": 962445000,
        "grossProfit": 1115371000,
        "grossProfitRatio": 0.5367996974,
        "researchAndDevelopmentExpenses": 0,
        "generalAndAdministrativeExpenses": 393211000,
        "sellingAndMarketingExpenses": 234793000,
        "sellingGeneralAndAdministrativeExpenses": 628004000,
        "otherExpenses": 0,
        "operatingExpenses": 628004000,
        "costAndExpenses": 1590449000,
        "interestIncome": 1472000,
        "interestExpense": 22723000,
        "depreciationAndAmortization": 43296000,
        "ebitda": 532866000,
        "ebitdaratio": 0.2564548545,
        "operatingIncome": 487367000,
        "operatingIncomeRatio": 0.2345573429,
        "totalOtherIncomeExpensesNet": -20520000,
        "incomeBeforeTax": 466847000,
        "incomeBeforeTaxRatio": 0.2246815887,
        "incomeTaxExpense": 100910000,
        "netIncome": 365937000,
        "netIncomeRatio": 0.176116172,
        "eps": 1.06,
        "epsdiluted": 1.04,
        "weightedAverageShsOut": 342600000,
        "weightedAverageShsOutDil": 347100000,
        "link": "https://www.sec.gov/Archives/edgar/data/63276/000119312512433153/0001193125-12-433153-index.htm",
        "finalLink": "https://www.sec.gov/Archives/edgar/data/63276/000119312512433153/d386491d10q.htm"
    },
    {
        "date": "2012-06-30",
        "symbol": "MAT",
        "reportedCurrency": "USD",
        "cik": "0000063276",
        "fillingDate": "2012-07-25",
        "acceptedDate": "2012-07-25 13:49:16",
        "calendarYear": "2012",
        "period": "Q2",
        "revenue": 1158711000,
        "costOfRevenue": 564189000,
        "grossProfit": 594522000,
        "grossProfitRatio": 0.5130891137,
        "researchAndDevelopmentExpenses": 0,
        "generalAndAdministrativeExpenses": 350694000,
        "sellingAndMarketingExpenses": 112395000,
        "sellingGeneralAndAdministrativeExpenses": 463089000,
        "otherExpenses": 0,
        "operatingExpenses": 463089000,
        "costAndExpenses": 1027278000,
        "interestIncome": 1941000,
        "interestExpense": 21524000,
        "depreciationAndAmortization": 42728000,
        "ebitda": 175613000,
        "ebitdaratio": 0.1515589306,
        "operatingIncome": 131433000,
        "operatingIncomeRatio": 0.1134303549,
        "totalOtherIncomeExpensesNet": -20072000,
        "incomeBeforeTax": 111361000,
        "incomeBeforeTaxRatio": 0.0961076576,
        "incomeTaxExpense": 15143000,
        "netIncome": 96218000,
        "netIncomeRatio": 0.083038825,
        "eps": 0.28,
        "epsdiluted": 0.28,
        "weightedAverageShsOut": 341300000,
        "weightedAverageShsOutDil": 345600000,
        "link": "https://www.sec.gov/Archives/edgar/data/63276/000119312512314109/0001193125-12-314109-index.htm",
        "finalLink": "https://www.sec.gov/Archives/edgar/data/63276/000119312512314109/d352256d10q.htm"
    },
    {
        "date": "2012-03-31",
        "symbol": "MAT",
        "reportedCurrency": "USD",
        "cik": "0000063276",
        "fillingDate": "2012-04-25",
        "acceptedDate": "2012-04-25 13:55:15",
        "calendarYear": "2012",
        "period": "Q1",
        "revenue": 928449000,
        "costOfRevenue": 455078000,
        "grossProfit": 473371000,
        "grossProfitRatio": 0.5098513758,
        "researchAndDevelopmentExpenses": 0,
        "generalAndAdministrativeExpenses": 346776000,
        "sellingAndMarketingExpenses": 97859000,
        "sellingGeneralAndAdministrativeExpenses": 444635000,
        "otherExpenses": 0,
        "operatingExpenses": 444635000,
        "costAndExpenses": 899713000,
        "interestIncome": 1745000,
        "interestExpense": 21105000,
        "depreciationAndAmortization": 40411000,
        "ebitda": 71684000,
        "ebitdaratio": 0.0772083335,
        "operatingIncome": 28736000,
        "operatingIncomeRatio": 0.0309505422,
        "totalOtherIncomeExpensesNet": -18568000,
        "incomeBeforeTax": 10168000,
        "incomeBeforeTaxRatio": 0.0109515978,
        "incomeTaxExpense": 2339000,
        "netIncome": 7829000,
        "netIncomeRatio": 0.0084323425,
        "eps": 0.02,
        "epsdiluted": 0.02,
        "weightedAverageShsOut": 339100000,
        "weightedAverageShsOutDil": 343700000,
        "link": "https://www.sec.gov/Archives/edgar/data/63276/000119312512181494/0001193125-12-181494-index.htm",
        "finalLink": "https://www.sec.gov/Archives/edgar/data/63276/000119312512181494/d308774d10q.htm"
    },
    {
        "date": "2011-12-31",
        "symbol": "MAT",
        "reportedCurrency": "USD",
        "cik": "0000063276",
        "fillingDate": "2012-02-23",
        "acceptedDate": "2012-02-23 14:21:10",
        "calendarYear": "2011",
        "period": "Q4",
        "revenue": 2153754000,
        "costOfRevenue": 993390000,
        "grossProfit": 1160364000,
        "grossProfitRatio": 0.53876348,
        "researchAndDevelopmentExpenses": 0,
        "generalAndAdministrativeExpenses": 401491000,
        "sellingAndMarketingExpenses": 261367000,
        "sellingGeneralAndAdministrativeExpenses": 662858000,
        "otherExpenses": 0,
        "operatingExpenses": 662858000,
        "costAndExpenses": 1656248000,
        "interestIncome": 1414000,
        "interestExpense": 23498000,
        "depreciationAndAmortization": 39797000,
        "ebitda": 532148000,
        "ebitdaratio": 0.2470792857,
        "operatingIncome": 497506000,
        "operatingIncomeRatio": 0.2309948118,
        "totalOtherIncomeExpensesNet": -28653000,
        "incomeBeforeTax": 468853000,
        "incomeBeforeTaxRatio": 0.2176910641,
        "incomeTaxExpense": 98276000,
        "netIncome": 370577000,
        "netIncomeRatio": 0.1720609689,
        "eps": 1.09,
        "epsdiluted": 1.09,
        "weightedAverageShsOut": 339100000,
        "weightedAverageShsOutDil": 339100000,
        "link": "https://www.sec.gov/Archives/edgar/data/63276/000119312512074927/0001193125-12-074927-index.htm",
        "finalLink": "https://www.sec.gov/Archives/edgar/data/63276/000119312512074927/d226731d10k.htm"
    },
    {
        "date": "2011-09-30",
        "symbol": "MAT",
        "reportedCurrency": "USD",
        "cik": "0000063276",
        "fillingDate": "2011-10-26",
        "acceptedDate": "2011-10-26 15:03:47",
        "calendarYear": "2011",
        "period": "Q3",
        "revenue": 1998760000,
        "costOfRevenue": 1042686000,
        "grossProfit": 956074000,
        "grossProfitRatio": 0.4783335668,
        "researchAndDevelopmentExpenses": 0,
        "generalAndAdministrativeExpenses": 338640000,
        "sellingAndMarketingExpenses": 219864000,
        "sellingGeneralAndAdministrativeExpenses": 558504000,
        "otherExpenses": 0,
        "operatingExpenses": 558504000,
        "costAndExpenses": 1601190000,
        "interestIncome": 1065000,
        "interestExpense": 15376000,
        "depreciationAndAmortization": 42246000,
        "ebitda": 443293000,
        "ebitdaratio": 0.2217840061,
        "operatingIncome": 397570000,
        "operatingIncomeRatio": 0.1989083232,
        "totalOtherIncomeExpensesNet": -11899000,
        "incomeBeforeTax": 385671000,
        "incomeBeforeTaxRatio": 0.1929551322,
        "incomeTaxExpense": 84876000,
        "netIncome": 300795000,
        "netIncomeRatio": 0.1504908043,
        "eps": 0.87,
        "epsdiluted": 0.86,
        "weightedAverageShsOut": 343200000,
        "weightedAverageShsOutDil": 346800000,
        "link": "https://www.sec.gov/Archives/edgar/data/63276/000119312511281881/0001193125-11-281881-index.htm",
        "finalLink": "https://www.sec.gov/Archives/edgar/data/63276/000119312511281881/d218357d10q.htm"
    },
    {
        "date": "2011-06-30",
        "symbol": "MAT",
        "reportedCurrency": "USD",
        "cik": "0000063276",
        "fillingDate": "2011-07-20",
        "acceptedDate": "2011-07-19 20:52:40",
        "calendarYear": "2011",
        "period": "Q2",
        "revenue": 1161667000,
        "costOfRevenue": 605426000,
        "grossProfit": 556241000,
        "grossProfitRatio": 0.4788299917,
        "researchAndDevelopmentExpenses": 0,
        "generalAndAdministrativeExpenses": 330807000,
        "sellingAndMarketingExpenses": 116167000,
        "sellingGeneralAndAdministrativeExpenses": 446974000,
        "otherExpenses": 0,
        "operatingExpenses": 446974000,
        "costAndExpenses": 1052400000,
        "interestIncome": 2451000,
        "interestExpense": 17642000,
        "depreciationAndAmortization": 39750000,
        "ebitda": 152280000,
        "ebitdaratio": 0.1310874803,
        "operatingIncome": 109267000,
        "operatingIncomeRatio": 0.0940605182,
        "totalOtherIncomeExpensesNet": -14379000,
        "incomeBeforeTax": 94888000,
        "incomeBeforeTaxRatio": 0.0816826164,
        "incomeTaxExpense": 14359000,
        "netIncome": 80529000,
        "netIncomeRatio": 0.0693219313,
        "eps": 0.23,
        "epsdiluted": 0.23,
        "weightedAverageShsOut": 347100000,
        "weightedAverageShsOutDil": 350900000,
        "link": "https://www.sec.gov/Archives/edgar/data/63276/000119312511191568/0001193125-11-191568-index.htm",
        "finalLink": "https://www.sec.gov/Archives/edgar/data/63276/000119312511191568/d10q.htm"
    },
    {
        "date": "2011-03-31",
        "symbol": "MAT",
        "reportedCurrency": "USD",
        "cik": "0000063276",
        "fillingDate": "2011-04-27",
        "acceptedDate": "2011-04-27 14:15:17",
        "calendarYear": "2011",
        "period": "Q1",
        "revenue": 951856000,
        "costOfRevenue": 478709000,
        "grossProfit": 473147000,
        "grossProfitRatio": 0.4970783396,
        "researchAndDevelopmentExpenses": 0,
        "generalAndAdministrativeExpenses": 334540000,
        "sellingAndMarketingExpenses": 101849000,
        "sellingGeneralAndAdministrativeExpenses": 436389000,
        "otherExpenses": 0,
        "operatingExpenses": 436389000,
        "costAndExpenses": 915098000,
        "interestIncome": 3163000,
        "interestExpense": 18816000,
        "depreciationAndAmortization": 39505000,
        "ebitda": 79582000,
        "ebitdaratio": 0.0836071843,
        "operatingIncome": 36758000,
        "operatingIncomeRatio": 0.0386171858,
        "totalOtherIncomeExpensesNet": -15497000,
        "incomeBeforeTax": 21261000,
        "incomeBeforeTaxRatio": 0.0223363618,
        "incomeTaxExpense": 4654000,
        "netIncome": 16607000,
        "netIncomeRatio": 0.0174469668,
        "eps": 0.05,
        "epsdiluted": 0.05,
        "weightedAverageShsOut": 349100000,
        "weightedAverageShsOutDil": 352700000,
        "link": "https://www.sec.gov/Archives/edgar/data/63276/000119312511111472/0001193125-11-111472-index.htm",
        "finalLink": "https://www.sec.gov/Archives/edgar/data/63276/000119312511111472/d10q.htm"
    },
    {
        "date": "2010-12-31",
        "symbol": "MAT",
        "reportedCurrency": "USD",
        "cik": "0000063276",
        "fillingDate": "2011-02-24",
        "acceptedDate": "2011-02-24 14:17:20",
        "calendarYear": "2010",
        "period": "Q4",
        "revenue": 2124554000,
        "costOfRevenue": 1028580000,
        "grossProfit": 1095974000,
        "grossProfitRatio": 0.5158607407,
        "researchAndDevelopmentExpenses": 0,
        "generalAndAdministrativeExpenses": 417751000,
        "sellingAndMarketingExpenses": 249615000,
        "sellingGeneralAndAdministrativeExpenses": 667366000,
        "otherExpenses": 0,
        "operatingExpenses": 667366000,
        "costAndExpenses": 1695946000,
        "interestIncome": 1358000,
        "interestExpense": 23929000,
        "depreciationAndAmortization": 41060000,
        "ebitda": 469836000,
        "ebitdaratio": 0.2211457087,
        "operatingIncome": 428608000,
        "operatingIncomeRatio": 0.2017402241,
        "totalOtherIncomeExpensesNet": -23761000,
        "incomeBeforeTax": 404847000,
        "incomeBeforeTaxRatio": 0.1905562297,
        "incomeTaxExpense": 79663000,
        "netIncome": 325184000,
        "netIncomeRatio": 0.1530598893,
        "eps": 0.93,
        "epsdiluted": 0.93,
        "weightedAverageShsOut": 349100000,
        "weightedAverageShsOutDil": 349100000,
        "link": "https://www.sec.gov/Archives/edgar/data/63276/000119312511045072/0001193125-11-045072-index.htm",
        "finalLink": "https://www.sec.gov/Archives/edgar/data/63276/000119312511045072/d10k.htm"
    },
    {
        "date": "2010-09-30",
        "symbol": "MAT",
        "reportedCurrency": "USD",
        "cik": "0000063276",
        "fillingDate": "2010-10-27",
        "acceptedDate": "2010-10-27 14:00:20",
        "calendarYear": "2010",
        "period": "Q3",
        "revenue": 1833056000,
        "costOfRevenue": 895525000,
        "grossProfit": 937531000,
        "grossProfitRatio": 0.5114579151,
        "researchAndDevelopmentExpenses": 0,
        "generalAndAdministrativeExpenses": 377264000,
        "sellingAndMarketingExpenses": 201636000,
        "sellingGeneralAndAdministrativeExpenses": 578900000,
        "otherExpenses": 0,
        "operatingExpenses": 578900000,
        "costAndExpenses": 1474425000,
        "interestIncome": 1842000,
        "interestExpense": 13843000,
        "depreciationAndAmortization": 42218000,
        "ebitda": 402680000,
        "ebitdaratio": 0.2196768675,
        "operatingIncome": 358631000,
        "operatingIncomeRatio": 0.1956465051,
        "totalOtherIncomeExpensesNet": -12012000,
        "incomeBeforeTax": 346619000,
        "incomeBeforeTaxRatio": 0.1890935138,
        "incomeTaxExpense": 63357000,
        "netIncome": 283262000,
        "netIncomeRatio": 0.1545299216,
        "eps": 0.78,
        "epsdiluted": 0.77,
        "weightedAverageShsOut": 360600000,
        "weightedAverageShsOutDil": 367922078,
        "link": "https://www.sec.gov/Archives/edgar/data/63276/000119312510237767/0001193125-10-237767-index.htm",
        "finalLink": "https://www.sec.gov/Archives/edgar/data/63276/000119312510237767/d10q.htm"
    },
    {
        "date": "2010-06-30",
        "symbol": "MAT",
        "reportedCurrency": "USD",
        "cik": "0000063276",
        "fillingDate": "2010-07-28",
        "acceptedDate": "2010-07-28 15:02:09",
        "calendarYear": "2010",
        "period": "Q2",
        "revenue": 1018503000,
        "costOfRevenue": 528887000,
        "grossProfit": 489616000,
        "grossProfitRatio": 0.4807212154,
        "researchAndDevelopmentExpenses": 0,
        "generalAndAdministrativeExpenses": 318330000,
        "sellingAndMarketingExpenses": 101850000,
        "sellingGeneralAndAdministrativeExpenses": 420180000,
        "otherExpenses": 0,
        "operatingExpenses": 420180000,
        "costAndExpenses": 949067000,
        "interestIncome": 2782000,
        "interestExpense": 13444000,
        "depreciationAndAmortization": 41969000,
        "ebitda": 117490000,
        "ebitdaratio": 0.1153555758,
        "operatingIncome": 69436000,
        "operatingIncomeRatio": 0.068174566,
        "totalOtherIncomeExpensesNet": -7359000,
        "incomeBeforeTax": 62077000,
        "incomeBeforeTaxRatio": 0.0609492559,
        "incomeTaxExpense": 10502000,
        "netIncome": 51575000,
        "netIncomeRatio": 0.0506380443,
        "eps": 0.14,
        "epsdiluted": 0.14,
        "weightedAverageShsOut": 362800000,
        "weightedAverageShsOutDil": 365900000,
        "link": "https://www.sec.gov/Archives/edgar/data/63276/000119312510168873/0001193125-10-168873-index.htm",
        "finalLink": "https://www.sec.gov/Archives/edgar/data/63276/000119312510168873/d10q.htm"
    },
    {
        "date": "2010-03-31",
        "symbol": "MAT",
        "reportedCurrency": "USD",
        "cik": "0000063276",
        "fillingDate": "2010-04-28",
        "acceptedDate": "2010-04-28 15:07:06",
        "calendarYear": "2010",
        "period": "Q1",
        "revenue": 880082000,
        "costOfRevenue": 448230000,
        "grossProfit": 431852000,
        "grossProfitRatio": 0.4906951852,
        "researchAndDevelopmentExpenses": 0,
        "generalAndAdministrativeExpenses": 292456000,
        "sellingAndMarketingExpenses": 94169000,
        "sellingGeneralAndAdministrativeExpenses": 386625000,
        "otherExpenses": 0,
        "operatingExpenses": 386625000,
        "costAndExpenses": 834855000,
        "interestIncome": 2452000,
        "interestExpense": 13623000,
        "depreciationAndAmortization": 40561000,
        "ebitda": 87466000,
        "ebitdaratio": 0.099383921,
        "operatingIncome": 45227000,
        "operatingIncomeRatio": 0.0513895296,
        "totalOtherIncomeExpensesNet": -11945000,
        "incomeBeforeTax": 33282000,
        "incomeBeforeTaxRatio": 0.0378169307,
        "incomeTaxExpense": 8440000,
        "netIncome": 24842000,
        "netIncomeRatio": 0.0282269152,
        "eps": 0.07,
        "epsdiluted": 0.07,
        "weightedAverageShsOut": 363200000,
        "weightedAverageShsOutDil": 366100000,
        "link": "https://www.sec.gov/Archives/edgar/data/63276/000119312510096459/0001193125-10-096459-index.htm",
        "finalLink": "https://www.sec.gov/Archives/edgar/data/63276/000119312510096459/d10q.htm"
    },
    {
        "date": "2009-12-31",
        "symbol": "MAT",
        "reportedCurrency": "USD",
        "cik": "0000063276",
        "fillingDate": "2010-02-24",
        "acceptedDate": "2010-02-24 13:55:13",
        "calendarYear": "2009",
        "period": "Q4",
        "revenue": 1955128000,
        "costOfRevenue": 910978000,
        "grossProfit": 1044150000,
        "grossProfitRatio": 0.5340571052,
        "researchAndDevelopmentExpenses": 0,
        "generalAndAdministrativeExpenses": 387977000,
        "sellingAndMarketingExpenses": 238763000,
        "sellingGeneralAndAdministrativeExpenses": 626740000,
        "otherExpenses": 0,
        "operatingExpenses": 626740000,
        "costAndExpenses": 1537718000,
        "interestIncome": 570000,
        "interestExpense": 19120000,
        "depreciationAndAmortization": 43299000,
        "ebitda": 459466000,
        "ebitdaratio": 0.2350055853,
        "operatingIncome": 417410000,
        "operatingIncomeRatio": 0.2134949732,
        "totalOtherIncomeExpensesNet": -20363000,
        "incomeBeforeTax": 397047000,
        "incomeBeforeTaxRatio": 0.2030797984,
        "incomeTaxExpense": 68668000,
        "netIncome": 328379000,
        "netIncomeRatio": 0.1679578012,
        "eps": 0.9,
        "epsdiluted": 0.9,
        "weightedAverageShsOut": 361801000,
        "weightedAverageShsOutDil": 363200000,
        "link": "https://www.sec.gov/Archives/edgar/data/63276/000119312510038642/0001193125-10-038642-index.htm",
        "finalLink": "https://www.sec.gov/Archives/edgar/data/63276/000119312510038642/d10k.htm"
    },
    {
        "date": "2009-09-30",
        "symbol": "MAT",
        "reportedCurrency": "USD",
        "cik": "0000063276",
        "fillingDate": "2009-10-28",
        "acceptedDate": "2009-10-28 14:13:31",
        "calendarYear": "2009",
        "period": "Q3",
        "revenue": 1791875000,
        "costOfRevenue": 873260000,
        "grossProfit": 918615000,
        "grossProfitRatio": 0.5126557377,
        "researchAndDevelopmentExpenses": 0,
        "generalAndAdministrativeExpenses": 385055000,
        "sellingAndMarketingExpenses": 197106000,
        "sellingGeneralAndAdministrativeExpenses": 582161000,
        "otherExpenses": 0,
        "operatingExpenses": 582161000,
        "costAndExpenses": 1455421000,
        "interestIncome": 1510000,
        "interestExpense": 19317000,
        "depreciationAndAmortization": 40753000,
        "ebitda": 364703000,
        "ebitdaratio": 0.2035314963,
        "operatingIncome": 336454000,
        "operatingIncomeRatio": 0.1877664458,
        "totalOtherIncomeExpensesNet": -31821000,
        "incomeBeforeTax": 304633000,
        "incomeBeforeTaxRatio": 0.1700079526,
        "incomeTaxExpense": 74791000,
        "netIncome": 229842000,
        "netIncomeRatio": 0.128268992,
        "eps": 0.63,
        "epsdiluted": 0.63,
        "weightedAverageShsOut": 360800000,
        "weightedAverageShsOutDil": 361900000,
        "link": "https://www.sec.gov/Archives/edgar/data/63276/000119312509215975/0001193125-09-215975-index.htm",
        "finalLink": "https://www.sec.gov/Archives/edgar/data/63276/000119312509215975/d10q.htm"
    },
    {
        "date": "2009-06-30",
        "symbol": "MAT",
        "reportedCurrency": "USD",
        "cik": "0000063276",
        "fillingDate": "2009-07-29",
        "acceptedDate": "2009-07-29 13:50:33",
        "calendarYear": "2009",
        "period": "Q2",
        "revenue": 898197000,
        "costOfRevenue": 492137000,
        "grossProfit": 406060000,
        "grossProfitRatio": 0.4520834516,
        "researchAndDevelopmentExpenses": 0,
        "generalAndAdministrativeExpenses": 283727000,
        "sellingAndMarketingExpenses": 89820000,
        "sellingGeneralAndAdministrativeExpenses": 373547000,
        "otherExpenses": 0,
        "operatingExpenses": 373547000,
        "costAndExpenses": 865684000,
        "interestIncome": 2525000,
        "interestExpense": 17489000,
        "depreciationAndAmortization": 41413000,
        "ebitda": 82719000,
        "ebitdaratio": 0.092094496,
        "operatingIncome": 32513000,
        "operatingIncomeRatio": 0.0361980724,
        "totalOtherIncomeExpensesNet": -8696000,
        "incomeBeforeTax": 23817000,
        "incomeBeforeTaxRatio": 0.0265164546,
        "incomeTaxExpense": 2348000,
        "netIncome": 21469000,
        "netIncomeRatio": 0.0239023288,
        "eps": 0.06,
        "epsdiluted": 0.06,
        "weightedAverageShsOut": 358800000,
        "weightedAverageShsOutDil": 360900000,
        "link": "https://www.sec.gov/Archives/edgar/data/63276/000119312509157960/0001193125-09-157960-index.htm",
        "finalLink": "https://www.sec.gov/Archives/edgar/data/63276/000119312509157960/d10q.htm"
    },
    {
        "date": "2009-03-31",
        "symbol": "MAT",
        "reportedCurrency": "USD",
        "cik": "0000063276",
        "fillingDate": "2009-04-29",
        "acceptedDate": "2009-04-29 14:03:42",
        "calendarYear": "2009",
        "period": "Q1",
        "revenue": 785646000,
        "costOfRevenue": 439774000,
        "grossProfit": 345872000,
        "grossProfitRatio": 0.440238988,
        "researchAndDevelopmentExpenses": 0,
        "generalAndAdministrativeExpenses": 317017000,
        "sellingAndMarketingExpenses": 84064000,
        "sellingGeneralAndAdministrativeExpenses": 401081000,
        "otherExpenses": 0,
        "operatingExpenses": 401081000,
        "costAndExpenses": 840855000,
        "interestIncome": 3478000,
        "interestExpense": 15917000,
        "depreciationAndAmortization": 44365000,
        "ebitda": -5168000,
        "ebitdaratio": -0.0065780262,
        "operatingIncome": -55209000,
        "operatingIncomeRatio": -0.0702721073,
        "totalOtherIncomeExpensesNet": -10241000,
        "incomeBeforeTax": -65450000,
        "incomeBeforeTaxRatio": -0.0833072402,
        "incomeTaxExpense": -14464000,
        "netIncome": -50986000,
        "netIncomeRatio": -0.0648969129,
        "eps": -0.14,
        "epsdiluted": -0.14,
        "weightedAverageShsOut": 358891000,
        "weightedAverageShsOutDil": 358891000,
        "link": "https://www.sec.gov/Archives/edgar/data/63276/000119312509091676/0001193125-09-091676-index.htm",
        "finalLink": "https://www.sec.gov/Archives/edgar/data/63276/000119312509091676/d10q.htm"
    },
    {
        "date": "2008-12-31",
        "symbol": "MAT",
        "reportedCurrency": "USD",
        "cik": "0000063276",
        "fillingDate": "2009-02-26",
        "acceptedDate": "2009-02-26 14:56:00",
        "calendarYear": "2008",
        "period": "Q4",
        "revenue": 1939957000,
        "costOfRevenue": 1047791000,
        "grossProfit": 892166000,
        "grossProfitRatio": 0.4598895749,
        "researchAndDevelopmentExpenses": 0,
        "generalAndAdministrativeExpenses": 384229000,
        "sellingAndMarketingExpenses": 275567000,
        "sellingGeneralAndAdministrativeExpenses": 659796000,
        "otherExpenses": 0,
        "operatingExpenses": 659796000,
        "costAndExpenses": 1707587000,
        "interestIncome": 0,
        "interestExpense": 0,
        "depreciationAndAmortization": 43941000,
        "ebitda": 304427000,
        "ebitdaratio": 0.1569246122,
        "operatingIncome": 232370000,
        "operatingIncomeRatio": 0.1197810055,
        "totalOtherIncomeExpensesNet": -6645000,
        "incomeBeforeTax": 225725000,
        "incomeBeforeTaxRatio": 0.1163556718,
        "incomeTaxExpense": 49324000,
        "netIncome": 176401000,
        "netIncomeRatio": 0.090930366,
        "eps": 0.49,
        "epsdiluted": 0.49,
        "weightedAverageShsOut": 358891000,
        "weightedAverageShsOutDil": 358891000,
        "link": "https://www.sec.gov/Archives/edgar/data/63276/000119312509038925/0001193125-09-038925-index.htm",
        "finalLink": "https://www.sec.gov/Archives/edgar/data/63276/000119312509038925/d10k.htm"
    },
    {
        "date": "2008-09-30",
        "symbol": "MAT",
        "reportedCurrency": "USD",
        "cik": "0000063276",
        "fillingDate": "2008-10-24",
        "acceptedDate": "2008-10-24 12:49:39",
        "calendarYear": "2008",
        "period": "Q3",
        "revenue": 1946315000,
        "costOfRevenue": 1046245000,
        "grossProfit": 900070000,
        "grossProfitRatio": 0.4624482676,
        "researchAndDevelopmentExpenses": 0,
        "generalAndAdministrativeExpenses": 360895000,
        "sellingAndMarketingExpenses": 223826000,
        "sellingGeneralAndAdministrativeExpenses": 584721000,
        "otherExpenses": 0,
        "operatingExpenses": 584721000,
        "costAndExpenses": 1630966000,
        "interestIncome": 0,
        "interestExpense": 0,
        "depreciationAndAmortization": 42302000,
        "ebitda": 267651000,
        "ebitdaratio": 0.1375167946,
        "operatingIncome": 315349000,
        "operatingIncomeRatio": 0.162023619,
        "totalOtherIncomeExpensesNet": -8241000,
        "incomeBeforeTax": 307108000,
        "incomeBeforeTaxRatio": 0.1577894637,
        "incomeTaxExpense": 69010000,
        "netIncome": 238098000,
        "netIncomeRatio": 0.1223327159,
        "eps": 0.66,
        "epsdiluted": 0.66,
        "weightedAverageShsOut": 360881000,
        "weightedAverageShsOutDil": 362795000,
        "link": "https://www.sec.gov/Archives/edgar/data/63276/000119312508215874/0001193125-08-215874-index.htm",
        "finalLink": "https://www.sec.gov/Archives/edgar/data/63276/000119312508215874/d10q.htm"
    },
    {
        "date": "2008-06-30",
        "symbol": "MAT",
        "reportedCurrency": "USD",
        "cik": "0000063276",
        "fillingDate": "2008-07-24",
        "acceptedDate": "2008-07-24 16:32:38",
        "calendarYear": "2008",
        "period": "Q2",
        "revenue": 1112431000,
        "costOfRevenue": 617097000,
        "grossProfit": 495334000,
        "grossProfitRatio": 0.4452716618,
        "researchAndDevelopmentExpenses": 0,
        "generalAndAdministrativeExpenses": 347921000,
        "sellingAndMarketingExpenses": 116805000,
        "sellingGeneralAndAdministrativeExpenses": 464726000,
        "otherExpenses": 0,
        "operatingExpenses": 464726000,
        "costAndExpenses": 1081823000,
        "interestIncome": 0,
        "interestExpense": 0,
        "depreciationAndAmortization": 42626000,
        "ebitda": 73234000,
        "ebitdaratio": 0.0658323977,
        "operatingIncome": 30608000,
        "operatingIncomeRatio": 0.0275145155,
        "totalOtherIncomeExpensesNet": -15675000,
        "incomeBeforeTax": 14933000,
        "incomeBeforeTaxRatio": 0.0134237539,
        "incomeTaxExpense": 3150000,
        "netIncome": 11783000,
        "netIncomeRatio": 0.0105921176,
        "eps": 0.03,
        "epsdiluted": 0.03,
        "weightedAverageShsOut": 361262000,
        "weightedAverageShsOutDil": 363919000,
        "link": "https://www.sec.gov/Archives/edgar/data/63276/000119312508157290/0001193125-08-157290-index.htm",
        "finalLink": "https://www.sec.gov/Archives/edgar/data/63276/000119312508157290/d10q.htm"
    },
    {
        "date": "2008-03-31",
        "symbol": "MAT",
        "reportedCurrency": "USD",
        "cik": "0000063276",
        "fillingDate": "2008-04-25",
        "acceptedDate": "2008-04-25 12:51:45",
        "calendarYear": "2008",
        "period": "Q1",
        "revenue": 919299000,
        "costOfRevenue": 522463000,
        "grossProfit": 396836000,
        "grossProfitRatio": 0.4316723939,
        "researchAndDevelopmentExpenses": 0,
        "generalAndAdministrativeExpenses": 330410000,
        "sellingAndMarketingExpenses": 102961000,
        "sellingGeneralAndAdministrativeExpenses": 433371000,
        "otherExpenses": 0,
        "operatingExpenses": 433371000,
        "costAndExpenses": 955834000,
        "interestIncome": 0,
        "interestExpense": 0,
        "depreciationAndAmortization": 43226000,
        "ebitda": 6691000,
        "ebitdaratio": 0.0072783719,
        "operatingIncome": -36535000,
        "operatingIncomeRatio": -0.0397422384,
        "totalOtherIncomeExpensesNet": -23267000,
        "incomeBeforeTax": -59802000,
        "incomeBeforeTaxRatio": -0.0650517405,
        "incomeTaxExpense": -13156000,
        "netIncome": -46646000,
        "netIncomeRatio": -0.0507408362,
        "eps": -0.13,
        "epsdiluted": -0.13,
        "weightedAverageShsOut": 361751000,
        "weightedAverageShsOutDil": 361751000,
        "link": "https://www.sec.gov/Archives/edgar/data/63276/000119312508090602/0001193125-08-090602-index.htm",
        "finalLink": "https://www.sec.gov/Archives/edgar/data/63276/000119312508090602/d10q.htm"
    },
    {
        "date": "2007-12-31",
        "symbol": "MAT",
        "reportedCurrency": "USD",
        "cik": "0000063276",
        "fillingDate": "2008-02-26",
        "acceptedDate": "2008-02-26 16:55:59",
        "calendarYear": "2007",
        "period": "Q4",
        "revenue": 2188626000,
        "costOfRevenue": 1137886000,
        "grossProfit": 1050740000,
        "grossProfitRatio": 0.4800911622,
        "researchAndDevelopmentExpenses": 0,
        "generalAndAdministrativeExpenses": 403754000,
        "sellingAndMarketingExpenses": 284916000,
        "sellingGeneralAndAdministrativeExpenses": 688670000,
        "otherExpenses": 0,
        "operatingExpenses": 688670000,
        "costAndExpenses": 1826556000,
        "interestIncome": 0,
        "interestExpense": 0,
        "depreciationAndAmortization": 44236000,
        "ebitda": 406306000,
        "ebitdaratio": 0.1856443266,
        "operatingIncome": 362070000,
        "operatingIncomeRatio": 0.1654325591,
        "totalOtherIncomeExpensesNet": -18463000,
        "incomeBeforeTax": 343607000,
        "incomeBeforeTaxRatio": 0.1569966728,
        "incomeTaxExpense": 15131000,
        "netIncome": 328476000,
        "netIncomeRatio": 0.1500832029,
        "eps": 0.91,
        "epsdiluted": 0.91,
        "weightedAverageShsOut": 361751000,
        "weightedAverageShsOutDil": 361751000,
        "link": "https://www.sec.gov/Archives/edgar/data/63276/000119312508038808/0001193125-08-038808-index.htm",
        "finalLink": "https://www.sec.gov/Archives/edgar/data/63276/000119312508038808/d10k.htm"
    },
    {
        "date": "2007-09-30",
        "symbol": "MAT",
        "reportedCurrency": "USD",
        "cik": "0000063276",
        "fillingDate": "2007-10-26",
        "acceptedDate": "2007-10-26 14:17:21",
        "calendarYear": "2007",
        "period": "Q3",
        "revenue": 1838574000,
        "costOfRevenue": 973862000,
        "grossProfit": 864712000,
        "grossProfitRatio": 0.4703166693,
        "researchAndDevelopmentExpenses": 0,
        "generalAndAdministrativeExpenses": 342748000,
        "sellingAndMarketingExpenses": 211436000,
        "sellingGeneralAndAdministrativeExpenses": 554184000,
        "otherExpenses": 0,
        "operatingExpenses": 554184000,
        "costAndExpenses": 1528046000,
        "interestIncome": 0,
        "interestExpense": 0,
        "depreciationAndAmortization": 44211000,
        "ebitda": 354739000,
        "ebitdaratio": 0.1929424652,
        "operatingIncome": 310528000,
        "operatingIncomeRatio": 0.1688961119,
        "totalOtherIncomeExpensesNet": -2840000,
        "incomeBeforeTax": 307688000,
        "incomeBeforeTaxRatio": 0.1673514365,
        "incomeTaxExpense": 70938000,
        "netIncome": 236750000,
        "netIncomeRatio": 0.1287682737,
        "eps": 0.61,
        "epsdiluted": 0.61,
        "weightedAverageShsOut": 386346000,
        "weightedAverageShsOutDil": 391294000,
        "link": "https://www.sec.gov/Archives/edgar/data/63276/000119312507226805/0001193125-07-226805-index.htm",
        "finalLink": "https://www.sec.gov/Archives/edgar/data/63276/000119312507226805/d10q.htm"
    },
    {
        "date": "2007-06-30",
        "symbol": "MAT",
        "reportedCurrency": "USD",
        "cik": "0000063276",
        "fillingDate": "2007-08-03",
        "acceptedDate": "2007-08-03 12:10:07",
        "calendarYear": "2007",
        "period": "Q2",
        "revenue": 1002625000,
        "costOfRevenue": 559463000,
        "grossProfit": 443162000,
        "grossProfitRatio": 0.4420017454,
        "researchAndDevelopmentExpenses": 0,
        "generalAndAdministrativeExpenses": 299207000,
        "sellingAndMarketingExpenses": 107106000,
        "sellingGeneralAndAdministrativeExpenses": 406313000,
        "otherExpenses": 0,
        "operatingExpenses": 406313000,
        "costAndExpenses": 965776000,
        "interestIncome": 0,
        "interestExpense": 0,
        "depreciationAndAmortization": 39803000,
        "ebitda": 76652000,
        "ebitdaratio": 0.0764513153,
        "operatingIncome": 36849000,
        "operatingIncomeRatio": 0.0367525246,
        "totalOtherIncomeExpensesNet": -384000,
        "incomeBeforeTax": 36465000,
        "incomeBeforeTaxRatio": 0.03636953,
        "incomeTaxExpense": 13661000,
        "netIncome": 22804000,
        "netIncomeRatio": 0.0227442962,
        "eps": 0.06,
        "epsdiluted": 0.06,
        "weightedAverageShsOut": 396196000,
        "weightedAverageShsOutDil": 402840000,
        "link": "https://www.sec.gov/Archives/edgar/data/63276/000119312507170360/0001193125-07-170360-index.htm",
        "finalLink": "https://www.sec.gov/Archives/edgar/data/63276/000119312507170360/d10q.htm"
    },
    {
        "date": "2007-03-31",
        "symbol": "MAT",
        "reportedCurrency": "USD",
        "cik": "0000063276",
        "fillingDate": "2007-05-03",
        "acceptedDate": "2007-05-03 16:23:36",
        "calendarYear": "2007",
        "period": "Q1",
        "revenue": 940265000,
        "costOfRevenue": 521579000,
        "grossProfit": 418686000,
        "grossProfitRatio": 0.4452851058,
        "researchAndDevelopmentExpenses": 0,
        "generalAndAdministrativeExpenses": 292745000,
        "sellingAndMarketingExpenses": 105310000,
        "sellingGeneralAndAdministrativeExpenses": 398055000,
        "otherExpenses": 0,
        "operatingExpenses": 398055000,
        "costAndExpenses": 919634000,
        "interestIncome": 0,
        "interestExpense": 0,
        "depreciationAndAmortization": 43830000,
        "ebitda": 64461000,
        "ebitdaratio": 0.0685562049,
        "operatingIncome": 20631000,
        "operatingIncomeRatio": 0.0219416867,
        "totalOtherIncomeExpensesNet": -4993000,
        "incomeBeforeTax": 15638000,
        "incomeBeforeTaxRatio": 0.0166314816,
        "incomeTaxExpense": 3675000,
        "netIncome": 11963000,
        "netIncomeRatio": 0.0127230089,
        "eps": 0.03,
        "epsdiluted": 0.03,
        "weightedAverageShsOut": 389883000,
        "weightedAverageShsOutDil": 396750000,
        "link": "https://www.sec.gov/Archives/edgar/data/63276/000119312507101357/0001193125-07-101357-index.htm",
        "finalLink": "https://www.sec.gov/Archives/edgar/data/63276/000119312507101357/d10q.htm"
    },
    {
        "date": "2006-12-31",
        "symbol": "MAT",
        "reportedCurrency": "USD",
        "cik": "0000063276",
        "fillingDate": "2007-02-26",
        "acceptedDate": "2007-02-26 16:57:09",
        "calendarYear": "2006",
        "period": "Q4",
        "revenue": 2108842000,
        "costOfRevenue": 1096496000,
        "grossProfit": 1012346000,
        "grossProfitRatio": 0.4800482919,
        "researchAndDevelopmentExpenses": 0,
        "generalAndAdministrativeExpenses": 368001000,
        "sellingAndMarketingExpenses": 255682000,
        "sellingGeneralAndAdministrativeExpenses": 623683000,
        "otherExpenses": 0,
        "operatingExpenses": 623683000,
        "costAndExpenses": 1720179000,
        "interestIncome": 0,
        "interestExpense": 0,
        "depreciationAndAmortization": 44303000,
        "ebitda": 432966000,
        "ebitdaratio": 0.2053098335,
        "operatingIncome": 388663000,
        "operatingIncomeRatio": 0.1843016215,
        "totalOtherIncomeExpensesNet": -15319000,
        "incomeBeforeTax": 373344000,
        "incomeBeforeTaxRatio": 0.1770374452,
        "incomeTaxExpense": 86992000,
        "netIncome": 286352000,
        "netIncomeRatio": 0.13578637,
        "eps": 0.73,
        "epsdiluted": 0.73,
        "weightedAverageShsOut": 378211000,
        "weightedAverageShsOutDil": 389883000,
        "link": "https://www.sec.gov/Archives/edgar/data/63276/000119312507039835/0001193125-07-039835-index.htm",
        "finalLink": "https://www.sec.gov/Archives/edgar/data/63276/000119312507039835/d10k.htm"
    },
    {
        "date": "2006-09-30",
        "symbol": "MAT",
        "reportedCurrency": "USD",
        "cik": "0000063276",
        "fillingDate": "2006-11-02",
        "acceptedDate": "2006-11-02 15:50:46",
        "calendarYear": "2006",
        "period": "Q3",
        "revenue": 1790312000,
        "costOfRevenue": 938943000,
        "grossProfit": 851369000,
        "grossProfitRatio": 0.4755422519,
        "researchAndDevelopmentExpenses": 0,
        "generalAndAdministrativeExpenses": 323248000,
        "sellingAndMarketingExpenses": 205886000,
        "sellingGeneralAndAdministrativeExpenses": 529134000,
        "otherExpenses": 0,
        "operatingExpenses": 529134000,
        "costAndExpenses": 1468077000,
        "interestIncome": 0,
        "interestExpense": 0,
        "depreciationAndAmortization": 42503000,
        "ebitda": 364738000,
        "ebitdaratio": 0.2037287356,
        "operatingIncome": 322235000,
        "operatingIncomeRatio": 0.1799881808,
        "totalOtherIncomeExpensesNet": -17682000,
        "incomeBeforeTax": 304553000,
        "incomeBeforeTaxRatio": 0.17011169,
        "incomeTaxExpense": 65528000,
        "netIncome": 239025000,
        "netIncomeRatio": 0.1335102485,
        "eps": 0.63,
        "epsdiluted": 0.62,
        "weightedAverageShsOut": 378628000,
        "weightedAverageShsOutDil": 382664000,
        "link": "https://www.sec.gov/Archives/edgar/data/63276/000119312506222050/0001193125-06-222050-index.htm",
        "finalLink": "https://www.sec.gov/Archives/edgar/data/63276/000119312506222050/d10q.htm"
    },
    {
        "date": "2006-06-30",
        "symbol": "MAT",
        "reportedCurrency": "USD",
        "cik": "0000063276",
        "fillingDate": "2006-08-02",
        "acceptedDate": "2006-08-02 17:11:46",
        "calendarYear": "2006",
        "period": "Q2",
        "revenue": 957655000,
        "costOfRevenue": 541535000,
        "grossProfit": 416120000,
        "grossProfitRatio": 0.4345197383,
        "researchAndDevelopmentExpenses": 0,
        "generalAndAdministrativeExpenses": 265655000,
        "sellingAndMarketingExpenses": 100554000,
        "sellingGeneralAndAdministrativeExpenses": 366209000,
        "otherExpenses": 0,
        "operatingExpenses": 366209000,
        "costAndExpenses": 907744000,
        "interestIncome": 0,
        "interestExpense": 0,
        "depreciationAndAmortization": 43448000,
        "ebitda": 93359000,
        "ebitdaratio": 0.0974870909,
        "operatingIncome": 49911000,
        "operatingIncomeRatio": 0.0521179339,
        "totalOtherIncomeExpensesNet": -7557000,
        "incomeBeforeTax": 42354000,
        "incomeBeforeTaxRatio": 0.0442267831,
        "incomeTaxExpense": 4974000,
        "netIncome": 37380000,
        "netIncomeRatio": 0.0390328459,
        "eps": 0.1,
        "epsdiluted": 0.1,
        "weightedAverageShsOut": 386191000,
        "weightedAverageShsOutDil": 388777000,
        "link": "https://www.sec.gov/Archives/edgar/data/63276/000119312506159450/0001193125-06-159450-index.htm",
        "finalLink": "https://www.sec.gov/Archives/edgar/data/63276/000119312506159450/d10q.htm"
    },
    {
        "date": "2006-03-31",
        "symbol": "MAT",
        "reportedCurrency": "USD",
        "cik": "0000063276",
        "fillingDate": "2006-05-03",
        "acceptedDate": "2006-05-03 16:11:02",
        "calendarYear": "2006",
        "period": "Q1",
        "revenue": 793347000,
        "costOfRevenue": 461389000,
        "grossProfit": 331958000,
        "grossProfitRatio": 0.4184272456,
        "researchAndDevelopmentExpenses": 0,
        "generalAndAdministrativeExpenses": 275096000,
        "sellingAndMarketingExpenses": 88853000,
        "sellingGeneralAndAdministrativeExpenses": 363949000,
        "otherExpenses": 0,
        "operatingExpenses": 363949000,
        "costAndExpenses": 825338000,
        "interestIncome": 0,
        "interestExpense": 0,
        "depreciationAndAmortization": 42010000,
        "ebitda": 10019000,
        "ebitdaratio": 0.012628774,
        "operatingIncome": -31991000,
        "operatingIncomeRatio": -0.0403240953,
        "totalOtherIncomeExpensesNet": -4504000,
        "incomeBeforeTax": -36495000,
        "incomeBeforeTaxRatio": -0.0460013084,
        "incomeTaxExpense": -66665000,
        "netIncome": 30170000,
        "netIncomeRatio": 0.0380287566,
        "eps": 0.08,
        "epsdiluted": 0.08,
        "weightedAverageShsOut": 388766000,
        "weightedAverageShsOutDil": 391287000,
        "link": "https://www.sec.gov/Archives/edgar/data/63276/000119312506098379/0001193125-06-098379-index.htm",
        "finalLink": "https://www.sec.gov/Archives/edgar/data/63276/000119312506098379/d10q.htm"
    },
    {
        "date": "2005-12-31",
        "symbol": "MAT",
        "reportedCurrency": "USD",
        "cik": "0000063276",
        "fillingDate": "2006-02-27",
        "acceptedDate": "2006-02-27 15:21:10",
        "calendarYear": "2005",
        "period": "Q4",
        "revenue": 1842928000,
        "costOfRevenue": 962194000,
        "grossProfit": 880734000,
        "grossProfitRatio": 0.4778992994,
        "researchAndDevelopmentExpenses": 0,
        "generalAndAdministrativeExpenses": 302376000,
        "sellingAndMarketingExpenses": 256683000,
        "sellingGeneralAndAdministrativeExpenses": 559059000,
        "otherExpenses": 0,
        "operatingExpenses": 559059000,
        "costAndExpenses": 1521253000,
        "interestIncome": 0,
        "interestExpense": 0,
        "depreciationAndAmortization": 45182000,
        "ebitda": 366857000,
        "ebitdaratio": 0.1990620361,
        "operatingIncome": 321675000,
        "operatingIncomeRatio": 0.1745456144,
        "totalOtherIncomeExpensesNet": -15919000,
        "incomeBeforeTax": 305756000,
        "incomeBeforeTaxRatio": 0.1659077294,
        "incomeTaxExpense": 26596000,
        "netIncome": 279160000,
        "netIncomeRatio": 0.1514763463,
        "eps": 0.72,
        "epsdiluted": 0.72,
        "weightedAverageShsOut": 388766000,
        "weightedAverageShsOutDil": 388766000,
        "link": "https://www.sec.gov/Archives/edgar/data/63276/000119312506039887/0001193125-06-039887-index.htm",
        "finalLink": "https://www.sec.gov/Archives/edgar/data/63276/000119312506039887/d10k.htm"
    },
    {
        "date": "2005-09-30",
        "symbol": "MAT",
        "reportedCurrency": "USD",
        "cik": "0000063276",
        "fillingDate": "2005-11-03",
        "acceptedDate": "2005-11-03 16:10:38",
        "calendarYear": "2005",
        "period": "Q3",
        "revenue": 1666145000,
        "costOfRevenue": 904888000,
        "grossProfit": 761257000,
        "grossProfitRatio": 0.4568972088,
        "researchAndDevelopmentExpenses": 0,
        "generalAndAdministrativeExpenses": 260850000,
        "sellingAndMarketingExpenses": 191607000,
        "sellingGeneralAndAdministrativeExpenses": 452457000,
        "otherExpenses": 0,
        "operatingExpenses": 452457000,
        "costAndExpenses": 1357345000,
        "interestIncome": 0,
        "interestExpense": 0,
        "depreciationAndAmortization": 41481000,
        "ebitda": 350281000,
        "ebitdaratio": 0.2102344034,
        "operatingIncome": 308800000,
        "operatingIncomeRatio": 0.1853380108,
        "totalOtherIncomeExpensesNet": 2539000,
        "incomeBeforeTax": 311339000,
        "incomeBeforeTaxRatio": 0.1868618878,
        "incomeTaxExpense": 86000000,
        "netIncome": 225339000,
        "netIncomeRatio": 0.1352457319,
        "eps": 0.56,
        "epsdiluted": 0.55,
        "weightedAverageShsOut": 403743000,
        "weightedAverageShsOutDil": 407222000,
        "link": "https://www.sec.gov/Archives/edgar/data/63276/000119312505215656/0001193125-05-215656-index.htm",
        "finalLink": "https://www.sec.gov/Archives/edgar/data/63276/000119312505215656/d10q.htm"
    },
    {
        "date": "2005-06-30",
        "symbol": "MAT",
        "reportedCurrency": "USD",
        "cik": "0000063276",
        "fillingDate": "2005-08-03",
        "acceptedDate": "2005-08-03 16:35:48",
        "calendarYear": "2005",
        "period": "Q2",
        "revenue": 886823000,
        "costOfRevenue": 500006000,
        "grossProfit": 386817000,
        "grossProfitRatio": 0.4361828685,
        "researchAndDevelopmentExpenses": 0,
        "generalAndAdministrativeExpenses": 265176000,
        "sellingAndMarketingExpenses": 93116000,
        "sellingGeneralAndAdministrativeExpenses": 358292000,
        "otherExpenses": 0,
        "operatingExpenses": 358292000,
        "costAndExpenses": 858298000,
        "interestIncome": 0,
        "interestExpense": 0,
        "depreciationAndAmortization": 44173000,
        "ebitda": 72698000,
        "ebitdaratio": 0.0819757719,
        "operatingIncome": 28525000,
        "operatingIncomeRatio": 0.0321653814,
        "totalOtherIncomeExpensesNet": -2519000,
        "incomeBeforeTax": 26006000,
        "incomeBeforeTaxRatio": 0.0293249047,
        "incomeTaxExpense": 119993000,
        "netIncome": -93987000,
        "netIncomeRatio": -0.1059816897,
        "eps": -0.23,
        "epsdiluted": -0.23,
        "weightedAverageShsOut": 409769000,
        "weightedAverageShsOutDil": 409769000,
        "link": "https://www.sec.gov/Archives/edgar/data/63276/000119312505156331/0001193125-05-156331-index.htm",
        "finalLink": "https://www.sec.gov/Archives/edgar/data/63276/000119312505156331/d10q.htm"
    },
    {
        "date": "2005-03-31",
        "symbol": "MAT",
        "reportedCurrency": "USD",
        "cik": "0000063276",
        "fillingDate": "2005-05-04",
        "acceptedDate": "2005-05-04 14:49:34",
        "calendarYear": "2005",
        "period": "Q1",
        "revenue": 783120000,
        "costOfRevenue": 439060000,
        "grossProfit": 344060000,
        "grossProfitRatio": 0.4393451834,
        "researchAndDevelopmentExpenses": 0,
        "generalAndAdministrativeExpenses": 250822000,
        "sellingAndMarketingExpenses": 87709000,
        "sellingGeneralAndAdministrativeExpenses": 338531000,
        "otherExpenses": 0,
        "operatingExpenses": 338531000,
        "costAndExpenses": 777591000,
        "interestIncome": 0,
        "interestExpense": 0,
        "depreciationAndAmortization": 44155000,
        "ebitda": 49684000,
        "ebitdaratio": 0.0634436613,
        "operatingIncome": 5529000,
        "operatingIncomeRatio": 0.0070602207,
        "totalOtherIncomeExpensesNet": 3419000,
        "incomeBeforeTax": 8948000,
        "incomeBeforeTaxRatio": 0.0114260905,
        "incomeTaxExpense": 2441000,
        "netIncome": 6507000,
        "netIncomeRatio": 0.0083090714,
        "eps": 0.02,
        "epsdiluted": 0.02,
        "weightedAverageShsOut": 416096000,
        "weightedAverageShsOutDil": 421105000,
        "link": "https://www.sec.gov/Archives/edgar/data/63276/000119312505095516/0001193125-05-095516-index.htm",
        "finalLink": "https://www.sec.gov/Archives/edgar/data/63276/000119312505095516/d10q.htm"
    },
    {
        "date": "2004-12-31",
        "symbol": "MAT",
        "reportedCurrency": "USD",
        "cik": "0000063276",
        "fillingDate": "2005-03-08",
        "acceptedDate": "2005-03-08 16:09:22",
        "calendarYear": "2004",
        "period": "Q4",
        "revenue": 1850379000,
        "costOfRevenue": 954333000,
        "grossProfit": 896046000,
        "grossProfitRatio": 0.4842499834,
        "researchAndDevelopmentExpenses": 0,
        "generalAndAdministrativeExpenses": 302970000,
        "sellingAndMarketingExpenses": 279040000,
        "sellingGeneralAndAdministrativeExpenses": 582010000,
        "otherExpenses": 0,
        "operatingExpenses": 582010000,
        "costAndExpenses": 1536343000,
        "interestIncome": 0,
        "interestExpense": 0,
        "depreciationAndAmortization": 46512000,
        "ebitda": 360548000,
        "ebitdaratio": 0.1948508927,
        "operatingIncome": 314036000,
        "operatingIncomeRatio": 0.1697144207,
        "totalOtherIncomeExpensesNet": -13795000,
        "incomeBeforeTax": 300241000,
        "incomeBeforeTaxRatio": 0.1622591912,
        "incomeTaxExpense": 15896000,
        "netIncome": 284345000,
        "netIncomeRatio": 0.1536685187,
        "eps": 0.68,
        "epsdiluted": 0.68,
        "weightedAverageShsOut": 415068000,
        "weightedAverageShsOutDil": 416096000,
        "link": "https://www.sec.gov/Archives/edgar/data/63276/000119312505044603/0001193125-05-044603-index.htm",
        "finalLink": "https://www.sec.gov/Archives/edgar/data/63276/000119312505044603/d10k.htm"
    },
    {
        "date": "2004-09-30",
        "symbol": "MAT",
        "reportedCurrency": "USD",
        "cik": "0000063276",
        "fillingDate": "2004-11-08",
        "acceptedDate": "2004-11-08 14:15:54",
        "calendarYear": "2004",
        "period": "Q3",
        "revenue": 1667461000,
        "costOfRevenue": 870807000,
        "grossProfit": 796654000,
        "grossProfitRatio": 0.4777646973,
        "researchAndDevelopmentExpenses": 0,
        "generalAndAdministrativeExpenses": 243710000,
        "sellingAndMarketingExpenses": 192088000,
        "sellingGeneralAndAdministrativeExpenses": 435798000,
        "otherExpenses": 0,
        "operatingExpenses": 435798000,
        "costAndExpenses": 1306605000,
        "interestIncome": 0,
        "interestExpense": 0,
        "depreciationAndAmortization": 45080000,
        "ebitda": 405936000,
        "ebitdaratio": 0.2434455738,
        "operatingIncome": 360856000,
        "operatingIncomeRatio": 0.2164104588,
        "totalOtherIncomeExpensesNet": -9737000,
        "incomeBeforeTax": 351119000,
        "incomeBeforeTaxRatio": 0.2105710418,
        "incomeTaxExpense": 95289000,
        "netIncome": 255830000,
        "netIncomeRatio": 0.1534248777,
        "eps": 0.62,
        "epsdiluted": 0.61,
        "weightedAverageShsOut": 414592000,
        "weightedAverageShsOutDil": 417962000,
        "link": "https://www.sec.gov/Archives/edgar/data/63276/000119312504189196/0001193125-04-189196-index.htm",
        "finalLink": "https://www.sec.gov/Archives/edgar/data/63276/000119312504189196/d10q.htm"
    },
    {
        "date": "2004-06-30",
        "symbol": "MAT",
        "reportedCurrency": "USD",
        "cik": "0000063276",
        "fillingDate": "2004-08-06",
        "acceptedDate": "2004-08-06 14:33:28",
        "calendarYear": "2004",
        "period": "Q2",
        "revenue": 804002000,
        "costOfRevenue": 437654000,
        "grossProfit": 366348000,
        "grossProfitRatio": 0.4556555829,
        "researchAndDevelopmentExpenses": 0,
        "generalAndAdministrativeExpenses": 238712000,
        "sellingAndMarketingExpenses": 84421000,
        "sellingGeneralAndAdministrativeExpenses": 323133000,
        "otherExpenses": 0,
        "operatingExpenses": 323133000,
        "costAndExpenses": 760787000,
        "interestIncome": 0,
        "interestExpense": 0,
        "depreciationAndAmortization": 44497000,
        "ebitda": 87712000,
        "ebitdaratio": 0.109094256,
        "operatingIncome": 43215000,
        "operatingIncomeRatio": 0.0537498663,
        "totalOtherIncomeExpensesNet": -10725000,
        "incomeBeforeTax": 32490000,
        "incomeBeforeTaxRatio": 0.0404103472,
        "incomeTaxExpense": 8935000,
        "netIncome": 23555000,
        "netIncomeRatio": 0.0292971908,
        "eps": 0.0562,
        "epsdiluted": 0.0562,
        "weightedAverageShsOut": 419177000,
        "weightedAverageShsOutDil": 422903000,
        "link": "https://www.sec.gov/Archives/edgar/data/63276/000119312504134162/0001193125-04-134162-index.htm",
        "finalLink": "https://www.sec.gov/Archives/edgar/data/63276/000119312504134162/d10q.htm"
    },
    {
        "date": "2004-03-31",
        "symbol": "MAT",
        "reportedCurrency": "USD",
        "cik": "0000063276",
        "fillingDate": "2004-05-07",
        "acceptedDate": "2004-05-07 14:08:19",
        "calendarYear": "2004",
        "period": "Q1",
        "revenue": 780944000,
        "costOfRevenue": 429267000,
        "grossProfit": 351677000,
        "grossProfitRatio": 0.4503229425,
        "researchAndDevelopmentExpenses": 0,
        "generalAndAdministrativeExpenses": 251549000,
        "sellingAndMarketingExpenses": 87418000,
        "sellingGeneralAndAdministrativeExpenses": 338967000,
        "otherExpenses": 0,
        "operatingExpenses": 338967000,
        "costAndExpenses": 768234000,
        "interestIncome": 0,
        "interestExpense": 0,
        "depreciationAndAmortization": 46389000,
        "ebitda": 59099000,
        "ebitdaratio": 0.0756763609,
        "operatingIncome": 12710000,
        "operatingIncomeRatio": 0.0162751747,
        "totalOtherIncomeExpensesNet": -306000,
        "incomeBeforeTax": 12404000,
        "incomeBeforeTaxRatio": 0.0158833412,
        "incomeTaxExpense": 3411000,
        "netIncome": 8993000,
        "netIncomeRatio": 0.0115155504,
        "eps": 0.021,
        "epsdiluted": 0.021,
        "weightedAverageShsOut": 428169000,
        "weightedAverageShsOutDil": 432239000,
        "link": "https://www.sec.gov/Archives/edgar/data/63276/000119312504081874/0001193125-04-081874-index.htm",
        "finalLink": "https://www.sec.gov/Archives/edgar/data/63276/000119312504081874/d10q.htm"
    },
    {
        "date": "2003-12-31",
        "symbol": "MAT",
        "reportedCurrency": "USD",
        "cik": "0000063276",
        "fillingDate": "2004-03-12",
        "acceptedDate": "2004-03-12 14:30:24",
        "calendarYear": "2003",
        "period": "Q4",
        "revenue": 1741149000,
        "costOfRevenue": 876065000,
        "grossProfit": 865084000,
        "grossProfitRatio": 0.4968466225,
        "researchAndDevelopmentExpenses": 0,
        "generalAndAdministrativeExpenses": 286224000,
        "sellingAndMarketingExpenses": 274913000,
        "sellingGeneralAndAdministrativeExpenses": 561137000,
        "otherExpenses": 400000,
        "operatingExpenses": 561537000,
        "costAndExpenses": 1437602000,
        "interestIncome": 0,
        "interestExpense": 0,
        "depreciationAndAmortization": 48084000,
        "ebitda": 352031000,
        "ebitdaratio": 0.2021831561,
        "operatingIncome": 303547000,
        "operatingIncomeRatio": 0.1743371762,
        "totalOtherIncomeExpensesNet": -9598000,
        "incomeBeforeTax": 293949000,
        "incomeBeforeTaxRatio": 0.1688247244,
        "incomeTaxExpense": 80083000,
        "netIncome": 213866000,
        "netIncomeRatio": 0.1228303838,
        "eps": 0.5,
        "epsdiluted": 0.5,
        "weightedAverageShsOut": 428169000,
        "weightedAverageShsOutDil": 428169000,
        "link": "https://www.sec.gov/Archives/edgar/data/63276/000119312504040335/0001193125-04-040335-index.htm",
        "finalLink": "https://www.sec.gov/Archives/edgar/data/63276/000119312504040335/d10k.htm"
    },
    {
        "date": "2003-09-30",
        "symbol": "MAT",
        "reportedCurrency": "USD",
        "cik": "0000063276",
        "fillingDate": "2003-11-13",
        "acceptedDate": "2003-11-13 13:26:40",
        "calendarYear": "2003",
        "period": "Q3",
        "revenue": 1704674000,
        "costOfRevenue": 864605000,
        "grossProfit": 840069000,
        "grossProfitRatio": 0.4928033161,
        "researchAndDevelopmentExpenses": 0,
        "generalAndAdministrativeExpenses": 263275000,
        "sellingAndMarketingExpenses": 196638000,
        "sellingGeneralAndAdministrativeExpenses": 459913000,
        "otherExpenses": -7631000,
        "operatingExpenses": 452282000,
        "costAndExpenses": 1316887000,
        "interestIncome": 0,
        "interestExpense": 0,
        "depreciationAndAmortization": 45666000,
        "ebitda": 425822000,
        "ebitdaratio": 0.2497967353,
        "operatingIncome": 387787000,
        "operatingIncomeRatio": 0.2274845513,
        "totalOtherIncomeExpensesNet": -14355000,
        "incomeBeforeTax": 373432000,
        "incomeBeforeTaxRatio": 0.2190635864,
        "incomeTaxExpense": 103401000,
        "netIncome": 270031000,
        "netIncomeRatio": 0.1584062407,
        "eps": 0.61,
        "epsdiluted": 0.61,
        "weightedAverageShsOut": 439315000,
        "weightedAverageShsOutDil": 444004000,
        "link": "https://www.sec.gov/Archives/edgar/data/63276/000119312503079821/0001193125-03-079821-index.htm",
        "finalLink": "https://www.sec.gov/Archives/edgar/data/63276/000119312503079821/d10q.htm"
    },
    {
        "date": "2003-06-30",
        "symbol": "MAT",
        "reportedCurrency": "USD",
        "cik": "0000063276",
        "fillingDate": "2003-08-14",
        "acceptedDate": "2003-08-14 16:03:35",
        "calendarYear": "2003",
        "period": "Q2",
        "revenue": 768994000,
        "costOfRevenue": 412670000,
        "grossProfit": 356324000,
        "grossProfitRatio": 0.4633638234,
        "researchAndDevelopmentExpenses": 0,
        "generalAndAdministrativeExpenses": 230530000,
        "sellingAndMarketingExpenses": 80748000,
        "sellingGeneralAndAdministrativeExpenses": 311278000,
        "otherExpenses": 3300000,
        "operatingExpenses": 314578000,
        "costAndExpenses": 727248000,
        "interestIncome": 0,
        "interestExpense": 0,
        "depreciationAndAmortization": 45156000,
        "ebitda": 90202000,
        "ebitdaratio": 0.1172987045,
        "operatingIncome": 41746000,
        "operatingIncomeRatio": 0.0542865094,
        "totalOtherIncomeExpensesNet": -12924000,
        "incomeBeforeTax": 28822000,
        "incomeBeforeTaxRatio": 0.0374801364,
        "incomeTaxExpense": 7930000,
        "netIncome": 20892000,
        "netIncomeRatio": 0.0271679623,
        "eps": 0.05,
        "epsdiluted": 0.05,
        "weightedAverageShsOut": 439700000,
        "weightedAverageShsOutDil": 445491000,
        "link": "https://www.sec.gov/Archives/edgar/data/63276/000119312503037934/0001193125-03-037934-index.htm",
        "finalLink": "https://www.sec.gov/Archives/edgar/data/63276/000119312503037934/d10q.htm"
    },
    {
        "date": "2003-03-31",
        "symbol": "MAT",
        "reportedCurrency": "USD",
        "cik": "0000063276",
        "fillingDate": "2003-05-14",
        "acceptedDate": "2003-05-14 16:08:46",
        "calendarYear": "2003",
        "period": "Q1",
        "revenue": 745283000,
        "costOfRevenue": 377277000,
        "grossProfit": 368006000,
        "grossProfitRatio": 0.493780215,
        "researchAndDevelopmentExpenses": 0,
        "generalAndAdministrativeExpenses": 222870000,
        "sellingAndMarketingExpenses": 83806000,
        "sellingGeneralAndAdministrativeExpenses": 306676000,
        "otherExpenses": 8700000,
        "operatingExpenses": 315376000,
        "costAndExpenses": 692653000,
        "interestIncome": 0,
        "interestExpense": 0,
        "depreciationAndAmortization": 44913000,
        "ebitda": 106243000,
        "ebitdaratio": 0.1425539023,
        "operatingIncome": 52630000,
        "operatingIncomeRatio": 0.0706174701,
        "totalOtherIncomeExpensesNet": -7979000,
        "incomeBeforeTax": 44651000,
        "incomeBeforeTaxRatio": 0.0599114699,
        "incomeTaxExpense": 11808000,
        "netIncome": 32843000,
        "netIncomeRatio": 0.0440678239,
        "eps": 0.07,
        "epsdiluted": 0.07,
        "weightedAverageShsOut": 438265000,
        "weightedAverageShsOutDil": 443934000,
        "link": "https://www.sec.gov/Archives/edgar/data/63276/000089843003002963/0000898430-03-002963-index.htm",
        "finalLink": "https://www.sec.gov/Archives/edgar/data/63276/000089843003002963/d10q.htm"
    },
    {
        "date": "2002-12-31",
        "symbol": "MAT",
        "reportedCurrency": "USD",
        "cik": "0000063276",
        "fillingDate": "2003-03-24",
        "acceptedDate": "2003-03-24 16:56:15",
        "calendarYear": "2002",
        "period": "Q4",
        "revenue": 1669488000,
        "costOfRevenue": 835153000,
        "grossProfit": 834335000,
        "grossProfitRatio": 0.4997550147,
        "researchAndDevelopmentExpenses": 0,
        "generalAndAdministrativeExpenses": 342520000,
        "sellingAndMarketingExpenses": 199992000,
        "sellingGeneralAndAdministrativeExpenses": 542512000,
        "otherExpenses": 2901000,
        "operatingExpenses": 545413000,
        "costAndExpenses": 1380566000,
        "interestIncome": 0,
        "interestExpense": 0,
        "depreciationAndAmortization": 49655000,
        "ebitda": 341477000,
        "ebitdaratio": 0.2045399548,
        "operatingIncome": 288922000,
        "operatingIncomeRatio": 0.1730602436,
        "totalOtherIncomeExpensesNet": -33774000,
        "incomeBeforeTax": 255148000,
        "incomeBeforeTaxRatio": 0.1528300892,
        "incomeTaxExpense": 69054000,
        "netIncome": 186094000,
        "netIncomeRatio": 0.1114677075,
        "eps": 0.42,
        "epsdiluted": 0.42,
        "weightedAverageShsOut": 437371000,
        "weightedAverageShsOutDil": 438265000,
        "link": "https://www.sec.gov/Archives/edgar/data/63276/000089843003002040/0000898430-03-002040-index.htm",
        "finalLink": "https://www.sec.gov/Archives/edgar/data/63276/000089843003002040/d10k.htm"
    },
    {
        "date": "2002-09-30",
        "symbol": "MAT",
        "reportedCurrency": "USD",
        "cik": "0000063276",
        "fillingDate": "2002-11-12",
        "acceptedDate": "2002-11-12 16:15:28",
        "calendarYear": "2002",
        "period": "Q3",
        "revenue": 1669424000,
        "costOfRevenue": 829024000,
        "grossProfit": 840400000,
        "grossProfitRatio": 0.5034071632,
        "researchAndDevelopmentExpenses": 0,
        "generalAndAdministrativeExpenses": 281590000,
        "sellingAndMarketingExpenses": 186980000,
        "sellingGeneralAndAdministrativeExpenses": 468570000,
        "otherExpenses": 0,
        "operatingExpenses": 468570000,
        "costAndExpenses": 1297594000,
        "interestIncome": 0,
        "interestExpense": 0,
        "depreciationAndAmortization": 45521000,
        "ebitda": 417351000,
        "ebitdaratio": 0.249997005,
        "operatingIncome": 371830000,
        "operatingIncomeRatio": 0.2227295163,
        "totalOtherIncomeExpensesNet": -24662000,
        "incomeBeforeTax": 347168000,
        "incomeBeforeTaxRatio": 0.2079567563,
        "incomeTaxExpense": 93847000,
        "netIncome": 280574000,
        "netIncomeRatio": 0.168066351,
        "eps": 0.64,
        "epsdiluted": 0.63,
        "weightedAverageShsOut": 436959000,
        "weightedAverageShsOutDil": 442151000,
        "link": "https://www.sec.gov/Archives/edgar/data/63276/000089843002004040/0000898430-02-004040-index.htm",
        "finalLink": "https://www.sec.gov/Archives/edgar/data/63276/000089843002004040/d10q.htm"
    },
    {
        "date": "2002-06-30",
        "symbol": "MAT",
        "reportedCurrency": "USD",
        "cik": "0000063276",
        "fillingDate": "2002-08-09",
        "acceptedDate": "2002-08-08 21:36:17",
        "calendarYear": "2002",
        "period": "Q2",
        "revenue": 804444000,
        "costOfRevenue": 450086000,
        "grossProfit": 354358000,
        "grossProfitRatio": 0.4405005196,
        "researchAndDevelopmentExpenses": 0,
        "generalAndAdministrativeExpenses": 216327000,
        "sellingAndMarketingExpenses": 82858000,
        "sellingGeneralAndAdministrativeExpenses": 299185000,
        "otherExpenses": 6900000,
        "operatingExpenses": 306085000,
        "costAndExpenses": 756171000,
        "interestIncome": 0,
        "interestExpense": 0,
        "depreciationAndAmortization": 47910000,
        "ebitda": 103083000,
        "ebitdaratio": 0.1281419216,
        "operatingIncome": 48273000,
        "operatingIncomeRatio": 0.0600079061,
        "totalOtherIncomeExpensesNet": -22624000,
        "incomeBeforeTax": 25649000,
        "incomeBeforeTaxRatio": 0.0318841336,
        "incomeTaxExpense": 6071000,
        "netIncome": 19578000,
        "netIncomeRatio": 0.0243373063,
        "eps": 0.04,
        "epsdiluted": 0.04,
        "weightedAverageShsOut": 436134000,
        "weightedAverageShsOutDil": 442163000,
        "link": "https://www.sec.gov/Archives/edgar/data/63276/000102140802010330/0001021408-02-010330-index.htm",
        "finalLink": "https://www.sec.gov/Archives/edgar/data/63276/000102140802010330/d10q.htm"
    },
    {
        "date": "2002-03-31",
        "symbol": "MAT",
        "reportedCurrency": "USD",
        "cik": "0000063276",
        "fillingDate": "2002-05-14",
        "acceptedDate": "2002-05-14 15:38:38",
        "calendarYear": "2002",
        "period": "Q1",
        "revenue": 741984000,
        "costOfRevenue": 410090000,
        "grossProfit": 331894000,
        "grossProfitRatio": 0.4473061414,
        "researchAndDevelopmentExpenses": 0,
        "generalAndAdministrativeExpenses": 209907000,
        "sellingAndMarketingExpenses": 82671000,
        "sellingGeneralAndAdministrativeExpenses": 292578000,
        "otherExpenses": 14800000,
        "operatingExpenses": 307378000,
        "costAndExpenses": 717468000,
        "interestIncome": 0,
        "interestExpense": 0,
        "depreciationAndAmortization": 48842000,
        "ebitda": 88158000,
        "ebitdaratio": 0.1188138828,
        "operatingIncome": 24516000,
        "operatingIncomeRatio": 0.0330411437,
        "totalOtherIncomeExpensesNet": -30984000,
        "incomeBeforeTax": -6468000,
        "incomeBeforeTaxRatio": -0.0087171691,
        "incomeTaxExpense": -2517000,
        "netIncome": -256145000,
        "netIncomeRatio": -0.3452163389,
        "eps": -0.59,
        "epsdiluted": -0.59,
        "weightedAverageShsOut": 432640000,
        "weightedAverageShsOutDil": 432640000,
        "link": "https://www.sec.gov/Archives/edgar/data/63276/000089843002001936/0000898430-02-001936-index.htm",
        "finalLink": "https://www.sec.gov/Archives/edgar/data/63276/000089843002001936/d10q.htm"
    },
    {
        "date": "2001-12-31",
        "symbol": "MAT",
        "reportedCurrency": "USD",
        "cik": "0000063276",
        "fillingDate": "2002-03-28",
        "acceptedDate": "2002-03-28 00:00:00",
        "calendarYear": "2001",
        "period": "Q4",
        "revenue": 1605081000,
        "costOfRevenue": 817609000,
        "grossProfit": 787472000,
        "grossProfitRatio": 0.4906120003,
        "researchAndDevelopmentExpenses": 0,
        "generalAndAdministrativeExpenses": 286192000,
        "sellingAndMarketingExpenses": 248355000,
        "sellingGeneralAndAdministrativeExpenses": 534547000,
        "otherExpenses": 15579000,
        "operatingExpenses": 550126000,
        "costAndExpenses": 1367735000,
        "interestIncome": 0,
        "interestExpense": 0,
        "depreciationAndAmortization": 63010000,
        "ebitda": 303056000,
        "ebitdaratio": 0.1888104089,
        "operatingIncome": 237346000,
        "operatingIncomeRatio": 0.147871665,
        "totalOtherIncomeExpensesNet": -46905000,
        "incomeBeforeTax": 190441000,
        "incomeBeforeTaxRatio": 0.1186488408,
        "incomeTaxExpense": 52463000,
        "netIncome": 137978000,
        "netIncomeRatio": 0.0859632629,
        "eps": 0.32,
        "epsdiluted": 0.32,
        "weightedAverageShsOut": 431823000,
        "weightedAverageShsOutDil": 432640000,
        "link": "https://www.sec.gov/Archives/edgar/data/63276/000089843002001098/0000898430-02-001098-index.htm",
        "finalLink": "https://www.sec.gov/Archives/edgar/data/63276/000089843002001098/d10k.txt"
    },
    {
        "date": "2001-09-30",
        "symbol": "MAT",
        "reportedCurrency": "USD",
        "cik": "0000063276",
        "fillingDate": "2001-10-26",
        "acceptedDate": "2001-10-26 00:00:00",
        "calendarYear": "2001",
        "period": "Q3",
        "revenue": 1612767000,
        "costOfRevenue": 839488000,
        "grossProfit": 773279000,
        "grossProfitRatio": 0.4794734763,
        "researchAndDevelopmentExpenses": 0,
        "generalAndAdministrativeExpenses": 230264000,
        "sellingAndMarketingExpenses": 212885000,
        "sellingGeneralAndAdministrativeExpenses": 443149000,
        "otherExpenses": 12728000,
        "operatingExpenses": 455877000,
        "costAndExpenses": 1295365000,
        "interestIncome": 0,
        "interestExpense": 0,
        "depreciationAndAmortization": 62751000,
        "ebitda": 380153000,
        "ebitdaratio": 0.2357147685,
        "operatingIncome": 317402000,
        "operatingIncomeRatio": 0.1968058622,
        "totalOtherIncomeExpensesNet": -41811000,
        "incomeBeforeTax": 275591000,
        "incomeBeforeTaxRatio": 0.1708808526,
        "incomeTaxExpense": 75756000,
        "netIncome": 199835000,
        "netIncomeRatio": 0.1239081653,
        "eps": 0.46,
        "epsdiluted": 0.46,
        "weightedAverageShsOut": 431250000,
        "weightedAverageShsOutDil": 436316000,
        "link": "https://www.sec.gov/Archives/edgar/data/63276/000089843001503134/0000898430-01-503134-index.htm",
        "finalLink": "https://www.sec.gov/Archives/edgar/data/63276/000089843001503134/d10q.txt"
    },
    {
        "date": "2001-06-30",
        "symbol": "MAT",
        "reportedCurrency": "USD",
        "cik": "0000063276",
        "fillingDate": "2001-08-14",
        "acceptedDate": "2001-08-14 00:00:00",
        "calendarYear": "2001",
        "period": "Q2",
        "revenue": 854266000,
        "costOfRevenue": 475357000,
        "grossProfit": 378909000,
        "grossProfitRatio": 0.443549199,
        "researchAndDevelopmentExpenses": 0,
        "generalAndAdministrativeExpenses": 214303000,
        "sellingAndMarketingExpenses": 103366000,
        "sellingGeneralAndAdministrativeExpenses": 317669000,
        "otherExpenses": 25727000,
        "operatingExpenses": 343396000,
        "costAndExpenses": 818753000,
        "interestIncome": 0,
        "interestExpense": 0,
        "depreciationAndAmortization": 75185000,
        "ebitda": 123698000,
        "ebitdaratio": 0.1448003315,
        "operatingIncome": 35513000,
        "operatingIncomeRatio": 0.0415713607,
        "totalOtherIncomeExpensesNet": -42305000,
        "incomeBeforeTax": -6792000,
        "incomeBeforeTaxRatio": -0.0079506851,
        "incomeTaxExpense": -1937000,
        "netIncome": -4855000,
        "netIncomeRatio": -0.0056832415,
        "eps": -0.0113,
        "epsdiluted": -0.0113,
        "weightedAverageShsOut": 430909000,
        "weightedAverageShsOutDil": 430909000,
        "link": "https://www.sec.gov/Archives/edgar/data/63276/000089843001501893/0000898430-01-501893-index.htm",
        "finalLink": "https://www.sec.gov/Archives/edgar/data/63276/000089843001501893/d10q.txt"
    },
    {
        "date": "2001-03-31",
        "symbol": "MAT",
        "reportedCurrency": "USD",
        "cik": "0000063276",
        "fillingDate": "2001-05-15",
        "acceptedDate": "2001-05-15 00:00:00",
        "calendarYear": "2001",
        "period": "Q1",
        "revenue": 731948000,
        "costOfRevenue": 404724000,
        "grossProfit": 327224000,
        "grossProfitRatio": 0.4470590807,
        "researchAndDevelopmentExpenses": 0,
        "generalAndAdministrativeExpenses": 205319000,
        "sellingAndMarketingExpenses": 96898000,
        "sellingGeneralAndAdministrativeExpenses": 302217000,
        "otherExpenses": 12810000,
        "operatingExpenses": 315027000,
        "costAndExpenses": 719751000,
        "interestIncome": 0,
        "interestExpense": 0,
        "depreciationAndAmortization": 61562000,
        "ebitda": 73759000,
        "ebitdaratio": 0.1007708198,
        "operatingIncome": 12197000,
        "operatingIncomeRatio": 0.0166637521,
        "totalOtherIncomeExpensesNet": -41427000,
        "incomeBeforeTax": -29230000,
        "incomeBeforeTaxRatio": -0.0399345309,
        "incomeTaxExpense": -7192000,
        "netIncome": -34039000,
        "netIncomeRatio": -0.0465046697,
        "eps": -0.0792,
        "epsdiluted": -0.0792,
        "weightedAverageShsOut": 429936000,
        "weightedAverageShsOutDil": 429936000,
        "link": "https://www.sec.gov/Archives/edgar/data/63276/000089843001500605/0000898430-01-500605-index.htm",
        "finalLink": "https://www.sec.gov/Archives/edgar/data/63276/000089843001500605/d10q.txt"
    },
    {
        "date": "2000-12-31",
        "symbol": "MAT",
        "reportedCurrency": "USD",
        "cik": "0000063276",
        "fillingDate": "2001-03-28",
        "acceptedDate": "2001-03-28 00:00:00",
        "calendarYear": "2000",
        "period": "Q4",
        "revenue": 1575121000,
        "costOfRevenue": 713633000,
        "grossProfit": 861488000,
        "grossProfitRatio": 0.5469344895,
        "researchAndDevelopmentExpenses": 0,
        "generalAndAdministrativeExpenses": 0,
        "sellingAndMarketingExpenses": 0,
        "sellingGeneralAndAdministrativeExpenses": 540188000,
        "otherExpenses": 66377000,
        "operatingExpenses": 606565000,
        "costAndExpenses": 1320198000,
        "interestIncome": 0,
        "interestExpense": 0,
        "depreciationAndAmortization": 66377000,
        "ebitda": 321300000,
        "ebitdaratio": 0.2039843288,
        "operatingIncome": 254923000,
        "operatingIncomeRatio": 0.1618434393,
        "totalOtherIncomeExpensesNet": -111403000,
        "incomeBeforeTax": 143520000,
        "incomeBeforeTaxRatio": 0.0911168094,
        "incomeTaxExpense": 38412000,
        "netIncome": 71128000,
        "netIncomeRatio": 0.0451571657,
        "eps": 0.17,
        "epsdiluted": 0.17,
        "weightedAverageShsOut": 429098921,
        "weightedAverageShsOutDil": 429936000,
        "link": "https://www.sec.gov/Archives/edgar/data/63276/000089843001500038/0000898430-01-500038-index.htm",
        "finalLink": "https://www.sec.gov/Archives/edgar/data/63276/000089843001500038/d10k405.txt"
    },
    {
        "date": "2000-09-30",
        "symbol": "MAT",
        "reportedCurrency": "USD",
        "cik": "0000063276",
        "fillingDate": "2000-11-13",
        "acceptedDate": "2000-11-13 00:00:00",
        "calendarYear": "2000",
        "period": "Q3",
        "revenue": 1583763000,
        "costOfRevenue": 866204000,
        "grossProfit": 717559000,
        "grossProfitRatio": 0.4530722084,
        "researchAndDevelopmentExpenses": 0,
        "generalAndAdministrativeExpenses": 0,
        "sellingAndMarketingExpenses": 0,
        "sellingGeneralAndAdministrativeExpenses": 449904000,
        "otherExpenses": 64216000,
        "operatingExpenses": 514120000,
        "costAndExpenses": 1380324000,
        "interestIncome": 0,
        "interestExpense": 0,
        "depreciationAndAmortization": 64216000,
        "ebitda": 267655000,
        "ebitdaratio": 0.1689994021,
        "operatingIncome": 203439000,
        "operatingIncomeRatio": 0.1284529314,
        "totalOtherIncomeExpensesNet": -68181000,
        "incomeBeforeTax": 135258000,
        "incomeBeforeTaxRatio": 0.0854029296,
        "incomeTaxExpense": 31564000,
        "netIncome": -336866000,
        "netIncomeRatio": -0.2126997537,
        "eps": -0.79,
        "epsdiluted": -0.79,
        "weightedAverageShsOut": 426394000,
        "weightedAverageShsOutDil": 426945000,
        "link": "https://www.sec.gov/Archives/edgar/data/63276/000006327600000009/0000063276-00-000009-index.htm",
        "finalLink": "https://www.sec.gov/Archives/edgar/data/63276/000006327600000009/0000063276-00-000009-0001.txt"
    },
    {
        "date": "2000-06-30",
        "symbol": "MAT",
        "reportedCurrency": "USD",
        "cik": "0000063276",
        "fillingDate": "2000-07-25",
        "acceptedDate": "2000-07-25 00:00:00",
        "calendarYear": "2000",
        "period": "Q2",
        "revenue": 817797000,
        "costOfRevenue": 402680000,
        "grossProfit": 415117000,
        "grossProfitRatio": 0.5076039653,
        "researchAndDevelopmentExpenses": 0,
        "generalAndAdministrativeExpenses": 0,
        "sellingAndMarketingExpenses": 0,
        "sellingGeneralAndAdministrativeExpenses": 317297000,
        "otherExpenses": 64611000,
        "operatingExpenses": 381908000,
        "costAndExpenses": 784588000,
        "interestIncome": 0,
        "interestExpense": 0,
        "depreciationAndAmortization": 64611000,
        "ebitda": 97820000,
        "ebitdaratio": 0.1196140362,
        "operatingIncome": 33209000,
        "operatingIncomeRatio": 0.040607877,
        "totalOtherIncomeExpensesNet": -24919000,
        "incomeBeforeTax": 8290000,
        "incomeBeforeTaxRatio": 0.01013699,
        "incomeTaxExpense": 2285000,
        "netIncome": 6005000,
        "netIncomeRatio": 0.0073428981,
        "eps": 0.01,
        "epsdiluted": 0.01,
        "weightedAverageShsOut": 425818000,
        "weightedAverageShsOutDil": 427782000,
        "link": "https://www.sec.gov/Archives/edgar/data/63276/000089843000002103/0000898430-00-002103-index.htm",
        "finalLink": "https://www.sec.gov/Archives/edgar/data/63276/000089843000002103/0000898430-00-002103-0001.txt"
    },
    {
        "date": "2000-03-31",
        "symbol": "MAT",
        "reportedCurrency": "USD",
        "cik": "0000063276",
        "fillingDate": "2000-05-03",
        "acceptedDate": "2000-05-03 00:00:00",
        "calendarYear": "2000",
        "period": "Q1",
        "revenue": 693261000,
        "costOfRevenue": 330251000,
        "grossProfit": 363010000,
        "grossProfitRatio": 0.5236267438,
        "researchAndDevelopmentExpenses": 0,
        "generalAndAdministrativeExpenses": 0,
        "sellingAndMarketingExpenses": 0,
        "sellingGeneralAndAdministrativeExpenses": 345486000,
        "otherExpenses": 61185000,
        "operatingExpenses": 406671000,
        "costAndExpenses": 736922000,
        "interestIncome": 0,
        "interestExpense": 0,
        "depreciationAndAmortization": 61185000,
        "ebitda": 17524000,
        "ebitdaratio": 0.0252776371,
        "operatingIncome": -43661000,
        "operatingIncomeRatio": -0.0629791666,
        "totalOtherIncomeExpensesNet": -17983000,
        "incomeBeforeTax": -61644000,
        "incomeBeforeTaxRatio": -0.088918892,
        "incomeTaxExpense": -17014000,
        "netIncome": -171236000,
        "netIncomeRatio": -0.2470007688,
        "eps": -0.4,
        "epsdiluted": -0.4,
        "weightedAverageShsOut": 425495000,
        "weightedAverageShsOutDil": 425495000,
        "link": "https://www.sec.gov/Archives/edgar/data/63276/000089843000001410/0000898430-00-001410-index.html",
        "finalLink": "https://www.sec.gov/Archives/edgar/data/63276/000089843000001410/"
    },
    {
        "date": "1999-12-31",
        "symbol": "MAT",
        "reportedCurrency": "USD",
        "cik": "0000063276",
        "fillingDate": "2000-03-10",
        "acceptedDate": "2000-03-10 00:00:00",
        "calendarYear": "1999",
        "period": "Q4",
        "revenue": 1770600000,
        "costOfRevenue": 929600000,
        "grossProfit": 841000000,
        "grossProfitRatio": 0.4749802327,
        "researchAndDevelopmentExpenses": 0,
        "generalAndAdministrativeExpenses": 0,
        "sellingAndMarketingExpenses": 0,
        "sellingGeneralAndAdministrativeExpenses": 750700000,
        "otherExpenses": 84900000,
        "operatingExpenses": 835600000,
        "costAndExpenses": 1765200000,
        "interestIncome": 0,
        "interestExpense": 0,
        "depreciationAndAmortization": 84900000,
        "ebitda": 90300000,
        "ebitdaratio": 0.0509996611,
        "operatingIncome": 5400000,
        "operatingIncomeRatio": 0.0030498136,
        "totalOtherIncomeExpensesNet": -40500000,
        "incomeBeforeTax": -35100000,
        "incomeBeforeTaxRatio": -0.0198237885,
        "incomeTaxExpense": -16700000,
        "netIncome": -18400000,
        "netIncomeRatio": -0.0103919575,
        "eps": -0.0432,
        "epsdiluted": -0.0432,
        "weightedAverageShsOut": 425495000,
        "weightedAverageShsOutDil": 425495000,
        "link": "https://www.sec.gov/Archives/edgar/data/63276/000089843000000746/0000898430-00-000746-index.html",
        "finalLink": "https://www.sec.gov/Archives/edgar/data/63276/000089843000000746/"
    },
    {
        "date": "1999-09-30",
        "symbol": "MAT",
        "reportedCurrency": "USD",
        "cik": "0000063276",
        "fillingDate": "1999-11-12",
        "acceptedDate": "1999-11-12 00:00:00",
        "calendarYear": "1999",
        "period": "Q3",
        "revenue": 1587700000,
        "costOfRevenue": 757900000,
        "grossProfit": 829800000,
        "grossProfitRatio": 0.5226428167,
        "researchAndDevelopmentExpenses": 0,
        "generalAndAdministrativeExpenses": 0,
        "sellingAndMarketingExpenses": 0,
        "sellingGeneralAndAdministrativeExpenses": 427300000,
        "otherExpenses": 61100000,
        "operatingExpenses": 488400000,
        "costAndExpenses": 1246300000,
        "interestIncome": 0,
        "interestExpense": 0,
        "depreciationAndAmortization": 61100000,
        "ebitda": 402500000,
        "ebitdaratio": 0.2535113686,
        "operatingIncome": 341400000,
        "operatingIncomeRatio": 0.215028028,
        "totalOtherIncomeExpensesNet": -34555000,
        "incomeBeforeTax": 306845000,
        "incomeBeforeTaxRatio": 0.1932638408,
        "incomeTaxExpense": 84700000,
        "netIncome": 135345000,
        "netIncomeRatio": 0.0852459533,
        "eps": 0.32,
        "epsdiluted": 0.32,
        "weightedAverageShsOut": 410316000,
        "weightedAverageShsOutDil": 410316000,
        "link": "https://www.sec.gov/Archives/edgar/data/63276/000089843099004172/0000898430-99-004172-index.html",
        "finalLink": "https://www.sec.gov/Archives/edgar/data/63276/000089843099004172/"
    },
    {
        "date": "1999-06-30",
        "symbol": "MAT",
        "reportedCurrency": "USD",
        "cik": "0000063276",
        "fillingDate": "1999-08-16",
        "acceptedDate": "1999-08-16 00:00:00",
        "calendarYear": "1999",
        "period": "Q2",
        "revenue": 802300000,
        "costOfRevenue": 396100000,
        "grossProfit": 406200000,
        "grossProfitRatio": 0.5062944036,
        "researchAndDevelopmentExpenses": 0,
        "generalAndAdministrativeExpenses": 0,
        "sellingAndMarketingExpenses": 0,
        "sellingGeneralAndAdministrativeExpenses": 295400000,
        "otherExpenses": 59500000,
        "operatingExpenses": 354900000,
        "costAndExpenses": 751000000,
        "interestIncome": 0,
        "interestExpense": 0,
        "depreciationAndAmortization": 59992000,
        "ebitda": 111292000,
        "ebitdaratio": 0.138716191,
        "operatingIncome": 51300000,
        "operatingIncomeRatio": 0.0639411691,
        "totalOtherIncomeExpensesNet": -321700000,
        "incomeBeforeTax": -270400000,
        "incomeBeforeTaxRatio": -0.3370310358,
        "incomeTaxExpense": -59400000,
        "netIncome": -204400000,
        "netIncomeRatio": -0.2547675433,
        "eps": -0.51,
        "epsdiluted": -0.51,
        "weightedAverageShsOut": 402786000,
        "weightedAverageShsOutDil": 402786000,
        "link": "https://www.sec.gov/Archives/edgar/data/63276/000089843099003315/0000898430-99-003315-index.html",
        "finalLink": "https://www.sec.gov/Archives/edgar/data/63276/000089843099003315/"
    },
    {
        "date": "1999-03-31",
        "symbol": "MAT",
        "reportedCurrency": "USD",
        "cik": "0000063276",
        "fillingDate": "1999-06-09",
        "acceptedDate": "1999-06-09 00:00:00",
        "calendarYear": "1999",
        "period": "Q1",
        "revenue": 688315000,
        "costOfRevenue": 326445000,
        "grossProfit": 361870000,
        "grossProfitRatio": 0.5257331309,
        "researchAndDevelopmentExpenses": 0,
        "generalAndAdministrativeExpenses": 0,
        "sellingAndMarketingExpenses": 0,
        "sellingGeneralAndAdministrativeExpenses": 292680000,
        "otherExpenses": 59508000,
        "operatingExpenses": 352188000,
        "costAndExpenses": 678633000,
        "interestIncome": 0,
        "interestExpense": 0,
        "depreciationAndAmortization": 59508000,
        "ebitda": 69190000,
        "ebitdaratio": 0.1005208371,
        "operatingIncome": 9682000,
        "operatingIncomeRatio": 0.0140662342,
        "totalOtherIncomeExpensesNet": -27102000,
        "incomeBeforeTax": -17420000,
        "incomeBeforeTaxRatio": -0.0253081801,
        "incomeTaxExpense": -4790000,
        "netIncome": 5049000,
        "netIncomeRatio": 0.0073353043,
        "eps": 0.01,
        "epsdiluted": 0.01,
        "weightedAverageShsOut": 396480000,
        "weightedAverageShsOutDil": 422264000,
        "link": "https://www.sec.gov/Archives/edgar/data/63276/000089843099002424/0000898430-99-002424-index.html",
        "finalLink": "https://www.sec.gov/Archives/edgar/data/63276/000089843099002424/"
    },
    {
        "date": "1998-12-31",
        "symbol": "MAT",
        "reportedCurrency": "USD",
        "cik": "0000063276",
        "fillingDate": "1999-03-31",
        "acceptedDate": "1999-03-31 00:00:00",
        "calendarYear": "1998",
        "period": "Q4",
        "revenue": 1543100000,
        "costOfRevenue": 740100000,
        "grossProfit": 803000000,
        "grossProfitRatio": 0.5203810511,
        "researchAndDevelopmentExpenses": 0,
        "generalAndAdministrativeExpenses": 0,
        "sellingAndMarketingExpenses": 0,
        "sellingGeneralAndAdministrativeExpenses": 641000000,
        "otherExpenses": 62800000,
        "operatingExpenses": 703800000,
        "costAndExpenses": 1443900000,
        "interestIncome": 0,
        "interestExpense": 0,
        "depreciationAndAmortization": 62800000,
        "ebitda": 162000000,
        "ebitdaratio": 0.1049834748,
        "operatingIncome": 99200000,
        "operatingIncomeRatio": 0.0642861772,
        "totalOtherIncomeExpensesNet": -15900000,
        "incomeBeforeTax": 83300000,
        "incomeBeforeTaxRatio": 0.0539822435,
        "incomeTaxExpense": 23700000,
        "netIncome": 59600000,
        "netIncomeRatio": 0.03862355,
        "eps": 0.21,
        "epsdiluted": 0.21,
        "weightedAverageShsOut": 284285714,
        "weightedAverageShsOutDil": 284285714,
        "link": "https://www.sec.gov/Archives/edgar/data/63276/000089843099001297/0000898430-99-001297-index.html",
        "finalLink": "https://www.sec.gov/Archives/edgar/data/63276/"
    },
    {
        "date": "1998-09-30",
        "symbol": "MAT",
        "reportedCurrency": "USD",
        "cik": "0000063276",
        "fillingDate": "1998-11-12",
        "acceptedDate": "1998-11-12 00:00:00",
        "calendarYear": "1998",
        "period": "Q3",
        "revenue": 1884800000,
        "costOfRevenue": 842600000,
        "grossProfit": 1042200000,
        "grossProfitRatio": 0.5529499151,
        "researchAndDevelopmentExpenses": 0,
        "generalAndAdministrativeExpenses": 0,
        "sellingAndMarketingExpenses": 0,
        "sellingGeneralAndAdministrativeExpenses": 559800000,
        "otherExpenses": 66800000,
        "operatingExpenses": 626600000,
        "costAndExpenses": 1469200000,
        "interestIncome": 0,
        "interestExpense": 0,
        "depreciationAndAmortization": 66800000,
        "ebitda": 482400000,
        "ebitdaratio": 0.255942275,
        "operatingIncome": 415600000,
        "operatingIncomeRatio": 0.2205008489,
        "totalOtherIncomeExpensesNet": -148300000,
        "incomeBeforeTax": 267300000,
        "incomeBeforeTaxRatio": 0.1418187606,
        "incomeTaxExpense": 98600000,
        "netIncome": 168700000,
        "netIncomeRatio": 0.0895055178,
        "eps": 0.42,
        "epsdiluted": 0.39,
        "weightedAverageShsOut": 287916667,
        "weightedAverageShsOutDil": 300434783,
        "link": "https://www.sec.gov/Archives/edgar/data/63276/000006327698000018/0000063276-98-000018-index.html",
        "finalLink": "https://www.sec.gov/Archives/edgar/data/63276/"
    },
    {
        "date": "1998-06-30",
        "symbol": "MAT",
        "reportedCurrency": "USD",
        "cik": "0000063276",
        "fillingDate": "1998-07-21",
        "acceptedDate": "1998-07-21 00:00:00",
        "calendarYear": "1998",
        "period": "Q2",
        "revenue": 1033500000,
        "costOfRevenue": 511100000,
        "grossProfit": 522400000,
        "grossProfitRatio": 0.5054668602,
        "researchAndDevelopmentExpenses": 0,
        "generalAndAdministrativeExpenses": 0,
        "sellingAndMarketingExpenses": 0,
        "sellingGeneralAndAdministrativeExpenses": 398400000,
        "otherExpenses": 46300000,
        "operatingExpenses": 444700000,
        "costAndExpenses": 955800000,
        "interestIncome": 0,
        "interestExpense": 0,
        "depreciationAndAmortization": 118100000,
        "ebitda": 195800000,
        "ebitdaratio": 0.189453314,
        "operatingIncome": 77700000,
        "operatingIncomeRatio": 0.0751814224,
        "totalOtherIncomeExpensesNet": -47900000,
        "incomeBeforeTax": 29800000,
        "incomeBeforeTaxRatio": 0.028834059,
        "incomeTaxExpense": 25200000,
        "netIncome": 4600000,
        "netIncomeRatio": 0.004450895,
        "eps": 0.01,
        "epsdiluted": 0.01,
        "weightedAverageShsOut": 260000000,
        "weightedAverageShsOutDil": 260000000,
        "link": "https://www.sec.gov/Archives/edgar/data/63276/000006327698000015/0000063276-98-000015-index.html",
        "finalLink": "https://www.sec.gov/Archives/edgar/data/63276/"
    },
    {
        "date": "1998-03-31",
        "symbol": "MAT",
        "reportedCurrency": "USD",
        "cik": "0000063276",
        "fillingDate": "1998-05-12",
        "acceptedDate": "1998-05-12 00:00:00",
        "calendarYear": "1998",
        "period": "Q1",
        "revenue": 705200000,
        "costOfRevenue": 331400000,
        "grossProfit": 373800000,
        "grossProfitRatio": 0.5300623936,
        "researchAndDevelopmentExpenses": 0,
        "generalAndAdministrativeExpenses": 0,
        "sellingAndMarketingExpenses": 0,
        "sellingGeneralAndAdministrativeExpenses": 281900000,
        "otherExpenses": 49800000,
        "operatingExpenses": 331700000,
        "costAndExpenses": 663100000,
        "interestIncome": 0,
        "interestExpense": 0,
        "depreciationAndAmortization": 49800000,
        "ebitda": 91900000,
        "ebitdaratio": 0.1303176404,
        "operatingIncome": 42100000,
        "operatingIncomeRatio": 0.0596993761,
        "totalOtherIncomeExpensesNet": -24300000,
        "incomeBeforeTax": 17800000,
        "incomeBeforeTaxRatio": 0.0252410664,
        "incomeTaxExpense": 5100000,
        "netIncome": 12700000,
        "netIncomeRatio": 0.0180090754,
        "eps": 0.04,
        "epsdiluted": 0.04,
        "weightedAverageShsOut": 267500000,
        "weightedAverageShsOutDil": 267500000,
        "link": "https://www.sec.gov/Archives/edgar/data/63276/000006327698000009/0000063276-98-000009-index.html",
        "finalLink": "https://www.sec.gov/Archives/edgar/data/63276/"
    },
    {
        "date": "1997-12-31",
        "symbol": "MAT",
        "reportedCurrency": "USD",
        "cik": "0000063276",
        "fillingDate": "1998-03-18",
        "acceptedDate": "1998-03-18 00:00:00",
        "calendarYear": "1997",
        "period": "Q4",
        "revenue": 1613100000,
        "costOfRevenue": 761400000,
        "grossProfit": 851700000,
        "grossProfitRatio": 0.5279895853,
        "researchAndDevelopmentExpenses": 0,
        "generalAndAdministrativeExpenses": 0,
        "sellingAndMarketingExpenses": 0,
        "sellingGeneralAndAdministrativeExpenses": 520700000,
        "otherExpenses": 33600000,
        "operatingExpenses": 554300000,
        "costAndExpenses": 1315700000,
        "interestIncome": 0,
        "interestExpense": 0,
        "depreciationAndAmortization": 33600000,
        "ebitda": 331000000,
        "ebitdaratio": 0.2051949662,
        "operatingIncome": 297400000,
        "operatingIncomeRatio": 0.1843655074,
        "totalOtherIncomeExpensesNet": -30400000,
        "incomeBeforeTax": 267000000,
        "incomeBeforeTaxRatio": 0.1655198066,
        "incomeTaxExpense": 71900000,
        "netIncome": 195100000,
        "netIncomeRatio": 0.1209472444,
        "eps": 0.73,
        "epsdiluted": 0.73,
        "weightedAverageShsOut": 267500000,
        "weightedAverageShsOutDil": 267500000,
        "link": "https://www.sec.gov/Archives/edgar/data/63276/000006327698000004/0000063276-98-000004-index.html",
        "finalLink": "https://www.sec.gov/Archives/edgar/data/63276/"
    },
    {
        "date": "1997-09-30",
        "symbol": "MAT",
        "reportedCurrency": "USD",
        "cik": "0000063276",
        "fillingDate": "1997-11-07",
        "acceptedDate": "1997-11-07 00:00:00",
        "calendarYear": "1997",
        "period": "Q3",
        "revenue": 1555300000,
        "costOfRevenue": 705100000,
        "grossProfit": 850200000,
        "grossProfitRatio": 0.5466469491,
        "researchAndDevelopmentExpenses": 0,
        "generalAndAdministrativeExpenses": 0,
        "sellingAndMarketingExpenses": 0,
        "sellingGeneralAndAdministrativeExpenses": 443000000,
        "otherExpenses": 50000000,
        "operatingExpenses": 493000000,
        "costAndExpenses": 1198100000,
        "interestIncome": 0,
        "interestExpense": 0,
        "depreciationAndAmortization": 59200000,
        "ebitda": 416400000,
        "ebitdaratio": 0.2677296985,
        "operatingIncome": 357200000,
        "operatingIncomeRatio": 0.2296663023,
        "totalOtherIncomeExpensesNet": -39400000,
        "incomeBeforeTax": 317800000,
        "incomeBeforeTaxRatio": 0.2043335691,
        "incomeTaxExpense": 94100000,
        "netIncome": 219100000,
        "netIncomeRatio": 0.1408731434,
        "eps": 0.74,
        "epsdiluted": 0.71,
        "weightedAverageShsOut": 292297297,
        "weightedAverageShsOutDil": 304647887,
        "link": "https://www.sec.gov/Archives/edgar/data/63276/000006327697000043/0000063276-97-000043-index.html",
        "finalLink": "https://www.sec.gov/Archives/edgar/data/63276/"
    },
    {
        "date": "1997-06-30",
        "symbol": "MAT",
        "reportedCurrency": "USD",
        "cik": "0000063276",
        "fillingDate": "1997-08-14",
        "acceptedDate": "1997-08-14 00:00:00",
        "calendarYear": "1997",
        "period": "Q2",
        "revenue": 972700000,
        "costOfRevenue": 465200000,
        "grossProfit": 507500000,
        "grossProfitRatio": 0.5217436003,
        "researchAndDevelopmentExpenses": 0,
        "generalAndAdministrativeExpenses": 0,
        "sellingAndMarketingExpenses": 0,
        "sellingGeneralAndAdministrativeExpenses": 324400000,
        "otherExpenses": 48600000,
        "operatingExpenses": 373000000,
        "costAndExpenses": 838200000,
        "interestIncome": 0,
        "interestExpense": 0,
        "depreciationAndAmortization": 49400000,
        "ebitda": 183900000,
        "ebitdaratio": 0.1890613756,
        "operatingIncome": 134500000,
        "operatingIncomeRatio": 0.1382749049,
        "totalOtherIncomeExpensesNet": -26600000,
        "incomeBeforeTax": 107900000,
        "incomeBeforeTaxRatio": 0.1109283438,
        "incomeTaxExpense": 32300000,
        "netIncome": 75600000,
        "netIncomeRatio": 0.0777218053,
        "eps": 0.25,
        "epsdiluted": 0.25,
        "weightedAverageShsOut": 291200000,
        "weightedAverageShsOutDil": 291200000,
        "link": "https://www.sec.gov/Archives/edgar/data/63276/000006327697000025/0000063276-97-000025-index.html",
        "finalLink": "https://www.sec.gov/Archives/edgar/data/63276/"
    },
    {
        "date": "1997-03-31",
        "symbol": "MAT",
        "reportedCurrency": "USD",
        "cik": "0000063276",
        "fillingDate": "1997-05-14",
        "acceptedDate": "1997-05-14 00:00:00",
        "calendarYear": "1997",
        "period": "Q1",
        "revenue": 693500000,
        "costOfRevenue": 323000000,
        "grossProfit": 370500000,
        "grossProfitRatio": 0.5342465753,
        "researchAndDevelopmentExpenses": 0,
        "generalAndAdministrativeExpenses": 0,
        "sellingAndMarketingExpenses": 0,
        "sellingGeneralAndAdministrativeExpenses": 287900000,
        "otherExpenses": 47700000,
        "operatingExpenses": 335600000,
        "costAndExpenses": 658600000,
        "interestIncome": 0,
        "interestExpense": 0,
        "depreciationAndAmortization": 47700000,
        "ebitda": 82600000,
        "ebitdaratio": 0.1191059841,
        "operatingIncome": 34900000,
        "operatingIncomeRatio": 0.0503244412,
        "totalOtherIncomeExpensesNet": -302500000,
        "incomeBeforeTax": -267600000,
        "incomeBeforeTaxRatio": -0.3858687815,
        "incomeTaxExpense": -63000000,
        "netIncome": -204600000,
        "netIncomeRatio": -0.2950252343,
        "eps": -0.72,
        "epsdiluted": -0.72,
        "weightedAverageShsOut": 288055556,
        "weightedAverageShsOutDil": 288055556,
        "link": "https://www.sec.gov/Archives/edgar/data/63276/000006327697000016/0000063276-97-000016-index.html",
        "finalLink": "https://www.sec.gov/Archives/edgar/data/63276/"
    },
    {
        "date": "1996-12-31",
        "symbol": "MAT",
        "reportedCurrency": "USD",
        "cik": "0000063276",
        "fillingDate": "1997-03-17",
        "acceptedDate": "1997-03-17 00:00:00",
        "calendarYear": "1996",
        "period": "Q4",
        "revenue": 1190600000,
        "costOfRevenue": 546600000,
        "grossProfit": 644000000,
        "grossProfitRatio": 0.540903746,
        "researchAndDevelopmentExpenses": 0,
        "generalAndAdministrativeExpenses": 0,
        "sellingAndMarketingExpenses": 0,
        "sellingGeneralAndAdministrativeExpenses": 420500000,
        "otherExpenses": 38900000,
        "operatingExpenses": 459400000,
        "costAndExpenses": 1006000000,
        "interestIncome": 0,
        "interestExpense": 0,
        "depreciationAndAmortization": 38900000,
        "ebitda": 223500000,
        "ebitdaratio": 0.1877204771,
        "operatingIncome": 184600000,
        "operatingIncomeRatio": 0.155047875,
        "totalOtherIncomeExpensesNet": -30300000,
        "incomeBeforeTax": 154300000,
        "incomeBeforeTaxRatio": 0.1295985218,
        "incomeTaxExpense": 40900000,
        "netIncome": 113400000,
        "netIncomeRatio": 0.0952460944,
        "eps": 0.39,
        "epsdiluted": 0.39,
        "weightedAverageShsOut": 288055556,
        "weightedAverageShsOutDil": 288055556,
        "link": "https://www.sec.gov/Archives/edgar/data/63276/000006327697000005/0000063276-97-000005-index.html",
        "finalLink": "https://www.sec.gov/Archives/edgar/data/63276/"
    },
    {
        "date": "1996-09-30",
        "symbol": "MAT",
        "reportedCurrency": "USD",
        "cik": "0000063276",
        "fillingDate": "1996-11-14",
        "acceptedDate": "1996-11-14 00:00:00",
        "calendarYear": "1996",
        "period": "Q3",
        "revenue": 1232200000,
        "costOfRevenue": 553900000,
        "grossProfit": 678300000,
        "grossProfitRatio": 0.5504788184,
        "researchAndDevelopmentExpenses": 0,
        "generalAndAdministrativeExpenses": 0,
        "sellingAndMarketingExpenses": 0,
        "sellingGeneralAndAdministrativeExpenses": 360800000,
        "otherExpenses": 39000000,
        "operatingExpenses": 399800000,
        "costAndExpenses": 953700000,
        "interestIncome": 0,
        "interestExpense": 0,
        "depreciationAndAmortization": 39000000,
        "ebitda": 317500000,
        "ebitdaratio": 0.2576692095,
        "operatingIncome": 278500000,
        "operatingIncomeRatio": 0.2260185035,
        "totalOtherIncomeExpensesNet": -29600000,
        "incomeBeforeTax": 248900000,
        "incomeBeforeTaxRatio": 0.2019964292,
        "incomeTaxExpense": 80900000,
        "netIncome": 168000000,
        "netIncomeRatio": 0.136341503,
        "eps": 0.61,
        "epsdiluted": 0.61,
        "weightedAverageShsOut": 275409836,
        "weightedAverageShsOutDil": 275409836,
        "link": "https://www.sec.gov/Archives/edgar/data/63276/000006327696000040/0000063276-96-000040-index.html",
        "finalLink": "https://www.sec.gov/Archives/edgar/data/63276/"
    },
    {
        "date": "1996-06-30",
        "symbol": "MAT",
        "reportedCurrency": "USD",
        "cik": "0000063276",
        "fillingDate": "1996-08-13",
        "acceptedDate": "1996-08-13 00:00:00",
        "calendarYear": "1996",
        "period": "Q2",
        "revenue": 921600000,
        "costOfRevenue": 435200000,
        "grossProfit": 486400000,
        "grossProfitRatio": 0.5277777778,
        "researchAndDevelopmentExpenses": 0,
        "generalAndAdministrativeExpenses": 0,
        "sellingAndMarketingExpenses": 0,
        "sellingGeneralAndAdministrativeExpenses": 312700000,
        "otherExpenses": 50400000,
        "operatingExpenses": 363100000,
        "costAndExpenses": 798300000,
        "interestIncome": 0,
        "interestExpense": 0,
        "depreciationAndAmortization": 50400000,
        "ebitda": 173700000,
        "ebitdaratio": 0.1884765625,
        "operatingIncome": 123300000,
        "operatingIncomeRatio": 0.1337890625,
        "totalOtherIncomeExpensesNet": -30700000,
        "incomeBeforeTax": 92600000,
        "incomeBeforeTaxRatio": 0.1004774306,
        "incomeTaxExpense": 29200000,
        "netIncome": 63400000,
        "netIncomeRatio": 0.0687934028,
        "eps": 0.21,
        "epsdiluted": 0.21,
        "weightedAverageShsOut": 297619048,
        "weightedAverageShsOutDil": 297619048,
        "link": "https://www.sec.gov/Archives/edgar/data/63276/000006327696000035/0000063276-96-000035-index.html",
        "finalLink": "https://www.sec.gov/Archives/edgar/data/63276/"
    },
    {
        "date": "1996-03-31",
        "symbol": "MAT",
        "reportedCurrency": "USD",
        "cik": "0000063276",
        "fillingDate": "1996-05-15",
        "acceptedDate": "1996-05-15 00:00:00",
        "calendarYear": "1996",
        "period": "Q1",
        "revenue": 585900000,
        "costOfRevenue": 264200000,
        "grossProfit": 321700000,
        "grossProfitRatio": 0.5490698071,
        "researchAndDevelopmentExpenses": 0,
        "generalAndAdministrativeExpenses": 0,
        "sellingAndMarketingExpenses": 0,
        "sellingGeneralAndAdministrativeExpenses": 226900000,
        "otherExpenses": 35900000,
        "operatingExpenses": 262800000,
        "costAndExpenses": 527000000,
        "interestIncome": 0,
        "interestExpense": 0,
        "depreciationAndAmortization": 35900000,
        "ebitda": 94800000,
        "ebitdaratio": 0.1618023554,
        "operatingIncome": 58900000,
        "operatingIncomeRatio": 0.1005291005,
        "totalOtherIncomeExpensesNet": -14400000,
        "incomeBeforeTax": 44500000,
        "incomeBeforeTaxRatio": 0.0759515276,
        "incomeTaxExpense": 14600000,
        "netIncome": 29900000,
        "netIncomeRatio": 0.0510325994,
        "eps": 0.07,
        "epsdiluted": 0.07,
        "weightedAverageShsOut": 277000000,
        "weightedAverageShsOutDil": 277000000,
        "link": "https://www.sec.gov/Archives/edgar/data/63276/000006327696000025/0000063276-96-000025-index.html",
        "finalLink": "https://www.sec.gov/Archives/edgar/data/63276/"
    },
    {
        "date": "1995-12-31",
        "symbol": "MAT",
        "reportedCurrency": "USD",
        "cik": "0000063276",
        "fillingDate": "1996-03-22",
        "acceptedDate": "1996-03-22 00:00:00",
        "calendarYear": "1995",
        "period": "Q4",
        "revenue": 1155300000,
        "costOfRevenue": 535100000,
        "grossProfit": 620200000,
        "grossProfitRatio": 0.5368302605,
        "researchAndDevelopmentExpenses": 0,
        "generalAndAdministrativeExpenses": 0,
        "sellingAndMarketingExpenses": 0,
        "sellingGeneralAndAdministrativeExpenses": 387200000,
        "otherExpenses": 39700000,
        "operatingExpenses": 426900000,
        "costAndExpenses": 962000000,
        "interestIncome": 0,
        "interestExpense": 0,
        "depreciationAndAmortization": 39700000,
        "ebitda": 233000000,
        "ebitdaratio": 0.2016792175,
        "operatingIncome": 193300000,
        "operatingIncomeRatio": 0.1673158487,
        "totalOtherIncomeExpensesNet": -30000000,
        "incomeBeforeTax": 163300000,
        "incomeBeforeTaxRatio": 0.1413485675,
        "incomeTaxExpense": 51300000,
        "netIncome": 112000000,
        "netIncomeRatio": 0.0969445166,
        "eps": 0.4,
        "epsdiluted": 0.4,
        "weightedAverageShsOut": 277000000,
        "weightedAverageShsOutDil": 277000000,
        "link": "https://www.sec.gov/Archives/edgar/data/63276/000006327696000011/0000063276-96-000011-index.html",
        "finalLink": "https://www.sec.gov/Archives/edgar/data/63276/"
    },
    {
        "date": "1995-09-30",
        "symbol": "MAT",
        "reportedCurrency": "USD",
        "cik": "0000063276",
        "fillingDate": "1995-11-01",
        "acceptedDate": "1995-11-01 00:00:00",
        "calendarYear": "1995",
        "period": "Q3",
        "revenue": 1176500000,
        "costOfRevenue": 563900000,
        "grossProfit": 612600000,
        "grossProfitRatio": 0.5206969826,
        "researchAndDevelopmentExpenses": 0,
        "generalAndAdministrativeExpenses": 0,
        "sellingAndMarketingExpenses": 0,
        "sellingGeneralAndAdministrativeExpenses": 341700000,
        "otherExpenses": 29600000,
        "operatingExpenses": 371300000,
        "costAndExpenses": 935200000,
        "interestIncome": 0,
        "interestExpense": 0,
        "depreciationAndAmortization": 29600000,
        "ebitda": 270900000,
        "ebitdaratio": 0.2302592435,
        "operatingIncome": 241300000,
        "operatingIncomeRatio": 0.2050998725,
        "totalOtherIncomeExpensesNet": -13800000,
        "incomeBeforeTax": 227500000,
        "incomeBeforeTaxRatio": 0.1933701657,
        "incomeTaxExpense": 76200000,
        "netIncome": 151300000,
        "netIncomeRatio": 0.128601785,
        "eps": 0.54,
        "epsdiluted": 0.54,
        "weightedAverageShsOut": 278148148,
        "weightedAverageShsOutDil": 278148148,
        "link": "https://www.sec.gov/Archives/edgar/data/63276/000006327695000036/0000063276-95-000036-index.html",
        "finalLink": "https://www.sec.gov/Archives/edgar/data/63276/"
    },
    {
        "date": "1995-06-30",
        "symbol": "MAT",
        "reportedCurrency": "USD",
        "cik": "0000063276",
        "fillingDate": "1995-08-08",
        "acceptedDate": "1995-08-08 00:00:00",
        "calendarYear": "1995",
        "period": "Q2",
        "revenue": 763500000,
        "costOfRevenue": 364100000,
        "grossProfit": 399400000,
        "grossProfitRatio": 0.5231172233,
        "researchAndDevelopmentExpenses": 0,
        "generalAndAdministrativeExpenses": 0,
        "sellingAndMarketingExpenses": 0,
        "sellingGeneralAndAdministrativeExpenses": 248200000,
        "otherExpenses": 32700000,
        "operatingExpenses": 280900000,
        "costAndExpenses": 645000000,
        "interestIncome": 0,
        "interestExpense": 0,
        "depreciationAndAmortization": 32700000,
        "ebitda": 151200000,
        "ebitdaratio": 0.1980353635,
        "operatingIncome": 118500000,
        "operatingIncomeRatio": 0.1552062868,
        "totalOtherIncomeExpensesNet": -17300000,
        "incomeBeforeTax": 101200000,
        "incomeBeforeTaxRatio": 0.1325474787,
        "incomeTaxExpense": 33700000,
        "netIncome": 67500000,
        "netIncomeRatio": 0.0884086444,
        "eps": 0.24,
        "epsdiluted": 0.24,
        "weightedAverageShsOut": 276666667,
        "weightedAverageShsOutDil": 276666667,
        "link": "https://www.sec.gov/Archives/edgar/data/63276/000006327695000030/0000063276-95-000030-index.html",
        "finalLink": "https://www.sec.gov/Archives/edgar/data/63276/"
    },
    {
        "date": "1995-03-31",
        "symbol": "MAT",
        "reportedCurrency": "USD",
        "cik": "0000063276",
        "fillingDate": "1995-05-11",
        "acceptedDate": "1995-05-11 00:00:00",
        "calendarYear": "1995",
        "period": "Q1",
        "revenue": 543600000,
        "costOfRevenue": 253500000,
        "grossProfit": 290100000,
        "grossProfitRatio": 0.5336644592,
        "researchAndDevelopmentExpenses": 0,
        "generalAndAdministrativeExpenses": 0,
        "sellingAndMarketingExpenses": 0,
        "sellingGeneralAndAdministrativeExpenses": 210500000,
        "otherExpenses": 31000000,
        "operatingExpenses": 241500000,
        "costAndExpenses": 495000000,
        "interestIncome": 0,
        "interestExpense": 0,
        "depreciationAndAmortization": 31000000,
        "ebitda": 79600000,
        "ebitdaratio": 0.1464311994,
        "operatingIncome": 48600000,
        "operatingIncomeRatio": 0.0894039735,
        "totalOtherIncomeExpensesNet": -7700000,
        "incomeBeforeTax": 40900000,
        "incomeBeforeTaxRatio": 0.0752391464,
        "incomeTaxExpense": 13900000,
        "netIncome": 27000000,
        "netIncomeRatio": 0.0496688742,
        "eps": 0.1,
        "epsdiluted": 0.1,
        "weightedAverageShsOut": 259000000,
        "weightedAverageShsOutDil": 259000000,
        "link": "https://www.sec.gov/Archives/edgar/data/63276/000006327695000017/0000063276-95-000017-index.html",
        "finalLink": "https://www.sec.gov/Archives/edgar/data/63276/"
    },
    {
        "date": "1994-12-31",
        "symbol": "MAT",
        "reportedCurrency": "USD",
        "cik": "0000063276",
        "fillingDate": "1995-03-22",
        "acceptedDate": "1995-03-22 00:00:00",
        "calendarYear": "1994",
        "period": "Q4",
        "revenue": 1030400000,
        "costOfRevenue": 469100000,
        "grossProfit": 561300000,
        "grossProfitRatio": 0.5447399068,
        "researchAndDevelopmentExpenses": 0,
        "generalAndAdministrativeExpenses": 0,
        "sellingAndMarketingExpenses": 0,
        "sellingGeneralAndAdministrativeExpenses": 449500000,
        "otherExpenses": 41400000,
        "operatingExpenses": 490900000,
        "costAndExpenses": 960000000,
        "interestIncome": 0,
        "interestExpense": 0,
        "depreciationAndAmortization": 41400000,
        "ebitda": 111800000,
        "ebitdaratio": 0.1085015528,
        "operatingIncome": 70400000,
        "operatingIncomeRatio": 0.0683229814,
        "totalOtherIncomeExpensesNet": -7000000,
        "incomeBeforeTax": 63400000,
        "incomeBeforeTaxRatio": 0.0615295031,
        "incomeTaxExpense": 20600000,
        "netIncome": 42800000,
        "netIncomeRatio": 0.0415372671,
        "eps": 0.16,
        "epsdiluted": 0.17,
        "weightedAverageShsOut": 259000000,
        "weightedAverageShsOutDil": 259000000,
        "link": "https://www.sec.gov/Archives/edgar/data/63276/000006327695000008/0000063276-95-000008-index.html",
        "finalLink": "https://www.sec.gov/Archives/edgar/data/63276/"
    },
    {
        "date": "1994-09-30",
        "symbol": "MAT",
        "reportedCurrency": "USD",
        "cik": "0000063276",
        "fillingDate": "1994-10-26",
        "acceptedDate": "1994-10-26 00:00:00",
        "calendarYear": "1994",
        "period": "Q3",
        "revenue": 1037100000,
        "costOfRevenue": 475700000,
        "grossProfit": 561400000,
        "grossProfitRatio": 0.5413171343,
        "researchAndDevelopmentExpenses": 0,
        "generalAndAdministrativeExpenses": 0,
        "sellingAndMarketingExpenses": 0,
        "sellingGeneralAndAdministrativeExpenses": 301900000,
        "otherExpenses": 32400000,
        "operatingExpenses": 334300000,
        "costAndExpenses": 810000000,
        "interestIncome": 0,
        "interestExpense": 0,
        "depreciationAndAmortization": 32400000,
        "ebitda": 259500000,
        "ebitdaratio": 0.2502169511,
        "operatingIncome": 227100000,
        "operatingIncomeRatio": 0.2189759907,
        "totalOtherIncomeExpensesNet": -24300000,
        "incomeBeforeTax": 202800000,
        "incomeBeforeTaxRatio": 0.1955452705,
        "incomeTaxExpense": 71000000,
        "netIncome": 131800000,
        "netIncomeRatio": 0.1270851413,
        "eps": 0.46,
        "epsdiluted": 0.46,
        "weightedAverageShsOut": 283913043,
        "weightedAverageShsOutDil": 283913043,
        "link": "https://www.sec.gov/Archives/edgar/data/63276/000006327694000055/0000063276-94-000055-index.html",
        "finalLink": "https://www.sec.gov/Archives/edgar/data/63276/"
    },
    {
        "date": "1994-06-30",
        "symbol": "MAT",
        "reportedCurrency": "USD",
        "cik": "0000063276",
        "fillingDate": "1994-07-29",
        "acceptedDate": "1994-07-29 00:00:00",
        "calendarYear": "1994",
        "period": "Q2",
        "revenue": 650300000,
        "costOfRevenue": 308800000,
        "grossProfit": 341500000,
        "grossProfitRatio": 0.525142242,
        "researchAndDevelopmentExpenses": 0,
        "generalAndAdministrativeExpenses": 0,
        "sellingAndMarketingExpenses": 0,
        "sellingGeneralAndAdministrativeExpenses": 212600000,
        "otherExpenses": 27000000,
        "operatingExpenses": 239600000,
        "costAndExpenses": 548400000,
        "interestIncome": 0,
        "interestExpense": 0,
        "depreciationAndAmortization": 27000000,
        "ebitda": 128900000,
        "ebitdaratio": 0.1982162079,
        "operatingIncome": 101900000,
        "operatingIncomeRatio": 0.1566969091,
        "totalOtherIncomeExpensesNet": -12800000,
        "incomeBeforeTax": 89100000,
        "incomeBeforeTaxRatio": 0.137013686,
        "incomeTaxExpense": 32000000,
        "netIncome": 57100000,
        "netIncomeRatio": 0.0878056282,
        "eps": 0.2,
        "epsdiluted": 0.2,
        "weightedAverageShsOut": 279500000,
        "weightedAverageShsOutDil": 279500000,
        "link": "https://www.sec.gov/Archives/edgar/data/63276/000006327694000038/0000063276-94-000038-index.html",
        "finalLink": "https://www.sec.gov/Archives/edgar/data/63276/"
    },
    {
        "date": "1994-03-31",
        "symbol": "MAT",
        "reportedCurrency": "USD",
        "cik": "0000063276",
        "fillingDate": "1994-05-03",
        "acceptedDate": "1994-05-03 00:00:00",
        "calendarYear": "1994",
        "period": "Q1",
        "revenue": 487300000,
        "costOfRevenue": 225700000,
        "grossProfit": 261600000,
        "grossProfitRatio": 0.5368356249,
        "researchAndDevelopmentExpenses": 0,
        "generalAndAdministrativeExpenses": 0,
        "sellingAndMarketingExpenses": 0,
        "sellingGeneralAndAdministrativeExpenses": 188400000,
        "otherExpenses": 23500000,
        "operatingExpenses": 211900000,
        "costAndExpenses": 437600000,
        "interestIncome": 0,
        "interestExpense": 0,
        "depreciationAndAmortization": 23500000,
        "ebitda": 73200000,
        "ebitdaratio": 0.150215473,
        "operatingIncome": 49700000,
        "operatingIncomeRatio": 0.1019905602,
        "totalOtherIncomeExpensesNet": -11400000,
        "incomeBeforeTax": 38300000,
        "incomeBeforeTaxRatio": 0.0785963472,
        "incomeTaxExpense": 14200000,
        "netIncome": 24100000,
        "netIncomeRatio": 0.0494561872,
        "eps": 0.08,
        "epsdiluted": 0.08,
        "weightedAverageShsOut": 286250000,
        "weightedAverageShsOutDil": 286250000,
        "link": "https://www.sec.gov/Archives/edgar/data/63276/000006327694000014/0000063276-94-000014-index.html",
        "finalLink": "https://www.sec.gov/Archives/edgar/data/63276/"
    },
    {
        "date": "1993-12-31",
        "symbol": "MAT",
        "reportedCurrency": "USD",
        "cik": "0000063276",
        "fillingDate": "1994-03-25",
        "acceptedDate": "1994-03-25 00:00:00",
        "calendarYear": "1993",
        "period": "Q4",
        "revenue": 1275900000,
        "costOfRevenue": 606100000,
        "grossProfit": 669800000,
        "grossProfitRatio": 0.5249627714,
        "researchAndDevelopmentExpenses": 0,
        "generalAndAdministrativeExpenses": 0,
        "sellingAndMarketingExpenses": 0,
        "sellingGeneralAndAdministrativeExpenses": 568000000,
        "otherExpenses": 42200000,
        "operatingExpenses": 610200000,
        "costAndExpenses": 1216300000,
        "interestIncome": 0,
        "interestExpense": 0,
        "depreciationAndAmortization": 42200000,
        "ebitda": 101800000,
        "ebitdaratio": 0.0797868171,
        "operatingIncome": 59600000,
        "operatingIncomeRatio": 0.0467121248,
        "totalOtherIncomeExpensesNet": -32600000,
        "incomeBeforeTax": 27000000,
        "incomeBeforeTaxRatio": 0.021161533,
        "incomeTaxExpense": 27300000,
        "netIncome": -33600000,
        "netIncomeRatio": -0.0263343522,
        "eps": -0.18,
        "epsdiluted": -0.18,
        "weightedAverageShsOut": 187954545,
        "weightedAverageShsOutDil": 187954545,
        "link": "https://www.sec.gov/Archives/edgar/data/63276/000006327694000008/0000063276-94-000008-index.html",
        "finalLink": "https://www.sec.gov/Archives/edgar/data/63276/"
    },
    {
        "date": "1993-09-30",
        "symbol": "MAT",
        "reportedCurrency": "USD",
        "cik": "0000063276",
        "fillingDate": "1993-09-30",
        "acceptedDate": "1993-09-30 00:00:00",
        "calendarYear": "1993",
        "period": "Q3",
        "revenue": 671100000,
        "costOfRevenue": 299800000,
        "grossProfit": 371300000,
        "grossProfitRatio": 0.5532707495,
        "researchAndDevelopmentExpenses": 0,
        "generalAndAdministrativeExpenses": 0,
        "sellingAndMarketingExpenses": 0,
        "sellingGeneralAndAdministrativeExpenses": 214000000,
        "otherExpenses": 16500000,
        "operatingExpenses": 230500000,
        "costAndExpenses": 530300000,
        "interestIncome": 0,
        "interestExpense": 0,
        "depreciationAndAmortization": 16500000,
        "ebitda": 157300000,
        "ebitdaratio": 0.2343912979,
        "operatingIncome": 140800000,
        "operatingIncomeRatio": 0.2098047981,
        "totalOtherIncomeExpensesNet": -11600000,
        "incomeBeforeTax": 129200000,
        "incomeBeforeTaxRatio": 0.1925197437,
        "incomeTaxExpense": 45300000,
        "netIncome": 83900000,
        "netIncomeRatio": 0.1250186261,
        "eps": 0.44,
        "epsdiluted": 0.42,
        "weightedAverageShsOut": 187954545,
        "weightedAverageShsOutDil": 196904762,
        "link": null,
        "finalLink": null
    },
    {
        "date": "1993-06-30",
        "symbol": "MAT",
        "reportedCurrency": "USD",
        "cik": "0000063276",
        "fillingDate": "1993-06-30",
        "acceptedDate": "1993-06-30 00:00:00",
        "calendarYear": "1993",
        "period": "Q2",
        "revenue": 411200000,
        "costOfRevenue": 180700000,
        "grossProfit": 230500000,
        "grossProfitRatio": 0.5605544747,
        "researchAndDevelopmentExpenses": 0,
        "generalAndAdministrativeExpenses": 0,
        "sellingAndMarketingExpenses": 0,
        "sellingGeneralAndAdministrativeExpenses": 149200000,
        "otherExpenses": 18500000,
        "operatingExpenses": 167700000,
        "costAndExpenses": 348400000,
        "interestIncome": 0,
        "interestExpense": 0,
        "depreciationAndAmortization": 18500000,
        "ebitda": 81300000,
        "ebitdaratio": 0.1977140078,
        "operatingIncome": 62800000,
        "operatingIncomeRatio": 0.1527237354,
        "totalOtherIncomeExpensesNet": -10500000,
        "incomeBeforeTax": 52300000,
        "incomeBeforeTaxRatio": 0.127188716,
        "incomeTaxExpense": 18300000,
        "netIncome": 34000000,
        "netIncomeRatio": 0.0826848249,
        "eps": 0.18,
        "epsdiluted": 0.17,
        "weightedAverageShsOut": 182222222,
        "weightedAverageShsOutDil": 192941176,
        "link": null,
        "finalLink": null
    },
    {
        "date": "1993-03-31",
        "symbol": "MAT",
        "reportedCurrency": "USD",
        "cik": "0000063276",
        "fillingDate": "1993-03-31",
        "acceptedDate": "1993-03-31 00:00:00",
        "calendarYear": "1993",
        "period": "Q1",
        "revenue": 346200000,
        "costOfRevenue": 164800000,
        "grossProfit": 181400000,
        "grossProfitRatio": 0.5239745812,
        "researchAndDevelopmentExpenses": 0,
        "generalAndAdministrativeExpenses": 0,
        "sellingAndMarketingExpenses": 0,
        "sellingGeneralAndAdministrativeExpenses": 130500000,
        "otherExpenses": 14800000,
        "operatingExpenses": 145300000,
        "costAndExpenses": 310100000,
        "interestIncome": 0,
        "interestExpense": 0,
        "depreciationAndAmortization": 14800000,
        "ebitda": 50900000,
        "ebitdaratio": 0.1470248411,
        "operatingIncome": 36100000,
        "operatingIncomeRatio": 0.1042749856,
        "totalOtherIncomeExpensesNet": -8000000,
        "incomeBeforeTax": 28100000,
        "incomeBeforeTaxRatio": 0.0811669555,
        "incomeTaxExpense": 9800000,
        "netIncome": 32900000,
        "netIncomeRatio": 0.0950317735,
        "eps": 0.17,
        "epsdiluted": 0.16,
        "weightedAverageShsOut": 186470588,
        "weightedAverageShsOutDil": 198125000,
        "link": null,
        "finalLink": null
    },
    {
        "date": "1992-12-31",
        "symbol": "MAT",
        "reportedCurrency": "USD",
        "cik": "0000063276",
        "fillingDate": "1992-12-31",
        "acceptedDate": "1992-12-31 00:00:00",
        "calendarYear": "1992",
        "period": "Q4",
        "revenue": 511000000,
        "costOfRevenue": 241600000,
        "grossProfit": 269400000,
        "grossProfitRatio": 0.5272015656,
        "researchAndDevelopmentExpenses": 0,
        "generalAndAdministrativeExpenses": 0,
        "sellingAndMarketingExpenses": 0,
        "sellingGeneralAndAdministrativeExpenses": 196600000,
        "otherExpenses": 16400000,
        "operatingExpenses": 213000000,
        "costAndExpenses": 454600000,
        "interestIncome": 0,
        "interestExpense": 0,
        "depreciationAndAmortization": 16400000,
        "ebitda": 72800000,
        "ebitdaratio": 0.1424657534,
        "operatingIncome": 56400000,
        "operatingIncomeRatio": 0.11037182,
        "totalOtherIncomeExpensesNet": -8400000,
        "incomeBeforeTax": 48000000,
        "incomeBeforeTaxRatio": 0.0939334638,
        "incomeTaxExpense": 12400000,
        "netIncome": 35600000,
        "netIncomeRatio": 0.069667319,
        "eps": 0.19,
        "epsdiluted": 0.19,
        "weightedAverageShsOut": 186216216,
        "weightedAverageShsOutDil": 186216216,
        "link": null,
        "finalLink": null
    },
    {
        "date": "1992-09-30",
        "symbol": "MAT",
        "reportedCurrency": "USD",
        "cik": "0000063276",
        "fillingDate": "1992-09-30",
        "acceptedDate": "1992-09-30 00:00:00",
        "calendarYear": "1992",
        "period": "Q3",
        "revenue": 606500000,
        "costOfRevenue": 278600000,
        "grossProfit": 327900000,
        "grossProfitRatio": 0.5406430338,
        "researchAndDevelopmentExpenses": 0,
        "generalAndAdministrativeExpenses": 0,
        "sellingAndMarketingExpenses": 0,
        "sellingGeneralAndAdministrativeExpenses": 189600000,
        "otherExpenses": 14500000,
        "operatingExpenses": 204100000,
        "costAndExpenses": 482700000,
        "interestIncome": 0,
        "interestExpense": 0,
        "depreciationAndAmortization": 14500000,
        "ebitda": 138300000,
        "ebitdaratio": 0.2280296785,
        "operatingIncome": 123800000,
        "operatingIncomeRatio": 0.2041220115,
        "totalOtherIncomeExpensesNet": -16000000,
        "incomeBeforeTax": 107800000,
        "incomeBeforeTaxRatio": 0.1777411377,
        "incomeTaxExpense": 37700000,
        "netIncome": 70100000,
        "netIncomeRatio": 0.1155812036,
        "eps": 0.37,
        "epsdiluted": 0.34,
        "weightedAverageShsOut": 186216216,
        "weightedAverageShsOutDil": 202647059,
        "link": null,
        "finalLink": null
    },
    {
        "date": "1992-06-30",
        "symbol": "MAT",
        "reportedCurrency": "USD",
        "cik": "0000063276",
        "fillingDate": "1992-06-30",
        "acceptedDate": "1992-06-30 00:00:00",
        "calendarYear": "1992",
        "period": "Q2",
        "revenue": 404300000,
        "costOfRevenue": 183100000,
        "grossProfit": 221200000,
        "grossProfitRatio": 0.5471184764,
        "researchAndDevelopmentExpenses": 0,
        "generalAndAdministrativeExpenses": 0,
        "sellingAndMarketingExpenses": 0,
        "sellingGeneralAndAdministrativeExpenses": 154400000,
        "otherExpenses": 17300000,
        "operatingExpenses": 171700000,
        "costAndExpenses": 354800000,
        "interestIncome": 0,
        "interestExpense": 0,
        "depreciationAndAmortization": 17300000,
        "ebitda": 66800000,
        "ebitdaratio": 0.1652238437,
        "operatingIncome": 49500000,
        "operatingIncomeRatio": 0.1224338363,
        "totalOtherIncomeExpensesNet": -12700000,
        "incomeBeforeTax": 36800000,
        "incomeBeforeTaxRatio": 0.0910215187,
        "incomeTaxExpense": 13400000,
        "netIncome": 23400000,
        "netIncomeRatio": 0.0578778135,
        "eps": 0.11,
        "epsdiluted": 0.11,
        "weightedAverageShsOut": 201818182,
        "weightedAverageShsOutDil": 201818182,
        "link": null,
        "finalLink": null
    },
    {
        "date": "1992-03-31",
        "symbol": "MAT",
        "reportedCurrency": "USD",
        "cik": "0000063276",
        "fillingDate": "1992-03-31",
        "acceptedDate": "1992-03-31 00:00:00",
        "calendarYear": "1992",
        "period": "Q1",
        "revenue": 326100000,
        "costOfRevenue": 155400000,
        "grossProfit": 170700000,
        "grossProfitRatio": 0.5234590616,
        "researchAndDevelopmentExpenses": 0,
        "generalAndAdministrativeExpenses": 0,
        "sellingAndMarketingExpenses": 0,
        "sellingGeneralAndAdministrativeExpenses": 123600000,
        "otherExpenses": 15400000,
        "operatingExpenses": 139000000,
        "costAndExpenses": 294400000,
        "interestIncome": 0,
        "interestExpense": 0,
        "depreciationAndAmortization": 15400000,
        "ebitda": 47100000,
        "ebitdaratio": 0.1444342226,
        "operatingIncome": 31700000,
        "operatingIncomeRatio": 0.097209445,
        "totalOtherIncomeExpensesNet": -8400000,
        "incomeBeforeTax": 23300000,
        "incomeBeforeTaxRatio": 0.0714504753,
        "incomeTaxExpense": 8500000,
        "netIncome": 14800000,
        "netIncomeRatio": 0.0453848513,
        "eps": 0.07,
        "epsdiluted": 0.07,
        "weightedAverageShsOut": 191428571,
        "weightedAverageShsOutDil": 191428571,
        "link": null,
        "finalLink": null
    },
    {
        "date": "1991-12-31",
        "symbol": "MAT",
        "reportedCurrency": "USD",
        "cik": "0000063276",
        "fillingDate": "1991-12-31",
        "acceptedDate": "1991-12-31 00:00:00",
        "calendarYear": "1991",
        "period": "Q4",
        "revenue": 513600000,
        "costOfRevenue": 247600000,
        "grossProfit": 266000000,
        "grossProfitRatio": 0.5179127726,
        "researchAndDevelopmentExpenses": 0,
        "generalAndAdministrativeExpenses": 0,
        "sellingAndMarketingExpenses": 0,
        "sellingGeneralAndAdministrativeExpenses": 186700000,
        "otherExpenses": 14800000,
        "operatingExpenses": 201500000,
        "costAndExpenses": 449100000,
        "interestIncome": 0,
        "interestExpense": 0,
        "depreciationAndAmortization": 14800000,
        "ebitda": 79300000,
        "ebitdaratio": 0.1544003115,
        "operatingIncome": 64500000,
        "operatingIncomeRatio": 0.1255841121,
        "totalOtherIncomeExpensesNet": -16300000,
        "incomeBeforeTax": 48200000,
        "incomeBeforeTaxRatio": 0.093847352,
        "incomeTaxExpense": 18900000,
        "netIncome": 29300000,
        "netIncomeRatio": 0.0570482866,
        "eps": 0.16,
        "epsdiluted": 0.16,
        "weightedAverageShsOut": 183032759,
        "weightedAverageShsOutDil": 188666667,
        "link": null,
        "finalLink": null
    },
    {
        "date": "1991-09-30",
        "symbol": "MAT",
        "reportedCurrency": "USD",
        "cik": "0000063276",
        "fillingDate": "1991-09-30",
        "acceptedDate": "1991-09-30 00:00:00",
        "calendarYear": "1991",
        "period": "Q3",
        "revenue": 523500000,
        "costOfRevenue": 243000000,
        "grossProfit": 280500000,
        "grossProfitRatio": 0.5358166189,
        "researchAndDevelopmentExpenses": 0,
        "generalAndAdministrativeExpenses": 0,
        "sellingAndMarketingExpenses": 0,
        "sellingGeneralAndAdministrativeExpenses": 160000000,
        "otherExpenses": 15200000,
        "operatingExpenses": 175200000,
        "costAndExpenses": 418200000,
        "interestIncome": 0,
        "interestExpense": 0,
        "depreciationAndAmortization": 15200000,
        "ebitda": 120500000,
        "ebitdaratio": 0.2301814709,
        "operatingIncome": 105300000,
        "operatingIncomeRatio": 0.2011461318,
        "totalOtherIncomeExpensesNet": -15300000,
        "incomeBeforeTax": 90000000,
        "incomeBeforeTaxRatio": 0.1719197708,
        "incomeTaxExpense": 33400000,
        "netIncome": 56600000,
        "netIncomeRatio": 0.1081184336,
        "eps": 0.3,
        "epsdiluted": 0.29,
        "weightedAverageShsOut": 188666667,
        "weightedAverageShsOutDil": 195172414,
        "link": null,
        "finalLink": null
    },
    {
        "date": "1991-06-30",
        "symbol": "MAT",
        "reportedCurrency": "USD",
        "cik": "0000063276",
        "fillingDate": "1991-06-30",
        "acceptedDate": "1991-06-30 00:00:00",
        "calendarYear": "1991",
        "period": "Q2",
        "revenue": 322500000,
        "costOfRevenue": 149900000,
        "grossProfit": 172600000,
        "grossProfitRatio": 0.5351937984,
        "researchAndDevelopmentExpenses": 0,
        "generalAndAdministrativeExpenses": 0,
        "sellingAndMarketingExpenses": 0,
        "sellingGeneralAndAdministrativeExpenses": 111400000,
        "otherExpenses": 14600000,
        "operatingExpenses": 126000000,
        "costAndExpenses": 275900000,
        "interestIncome": 0,
        "interestExpense": 0,
        "depreciationAndAmortization": 14600000,
        "ebitda": 61200000,
        "ebitdaratio": 0.1897674419,
        "operatingIncome": 46600000,
        "operatingIncomeRatio": 0.144496124,
        "totalOtherIncomeExpensesNet": -11900000,
        "incomeBeforeTax": 34700000,
        "incomeBeforeTaxRatio": 0.1075968992,
        "incomeTaxExpense": 12600000,
        "netIncome": 22100000,
        "netIncomeRatio": 0.0685271318,
        "eps": 0.12,
        "epsdiluted": 0.12,
        "weightedAverageShsOut": 184166667,
        "weightedAverageShsOutDil": 184166667,
        "link": null,
        "finalLink": null
    },
    {
        "date": "1991-03-31",
        "symbol": "MAT",
        "reportedCurrency": "USD",
        "cik": "0000063276",
        "fillingDate": "1991-03-31",
        "acceptedDate": "1991-03-31 00:00:00",
        "calendarYear": "1991",
        "period": "Q1",
        "revenue": 262100000,
        "costOfRevenue": 126400000,
        "grossProfit": 135700000,
        "grossProfitRatio": 0.5177413201,
        "researchAndDevelopmentExpenses": 0,
        "generalAndAdministrativeExpenses": 0,
        "sellingAndMarketingExpenses": 0,
        "sellingGeneralAndAdministrativeExpenses": 101200000,
        "otherExpenses": 13100000,
        "operatingExpenses": 114300000,
        "costAndExpenses": 240700000,
        "interestIncome": 0,
        "interestExpense": 0,
        "depreciationAndAmortization": 13100000,
        "ebitda": 34500000,
        "ebitdaratio": 0.1316291492,
        "operatingIncome": 21400000,
        "operatingIncomeRatio": 0.0816482259,
        "totalOtherIncomeExpensesNet": -5400000,
        "incomeBeforeTax": 16000000,
        "incomeBeforeTaxRatio": 0.0610454025,
        "incomeTaxExpense": 5900000,
        "netIncome": 10100000,
        "netIncomeRatio": 0.0385349103,
        "eps": 0.06,
        "epsdiluted": 0.06,
        "weightedAverageShsOut": 168333333,
        "weightedAverageShsOutDil": 168333333,
        "link": null,
        "finalLink": null
    },
    {
        "date": "1990-12-31",
        "symbol": "MAT",
        "reportedCurrency": "USD",
        "cik": "0000063276",
        "fillingDate": "1990-12-31",
        "acceptedDate": "1990-12-31 00:00:00",
        "calendarYear": "1990",
        "period": "Q4",
        "revenue": 428200000,
        "costOfRevenue": 215300000,
        "grossProfit": 212900000,
        "grossProfitRatio": 0.4971975712,
        "researchAndDevelopmentExpenses": 0,
        "generalAndAdministrativeExpenses": 0,
        "sellingAndMarketingExpenses": 0,
        "sellingGeneralAndAdministrativeExpenses": 165400000,
        "otherExpenses": 12500000,
        "operatingExpenses": 177900000,
        "costAndExpenses": 393200000,
        "interestIncome": 0,
        "interestExpense": 0,
        "depreciationAndAmortization": 12500000,
        "ebitda": 47500000,
        "ebitdaratio": 0.1109294722,
        "operatingIncome": 35000000,
        "operatingIncomeRatio": 0.0817375058,
        "totalOtherIncomeExpensesNet": -13500000,
        "incomeBeforeTax": 21500000,
        "incomeBeforeTaxRatio": 0.0502101822,
        "incomeTaxExpense": 6800000,
        "netIncome": 14700000,
        "netIncomeRatio": 0.0343297525,
        "eps": 0.08,
        "epsdiluted": 0.08,
        "weightedAverageShsOut": 183171429,
        "weightedAverageShsOutDil": 183846154,
        "link": null,
        "finalLink": null
    },
    {
        "date": "1990-09-30",
        "symbol": "MAT",
        "reportedCurrency": "USD",
        "cik": "0000063276",
        "fillingDate": "1990-09-30",
        "acceptedDate": "1990-09-30 00:00:00",
        "calendarYear": "1990",
        "period": "Q3",
        "revenue": 490400000,
        "costOfRevenue": 237000000,
        "grossProfit": 253400000,
        "grossProfitRatio": 0.516721044,
        "researchAndDevelopmentExpenses": 0,
        "generalAndAdministrativeExpenses": 0,
        "sellingAndMarketingExpenses": 0,
        "sellingGeneralAndAdministrativeExpenses": 150300000,
        "otherExpenses": 15500000,
        "operatingExpenses": 165800000,
        "costAndExpenses": 402800000,
        "interestIncome": 0,
        "interestExpense": 0,
        "depreciationAndAmortization": 15500000,
        "ebitda": 103100000,
        "ebitdaratio": 0.2102365416,
        "operatingIncome": 87600000,
        "operatingIncomeRatio": 0.17862969,
        "totalOtherIncomeExpensesNet": -14100000,
        "incomeBeforeTax": 73500000,
        "incomeBeforeTaxRatio": 0.1498776509,
        "incomeTaxExpense": 25700000,
        "netIncome": 47800000,
        "netIncomeRatio": 0.0974714519,
        "eps": 0.26,
        "epsdiluted": 0.26,
        "weightedAverageShsOut": 183846154,
        "weightedAverageShsOutDil": 183846154,
        "link": null,
        "finalLink": null
    },
    {
        "date": "1990-06-30",
        "symbol": "MAT",
        "reportedCurrency": "USD",
        "cik": "0000063276",
        "fillingDate": "1990-06-30",
        "acceptedDate": "1990-06-30 00:00:00",
        "calendarYear": "1990",
        "period": "Q2",
        "revenue": 318000000,
        "costOfRevenue": 151100000,
        "grossProfit": 166900000,
        "grossProfitRatio": 0.5248427673,
        "researchAndDevelopmentExpenses": 0,
        "generalAndAdministrativeExpenses": 0,
        "sellingAndMarketingExpenses": 0,
        "sellingGeneralAndAdministrativeExpenses": 111600000,
        "otherExpenses": 13100000,
        "operatingExpenses": 124700000,
        "costAndExpenses": 275800000,
        "interestIncome": 0,
        "interestExpense": 0,
        "depreciationAndAmortization": 13100000,
        "ebitda": 55300000,
        "ebitdaratio": 0.1738993711,
        "operatingIncome": 42200000,
        "operatingIncomeRatio": 0.1327044025,
        "totalOtherIncomeExpensesNet": -11100000,
        "incomeBeforeTax": 31100000,
        "incomeBeforeTaxRatio": 0.0977987421,
        "incomeTaxExpense": 10800000,
        "netIncome": 20300000,
        "netIncomeRatio": 0.063836478,
        "eps": 0.11,
        "epsdiluted": 0.11,
        "weightedAverageShsOut": 184545455,
        "weightedAverageShsOutDil": 184545455,
        "link": null,
        "finalLink": null
    },
    {
        "date": "1990-03-31",
        "symbol": "MAT",
        "reportedCurrency": "USD",
        "cik": "0000063276",
        "fillingDate": "1990-03-31",
        "acceptedDate": "1990-03-31 00:00:00",
        "calendarYear": "1990",
        "period": "Q1",
        "revenue": 234000000,
        "costOfRevenue": 115700000,
        "grossProfit": 118300000,
        "grossProfitRatio": 0.5055555556,
        "researchAndDevelopmentExpenses": 0,
        "generalAndAdministrativeExpenses": 0,
        "sellingAndMarketingExpenses": 0,
        "sellingGeneralAndAdministrativeExpenses": 91300000,
        "otherExpenses": 9200000,
        "operatingExpenses": 100500000,
        "costAndExpenses": 216200000,
        "interestIncome": 0,
        "interestExpense": 0,
        "depreciationAndAmortization": 9200000,
        "ebitda": 27000000,
        "ebitdaratio": 0.1153846154,
        "operatingIncome": 17800000,
        "operatingIncomeRatio": 0.0760683761,
        "totalOtherIncomeExpensesNet": -4700000,
        "incomeBeforeTax": 13100000,
        "incomeBeforeTaxRatio": 0.055982906,
        "incomeTaxExpense": 4700000,
        "netIncome": 8400000,
        "netIncomeRatio": 0.0358974359,
        "eps": 0.05,
        "epsdiluted": 0.05,
        "weightedAverageShsOut": 168000000,
        "weightedAverageShsOutDil": 168000000,
        "link": null,
        "finalLink": null
    },
    {
        "date": "1989-12-31",
        "symbol": "MAT",
        "reportedCurrency": "USD",
        "cik": "0000063276",
        "fillingDate": "1989-12-31",
        "acceptedDate": "1989-12-31 00:00:00",
        "calendarYear": "1989",
        "period": "Q4",
        "revenue": 359400000,
        "costOfRevenue": 0,
        "grossProfit": 359400000,
        "grossProfitRatio": 1,
        "researchAndDevelopmentExpenses": 0,
        "generalAndAdministrativeExpenses": 0,
        "sellingAndMarketingExpenses": 0,
        "sellingGeneralAndAdministrativeExpenses": 0,
        "otherExpenses": 1073900000,
        "operatingExpenses": 1073900000,
        "costAndExpenses": 1073900000,
        "interestIncome": 0,
        "interestExpense": 0,
        "depreciationAndAmortization": 0,
        "ebitda": -714500000,
        "ebitdaratio": -1.9880356149,
        "operatingIncome": -714500000,
        "operatingIncomeRatio": -1.9880356149,
        "totalOtherIncomeExpensesNet": 0,
        "incomeBeforeTax": -714500000,
        "incomeBeforeTaxRatio": -1.9880356149,
        "incomeTaxExpense": -735200000,
        "netIncome": 20700000,
        "netIncomeRatio": 0.0575959933,
        "eps": 0.11,
        "epsdiluted": 0.11,
        "weightedAverageShsOut": 176251000,
        "weightedAverageShsOutDil": 176251000,
        "link": null,
        "finalLink": null
    },
    {
        "date": "1989-09-30",
        "symbol": "MAT",
        "reportedCurrency": "USD",
        "cik": "0000063276",
        "fillingDate": "1989-09-30",
        "acceptedDate": "1989-09-30 00:00:00",
        "calendarYear": "1989",
        "period": "Q3",
        "revenue": 410000000,
        "costOfRevenue": 0,
        "grossProfit": 410000000,
        "grossProfitRatio": 1,
        "researchAndDevelopmentExpenses": 0,
        "generalAndAdministrativeExpenses": 0,
        "sellingAndMarketingExpenses": 0,
        "sellingGeneralAndAdministrativeExpenses": 0,
        "otherExpenses": 0,
        "operatingExpenses": 0,
        "costAndExpenses": 0,
        "interestIncome": 0,
        "interestExpense": 0,
        "depreciationAndAmortization": 0,
        "ebitda": 410000000,
        "ebitdaratio": 1,
        "operatingIncome": 410000000,
        "operatingIncomeRatio": 1,
        "totalOtherIncomeExpensesNet": 0,
        "incomeBeforeTax": 410000000,
        "incomeBeforeTaxRatio": 1,
        "incomeTaxExpense": 372000000,
        "netIncome": 38000000,
        "netIncomeRatio": 0.0926829268,
        "eps": 0.21,
        "epsdiluted": 0.21,
        "weightedAverageShsOut": 176251000,
        "weightedAverageShsOutDil": 176251000,
        "link": null,
        "finalLink": null
    },
    {
        "date": "1989-06-30",
        "symbol": "MAT",
        "reportedCurrency": "USD",
        "cik": "0000063276",
        "fillingDate": "1989-06-30",
        "acceptedDate": "1989-06-30 00:00:00",
        "calendarYear": "1989",
        "period": "Q2",
        "revenue": 272300000,
        "costOfRevenue": 0,
        "grossProfit": 272300000,
        "grossProfitRatio": 1,
        "researchAndDevelopmentExpenses": 0,
        "generalAndAdministrativeExpenses": 0,
        "sellingAndMarketingExpenses": 0,
        "sellingGeneralAndAdministrativeExpenses": 0,
        "otherExpenses": 0,
        "operatingExpenses": 0,
        "costAndExpenses": 0,
        "interestIncome": 0,
        "interestExpense": 0,
        "depreciationAndAmortization": 0,
        "ebitda": 272300000,
        "ebitdaratio": 1,
        "operatingIncome": 272300000,
        "operatingIncomeRatio": 1,
        "totalOtherIncomeExpensesNet": 0,
        "incomeBeforeTax": 272300000,
        "incomeBeforeTaxRatio": 1,
        "incomeTaxExpense": 255700000,
        "netIncome": 16600000,
        "netIncomeRatio": 0.0609621741,
        "eps": 0.09,
        "epsdiluted": 0.09,
        "weightedAverageShsOut": 175161000,
        "weightedAverageShsOutDil": 175161000,
        "link": null,
        "finalLink": null
    },
    {
        "date": "1989-03-31",
        "symbol": "MAT",
        "reportedCurrency": "USD",
        "cik": "0000063276",
        "fillingDate": "1989-03-31",
        "acceptedDate": "1989-03-31 00:00:00",
        "calendarYear": "1989",
        "period": "Q1",
        "revenue": 195300000,
        "costOfRevenue": 0,
        "grossProfit": 195300000,
        "grossProfitRatio": 1,
        "researchAndDevelopmentExpenses": 0,
        "generalAndAdministrativeExpenses": 0,
        "sellingAndMarketingExpenses": 0,
        "sellingGeneralAndAdministrativeExpenses": 0,
        "otherExpenses": 0,
        "operatingExpenses": 0,
        "costAndExpenses": 0,
        "interestIncome": 0,
        "interestExpense": 0,
        "depreciationAndAmortization": 0,
        "ebitda": 195300000,
        "ebitdaratio": 1,
        "operatingIncome": 195300000,
        "operatingIncomeRatio": 1,
        "totalOtherIncomeExpensesNet": 0,
        "incomeBeforeTax": 195300000,
        "incomeBeforeTaxRatio": 1,
        "incomeTaxExpense": 191000000,
        "netIncome": 4300000,
        "netIncomeRatio": 0.0220174091,
        "eps": 0.02,
        "epsdiluted": 0.02,
        "weightedAverageShsOut": 174961000,
        "weightedAverageShsOutDil": 174961000,
        "link": null,
        "finalLink": null
    },
    {
        "date": "1988-12-31",
        "symbol": "MAT",
        "reportedCurrency": "USD",
        "cik": "0000063276",
        "fillingDate": "1988-12-31",
        "acceptedDate": "1988-12-31 00:00:00",
        "calendarYear": "1988",
        "period": "Q4",
        "revenue": 287600000,
        "costOfRevenue": 0,
        "grossProfit": 287600000,
        "grossProfitRatio": 1,
        "researchAndDevelopmentExpenses": 0,
        "generalAndAdministrativeExpenses": 0,
        "sellingAndMarketingExpenses": 0,
        "sellingGeneralAndAdministrativeExpenses": 0,
        "otherExpenses": 890300000,
        "operatingExpenses": 890300000,
        "costAndExpenses": 890300000,
        "interestIncome": 0,
        "interestExpense": 0,
        "depreciationAndAmortization": 0,
        "ebitda": -602700000,
        "ebitdaratio": -2.0956189152,
        "operatingIncome": -602700000,
        "operatingIncomeRatio": -2.0956189152,
        "totalOtherIncomeExpensesNet": 0,
        "incomeBeforeTax": -602700000,
        "incomeBeforeTaxRatio": -2.0956189152,
        "incomeTaxExpense": -613200000,
        "netIncome": 10500000,
        "netIncomeRatio": 0.0365090403,
        "eps": 0.06,
        "epsdiluted": 0.06,
        "weightedAverageShsOut": 174744000,
        "weightedAverageShsOutDil": 174744000,
        "link": null,
        "finalLink": null
    },
    {
        "date": "1988-09-30",
        "symbol": "MAT",
        "reportedCurrency": "USD",
        "cik": "0000063276",
        "fillingDate": "1988-09-30",
        "acceptedDate": "1988-09-30 00:00:00",
        "calendarYear": "1988",
        "period": "Q3",
        "revenue": 306600000,
        "costOfRevenue": 0,
        "grossProfit": 306600000,
        "grossProfitRatio": 1,
        "researchAndDevelopmentExpenses": 0,
        "generalAndAdministrativeExpenses": 0,
        "sellingAndMarketingExpenses": 0,
        "sellingGeneralAndAdministrativeExpenses": 0,
        "otherExpenses": 0,
        "operatingExpenses": 0,
        "costAndExpenses": 0,
        "interestIncome": 0,
        "interestExpense": 0,
        "depreciationAndAmortization": 0,
        "ebitda": 306600000,
        "ebitdaratio": 1,
        "operatingIncome": 306600000,
        "operatingIncomeRatio": 1,
        "totalOtherIncomeExpensesNet": 0,
        "incomeBeforeTax": 306600000,
        "incomeBeforeTaxRatio": 1,
        "incomeTaxExpense": 284700000,
        "netIncome": 21900000,
        "netIncomeRatio": 0.0714285714,
        "eps": 0.12,
        "epsdiluted": 0.12,
        "weightedAverageShsOut": 174744000,
        "weightedAverageShsOutDil": 174744000,
        "link": null,
        "finalLink": null
    },
    {
        "date": "1988-06-30",
        "symbol": "MAT",
        "reportedCurrency": "USD",
        "cik": "0000063276",
        "fillingDate": "1988-06-30",
        "acceptedDate": "1988-06-30 00:00:00",
        "calendarYear": "1988",
        "period": "Q2",
        "revenue": 207100000,
        "costOfRevenue": 0,
        "grossProfit": 207100000,
        "grossProfitRatio": 1,
        "researchAndDevelopmentExpenses": 0,
        "generalAndAdministrativeExpenses": 0,
        "sellingAndMarketingExpenses": 0,
        "sellingGeneralAndAdministrativeExpenses": 0,
        "otherExpenses": 0,
        "operatingExpenses": 0,
        "costAndExpenses": 0,
        "interestIncome": 0,
        "interestExpense": 0,
        "depreciationAndAmortization": 0,
        "ebitda": 207100000,
        "ebitdaratio": 1,
        "operatingIncome": 207100000,
        "operatingIncomeRatio": 1,
        "totalOtherIncomeExpensesNet": 0,
        "incomeBeforeTax": 207100000,
        "incomeBeforeTaxRatio": 1,
        "incomeTaxExpense": 203900000,
        "netIncome": 3200000,
        "netIncomeRatio": 0.0154514727,
        "eps": 0.02,
        "epsdiluted": 0.02,
        "weightedAverageShsOut": 174435000,
        "weightedAverageShsOutDil": 174435000,
        "link": null,
        "finalLink": null
    },
    {
        "date": "1988-03-31",
        "symbol": "MAT",
        "reportedCurrency": "USD",
        "cik": "0000063276",
        "fillingDate": "1988-03-31",
        "acceptedDate": "1988-03-31 00:00:00",
        "calendarYear": "1988",
        "period": "Q1",
        "revenue": 188600000,
        "costOfRevenue": 0,
        "grossProfit": 188600000,
        "grossProfitRatio": 1,
        "researchAndDevelopmentExpenses": 0,
        "generalAndAdministrativeExpenses": 0,
        "sellingAndMarketingExpenses": 0,
        "sellingGeneralAndAdministrativeExpenses": 0,
        "otherExpenses": 0,
        "operatingExpenses": 0,
        "costAndExpenses": 0,
        "interestIncome": 0,
        "interestExpense": 0,
        "depreciationAndAmortization": 0,
        "ebitda": 188600000,
        "ebitdaratio": 1,
        "operatingIncome": 188600000,
        "operatingIncomeRatio": 1,
        "totalOtherIncomeExpensesNet": 0,
        "incomeBeforeTax": 188600000,
        "incomeBeforeTaxRatio": 1,
        "incomeTaxExpense": 188300000,
        "netIncome": 300000,
        "netIncomeRatio": 0.0015906681,
        "eps": 0.01,
        "epsdiluted": 0.01,
        "weightedAverageShsOut": 174435000,
        "weightedAverageShsOutDil": 174435000,
        "link": null,
        "finalLink": null
    },
    {
        "date": "1987-12-31",
        "symbol": "MAT",
        "reportedCurrency": "USD",
        "cik": "0000063276",
        "fillingDate": "1987-12-31",
        "acceptedDate": "1987-12-31 00:00:00",
        "calendarYear": "1987",
        "period": "Q4",
        "revenue": 233900000,
        "costOfRevenue": 0,
        "grossProfit": 233900000,
        "grossProfitRatio": 1,
        "researchAndDevelopmentExpenses": 0,
        "generalAndAdministrativeExpenses": 0,
        "sellingAndMarketingExpenses": 0,
        "sellingGeneralAndAdministrativeExpenses": 0,
        "otherExpenses": 1042300000,
        "operatingExpenses": 1042300000,
        "costAndExpenses": 1042300000,
        "interestIncome": 0,
        "interestExpense": 0,
        "depreciationAndAmortization": 0,
        "ebitda": -808400000,
        "ebitdaratio": -3.4561778538,
        "operatingIncome": -808400000,
        "operatingIncomeRatio": -3.4561778538,
        "totalOtherIncomeExpensesNet": 0,
        "incomeBeforeTax": -808400000,
        "incomeBeforeTaxRatio": -3.4561778538,
        "incomeTaxExpense": -708700000,
        "netIncome": -99700000,
        "netIncomeRatio": -0.4262505344,
        "eps": -0.66,
        "epsdiluted": -0.66,
        "weightedAverageShsOut": 173888000,
        "weightedAverageShsOutDil": 173888000,
        "link": null,
        "finalLink": null
    },
    {
        "date": "1987-09-30",
        "symbol": "MAT",
        "reportedCurrency": "USD",
        "cik": "0000063276",
        "fillingDate": "1987-09-30",
        "acceptedDate": "1987-09-30 00:00:00",
        "calendarYear": "1987",
        "period": "Q3",
        "revenue": 318100000,
        "costOfRevenue": 0,
        "grossProfit": 318100000,
        "grossProfitRatio": 1,
        "researchAndDevelopmentExpenses": 0,
        "generalAndAdministrativeExpenses": 0,
        "sellingAndMarketingExpenses": 0,
        "sellingGeneralAndAdministrativeExpenses": 0,
        "otherExpenses": 0,
        "operatingExpenses": 0,
        "costAndExpenses": 0,
        "interestIncome": 0,
        "interestExpense": 0,
        "depreciationAndAmortization": 0,
        "ebitda": 318100000,
        "ebitdaratio": 1,
        "operatingIncome": 318100000,
        "operatingIncomeRatio": 1,
        "totalOtherIncomeExpensesNet": 0,
        "incomeBeforeTax": 318100000,
        "incomeBeforeTaxRatio": 1,
        "incomeTaxExpense": 312700000,
        "netIncome": 5400000,
        "netIncomeRatio": 0.0169757938,
        "eps": 0.04,
        "epsdiluted": 0.04,
        "weightedAverageShsOut": 173888000,
        "weightedAverageShsOutDil": 173888000,
        "link": null,
        "finalLink": null
    },
    {
        "date": "1987-06-30",
        "symbol": "MAT",
        "reportedCurrency": "USD",
        "cik": "0000063276",
        "fillingDate": "1987-06-30",
        "acceptedDate": "1987-06-30 00:00:00",
        "calendarYear": "1987",
        "period": "Q2",
        "revenue": 256400000,
        "costOfRevenue": 0,
        "grossProfit": 256400000,
        "grossProfitRatio": 1,
        "researchAndDevelopmentExpenses": 0,
        "generalAndAdministrativeExpenses": 0,
        "sellingAndMarketingExpenses": 0,
        "sellingGeneralAndAdministrativeExpenses": 0,
        "otherExpenses": 0,
        "operatingExpenses": 0,
        "costAndExpenses": 0,
        "interestIncome": 0,
        "interestExpense": 0,
        "depreciationAndAmortization": 0,
        "ebitda": 256400000,
        "ebitdaratio": 1,
        "operatingIncome": 256400000,
        "operatingIncomeRatio": 1,
        "totalOtherIncomeExpensesNet": 0,
        "incomeBeforeTax": 256400000,
        "incomeBeforeTaxRatio": 1,
        "incomeTaxExpense": 254700000,
        "netIncome": 1700000,
        "netIncomeRatio": 0.0066302652,
        "eps": 0.01,
        "epsdiluted": 0.01,
        "weightedAverageShsOut": 140213000,
        "weightedAverageShsOutDil": 140213000,
        "link": null,
        "finalLink": null
    },
    {
        "date": "1987-03-31",
        "symbol": "MAT",
        "reportedCurrency": "USD",
        "cik": "0000063276",
        "fillingDate": "1987-03-31",
        "acceptedDate": "1987-03-31 00:00:00",
        "calendarYear": "1987",
        "period": "Q1",
        "revenue": 211800000,
        "costOfRevenue": 0,
        "grossProfit": 211800000,
        "grossProfitRatio": 1,
        "researchAndDevelopmentExpenses": 0,
        "generalAndAdministrativeExpenses": 0,
        "sellingAndMarketingExpenses": 0,
        "sellingGeneralAndAdministrativeExpenses": 0,
        "otherExpenses": 0,
        "operatingExpenses": 0,
        "costAndExpenses": 0,
        "interestIncome": 0,
        "interestExpense": 0,
        "depreciationAndAmortization": 0,
        "ebitda": 211800000,
        "ebitdaratio": 1,
        "operatingIncome": 211800000,
        "operatingIncomeRatio": 1,
        "totalOtherIncomeExpensesNet": 0,
        "incomeBeforeTax": 211800000,
        "incomeBeforeTaxRatio": 1,
        "incomeTaxExpense": 0,
        "netIncome": 211800000,
        "netIncomeRatio": 1,
        "eps": -0.01,
        "epsdiluted": -0.01,
        "weightedAverageShsOut": 140023000,
        "weightedAverageShsOutDil": 140023000,
        "link": null,
        "finalLink": null
    },
    {
        "date": "1986-12-31",
        "symbol": "MAT",
        "reportedCurrency": "USD",
        "cik": "0000063276",
        "fillingDate": "1986-12-31",
        "acceptedDate": "1986-12-31 00:00:00",
        "calendarYear": "1986",
        "period": "Q4",
        "revenue": 271900000,
        "costOfRevenue": 0,
        "grossProfit": 271900000,
        "grossProfitRatio": 1,
        "researchAndDevelopmentExpenses": 0,
        "generalAndAdministrativeExpenses": 0,
        "sellingAndMarketingExpenses": 0,
        "sellingGeneralAndAdministrativeExpenses": 0,
        "otherExpenses": 971100000,
        "operatingExpenses": 971100000,
        "costAndExpenses": 971100000,
        "interestIncome": 0,
        "interestExpense": 0,
        "depreciationAndAmortization": 0,
        "ebitda": -699200000,
        "ebitdaratio": -2.5715336521,
        "operatingIncome": -699200000,
        "operatingIncomeRatio": -2.5715336521,
        "totalOtherIncomeExpensesNet": 0,
        "incomeBeforeTax": -699200000,
        "incomeBeforeTaxRatio": -2.5715336521,
        "incomeTaxExpense": -679600000,
        "netIncome": -19600000,
        "netIncomeRatio": -0.0720853255,
        "eps": -0.15,
        "epsdiluted": -0.15,
        "weightedAverageShsOut": 139424000,
        "weightedAverageShsOutDil": 139424000,
        "link": null,
        "finalLink": null
    },
    {
        "date": "1986-09-30",
        "symbol": "MAT",
        "reportedCurrency": "USD",
        "cik": "0000063276",
        "fillingDate": "1986-09-30",
        "acceptedDate": "1986-09-30 00:00:00",
        "calendarYear": "1986",
        "period": "Q3",
        "revenue": 344400000,
        "costOfRevenue": 0,
        "grossProfit": 344400000,
        "grossProfitRatio": 1,
        "researchAndDevelopmentExpenses": 0,
        "generalAndAdministrativeExpenses": 0,
        "sellingAndMarketingExpenses": 0,
        "sellingGeneralAndAdministrativeExpenses": 0,
        "otherExpenses": 0,
        "operatingExpenses": 0,
        "costAndExpenses": 0,
        "interestIncome": 0,
        "interestExpense": 0,
        "depreciationAndAmortization": 0,
        "ebitda": 344400000,
        "ebitdaratio": 1,
        "operatingIncome": 344400000,
        "operatingIncomeRatio": 1,
        "totalOtherIncomeExpensesNet": 0,
        "incomeBeforeTax": 344400000,
        "incomeBeforeTaxRatio": 1,
        "incomeTaxExpense": 328100000,
        "netIncome": 16300000,
        "netIncomeRatio": 0.0473286876,
        "eps": 0.09,
        "epsdiluted": 0.09,
        "weightedAverageShsOut": 139424000,
        "weightedAverageShsOutDil": 139424000,
        "link": null,
        "finalLink": null
    },
    {
        "date": "1986-06-30",
        "symbol": "MAT",
        "reportedCurrency": "USD",
        "cik": "0000063276",
        "fillingDate": "1986-06-30",
        "acceptedDate": "1986-06-30 00:00:00",
        "calendarYear": "1986",
        "period": "Q2",
        "revenue": 243200000,
        "costOfRevenue": 0,
        "grossProfit": 243200000,
        "grossProfitRatio": 1,
        "researchAndDevelopmentExpenses": 0,
        "generalAndAdministrativeExpenses": 0,
        "sellingAndMarketingExpenses": 0,
        "sellingGeneralAndAdministrativeExpenses": 0,
        "otherExpenses": 0,
        "operatingExpenses": 0,
        "costAndExpenses": 0,
        "interestIncome": 0,
        "interestExpense": 0,
        "depreciationAndAmortization": 0,
        "ebitda": 243200000,
        "ebitdaratio": 1,
        "operatingIncome": 243200000,
        "operatingIncomeRatio": 1,
        "totalOtherIncomeExpensesNet": 0,
        "incomeBeforeTax": 243200000,
        "incomeBeforeTaxRatio": 1,
        "incomeTaxExpense": 241100000,
        "netIncome": 2100000,
        "netIncomeRatio": 0.0086348684,
        "eps": 0.01,
        "epsdiluted": 0.01,
        "weightedAverageShsOut": 139225000,
        "weightedAverageShsOutDil": 139225000,
        "link": null,
        "finalLink": null
    },
    {
        "date": "1986-03-31",
        "symbol": "MAT",
        "reportedCurrency": "USD",
        "cik": "0000063276",
        "fillingDate": "1986-03-31",
        "acceptedDate": "1986-03-31 00:00:00",
        "calendarYear": "1986",
        "period": "Q1",
        "revenue": 199100000,
        "costOfRevenue": 0,
        "grossProfit": 199100000,
        "grossProfitRatio": 1,
        "researchAndDevelopmentExpenses": 0,
        "generalAndAdministrativeExpenses": 0,
        "sellingAndMarketingExpenses": 0,
        "sellingGeneralAndAdministrativeExpenses": 0,
        "otherExpenses": 0,
        "operatingExpenses": 0,
        "costAndExpenses": 0,
        "interestIncome": 0,
        "interestExpense": 0,
        "depreciationAndAmortization": 0,
        "ebitda": 199100000,
        "ebitdaratio": 1,
        "operatingIncome": 199100000,
        "operatingIncomeRatio": 1,
        "totalOtherIncomeExpensesNet": 0,
        "incomeBeforeTax": 199100000,
        "incomeBeforeTaxRatio": 1,
        "incomeTaxExpense": 198900000,
        "netIncome": 200000,
        "netIncomeRatio": 0.0010045203,
        "eps": -0.02,
        "epsdiluted": -0.02,
        "weightedAverageShsOut": 139606000,
        "weightedAverageShsOutDil": 139606000,
        "link": null,
        "finalLink": null
    },
    {
        "date": "1985-12-31",
        "symbol": "MAT",
        "reportedCurrency": "USD",
        "cik": "0000063276",
        "fillingDate": "1985-12-31",
        "acceptedDate": "1985-12-31 00:00:00",
        "calendarYear": "1985",
        "period": "Q4",
        "revenue": 244200000,
        "costOfRevenue": 0,
        "grossProfit": 244200000,
        "grossProfitRatio": 1,
        "researchAndDevelopmentExpenses": 0,
        "generalAndAdministrativeExpenses": 0,
        "sellingAndMarketingExpenses": 0,
        "sellingGeneralAndAdministrativeExpenses": 0,
        "otherExpenses": 914000000,
        "operatingExpenses": 914000000,
        "costAndExpenses": 914000000,
        "interestIncome": 0,
        "interestExpense": 0,
        "depreciationAndAmortization": 0,
        "ebitda": -669800000,
        "ebitdaratio": -2.7428337428,
        "operatingIncome": -669800000,
        "operatingIncomeRatio": -2.7428337428,
        "totalOtherIncomeExpensesNet": 0,
        "incomeBeforeTax": -669800000,
        "incomeBeforeTaxRatio": -2.7428337428,
        "incomeTaxExpense": -673500000,
        "netIncome": 3700000,
        "netIncomeRatio": 0.0151515152,
        "eps": 0.0288,
        "epsdiluted": 0.0288,
        "weightedAverageShsOut": 128576000,
        "weightedAverageShsOutDil": 128576000,
        "link": null,
        "finalLink": null
    },
    {
        "date": "1985-09-30",
        "symbol": "MAT",
        "reportedCurrency": "USD",
        "cik": "0000063276",
        "fillingDate": "1985-09-30",
        "acceptedDate": "1985-09-30 00:00:00",
        "calendarYear": "1985",
        "period": "Q3",
        "revenue": 328100000,
        "costOfRevenue": 0,
        "grossProfit": 328100000,
        "grossProfitRatio": 1,
        "researchAndDevelopmentExpenses": 0,
        "generalAndAdministrativeExpenses": 0,
        "sellingAndMarketingExpenses": 0,
        "sellingGeneralAndAdministrativeExpenses": 0,
        "otherExpenses": 0,
        "operatingExpenses": 0,
        "costAndExpenses": 0,
        "interestIncome": 0,
        "interestExpense": 0,
        "depreciationAndAmortization": 0,
        "ebitda": 328100000,
        "ebitdaratio": 1,
        "operatingIncome": 328100000,
        "operatingIncomeRatio": 1,
        "totalOtherIncomeExpensesNet": 0,
        "incomeBeforeTax": 328100000,
        "incomeBeforeTaxRatio": 1,
        "incomeTaxExpense": 302400000,
        "netIncome": 25700000,
        "netIncomeRatio": 0.0783297775,
        "eps": 0.13,
        "epsdiluted": 0.13,
        "weightedAverageShsOut": 128576000,
        "weightedAverageShsOutDil": 128576000,
        "link": null,
        "finalLink": null
    }
]