[
    {
        "date": "2018-09-30",
        "symbol": "MB",
        "reportedCurrency": "USD",
        "cik": "0001458962",
        "fillingDate": "2018-11-08",
        "acceptedDate": "2018-11-08 16:27:28",
        "calendarYear": "2018",
        "period": "Q3",
        "revenue": 63782000,
        "costOfRevenue": 20189000,
        "grossProfit": 43593000,
        "grossProfitRatio": 0.6834686902,
        "researchAndDevelopmentExpenses": 18960000,
        "generalAndAdministrativeExpenses": -12784000,
        "sellingAndMarketingExpenses": 25959000,
        "sellingGeneralAndAdministrativeExpenses": 13175000,
        "otherExpenses": 25959000,
        "operatingExpenses": 58094000,
        "costAndExpenses": 78283000,
        "interestIncome": 0,
        "interestExpense": 4040000,
        "depreciationAndAmortization": 9776000,
        "ebitda": -3252000,
        "ebitdaratio": -0.0509861716,
        "operatingIncome": -14501000,
        "operatingIncomeRatio": -0.2273525446,
        "totalOtherIncomeExpensesNet": -2567000,
        "incomeBeforeTax": -17068000,
        "incomeBeforeTaxRatio": -0.2675990091,
        "incomeTaxExpense": 169000,
        "netIncome": -17237000,
        "netIncomeRatio": -0.2702486595,
        "eps": -0.36,
        "epsdiluted": -0.36,
        "weightedAverageShsOut": 47491000,
        "weightedAverageShsOutDil": 47491000,
        "link": "https://www.sec.gov/Archives/edgar/data/1458962/000145896218000009/0001458962-18-000009-index.html",
        "finalLink": "https://www.sec.gov/Archives/edgar/data/1458962/000145896218000009/a2018-q3_10xq.htm"
    },
    {
        "date": "2018-06-30",
        "symbol": "MB",
        "reportedCurrency": "USD",
        "cik": "0001458962",
        "fillingDate": "2018-08-08",
        "acceptedDate": "2018-08-08 17:17:22",
        "calendarYear": "2018",
        "period": "Q2",
        "revenue": 61611000,
        "costOfRevenue": 19417000,
        "grossProfit": 42194000,
        "grossProfitRatio": 0.6848452387,
        "researchAndDevelopmentExpenses": 17547000,
        "generalAndAdministrativeExpenses": -8706000,
        "sellingAndMarketingExpenses": 24781000,
        "sellingGeneralAndAdministrativeExpenses": 16075000,
        "otherExpenses": 24781000,
        "operatingExpenses": 58403000,
        "costAndExpenses": 77820000,
        "interestIncome": 0,
        "interestExpense": 1334000,
        "depreciationAndAmortization": 6453000,
        "ebitda": -9026000,
        "ebitdaratio": -0.1464998133,
        "operatingIncome": -16209000,
        "operatingIncomeRatio": -0.2630861372,
        "totalOtherIncomeExpensesNet": -604000,
        "incomeBeforeTax": -16813000,
        "incomeBeforeTaxRatio": -0.2728895814,
        "incomeTaxExpense": 78000,
        "netIncome": -16891000,
        "netIncomeRatio": -0.2741555891,
        "eps": -0.36,
        "epsdiluted": -0.36,
        "weightedAverageShsOut": 47491000,
        "weightedAverageShsOutDil": 47491000,
        "link": "https://www.sec.gov/Archives/edgar/data/1458962/000145896218000008/0001458962-18-000008-index.html",
        "finalLink": "https://www.sec.gov/Archives/edgar/data/1458962/000145896218000008/a2018-q2_10xq.htm"
    },
    {
        "date": "2018-03-31",
        "symbol": "MB",
        "reportedCurrency": "USD",
        "cik": "0001458962",
        "fillingDate": "2018-05-10",
        "acceptedDate": "2018-05-10 16:15:00",
        "calendarYear": "2018",
        "period": "Q1",
        "revenue": 53823000,
        "costOfRevenue": 15421000,
        "grossProfit": 38402000,
        "grossProfitRatio": 0.7134867993,
        "researchAndDevelopmentExpenses": 11788000,
        "generalAndAdministrativeExpenses": -5442000,
        "sellingAndMarketingExpenses": 18105000,
        "sellingGeneralAndAdministrativeExpenses": 12663000,
        "otherExpenses": 18105000,
        "operatingExpenses": 42556000,
        "costAndExpenses": 57977000,
        "interestIncome": 0,
        "interestExpense": 0,
        "depreciationAndAmortization": 2648000,
        "ebitda": -1101000,
        "ebitdaratio": -0.0204559389,
        "operatingIncome": -4154000,
        "operatingIncomeRatio": -0.0771789012,
        "totalOtherIncomeExpensesNet": 405000,
        "incomeBeforeTax": -3749000,
        "incomeBeforeTaxRatio": -0.069654237,
        "incomeTaxExpense": -2058000,
        "netIncome": -1691000,
        "netIncomeRatio": -0.0314177954,
        "eps": -0.0356,
        "epsdiluted": -0.0356,
        "weightedAverageShsOut": 47491000,
        "weightedAverageShsOutDil": 47491000,
        "link": "https://www.sec.gov/Archives/edgar/data/1458962/000145896218000006/0001458962-18-000006-index.html",
        "finalLink": "https://www.sec.gov/Archives/edgar/data/1458962/000145896218000006/a2018-q1_10xq.htm"
    },
    {
        "date": "2017-12-31",
        "symbol": "MB",
        "reportedCurrency": "USD",
        "cik": "0001458962",
        "fillingDate": "2018-03-01",
        "acceptedDate": "2018-03-01 16:56:38",
        "calendarYear": "2017",
        "period": "Q4",
        "revenue": 49693000,
        "costOfRevenue": 13990000,
        "grossProfit": 35703000,
        "grossProfitRatio": 0.7184714145,
        "researchAndDevelopmentExpenses": 9384000,
        "generalAndAdministrativeExpenses": -9951000,
        "sellingAndMarketingExpenses": 19615000,
        "sellingGeneralAndAdministrativeExpenses": 9664000,
        "otherExpenses": 19615000,
        "operatingExpenses": 38663000,
        "costAndExpenses": 52653000,
        "interestIncome": 0,
        "interestExpense": 0,
        "depreciationAndAmortization": 2414000,
        "ebitda": -640000,
        "ebitdaratio": -0.0128790775,
        "operatingIncome": -2960000,
        "operatingIncomeRatio": -0.0595657336,
        "totalOtherIncomeExpensesNet": -94000,
        "incomeBeforeTax": -3054000,
        "incomeBeforeTaxRatio": -0.0614573481,
        "incomeTaxExpense": -176000,
        "netIncome": -2878000,
        "netIncomeRatio": -0.0579156018,
        "eps": -0.0606,
        "epsdiluted": -0.0606,
        "weightedAverageShsOut": 47491000,
        "weightedAverageShsOutDil": 47491000,
        "link": "https://www.sec.gov/Archives/edgar/data/1458962/000145896218000003/0001458962-18-000003-index.html",
        "finalLink": "https://www.sec.gov/Archives/edgar/data/1458962/000145896218000003/mb_12-31x2017x10xk.htm"
    },
    {
        "date": "2017-09-30",
        "symbol": "MB",
        "reportedCurrency": "USD",
        "cik": "0001458962",
        "fillingDate": "2017-11-01",
        "acceptedDate": "2017-11-01 16:27:54",
        "calendarYear": "2017",
        "period": "Q3",
        "revenue": 46612000,
        "costOfRevenue": 13123000,
        "grossProfit": 33489000,
        "grossProfitRatio": 0.7184630567,
        "researchAndDevelopmentExpenses": 8976000,
        "generalAndAdministrativeExpenses": -8751000,
        "sellingAndMarketingExpenses": 18514000,
        "sellingGeneralAndAdministrativeExpenses": 9763000,
        "otherExpenses": 18514000,
        "operatingExpenses": 37253000,
        "costAndExpenses": 50376000,
        "interestIncome": 0,
        "interestExpense": 0,
        "depreciationAndAmortization": 2337000,
        "ebitda": -1210000,
        "ebitdaratio": -0.0259589805,
        "operatingIncome": -3764000,
        "operatingIncomeRatio": -0.0807517377,
        "totalOtherIncomeExpensesNet": 217000,
        "incomeBeforeTax": -3547000,
        "incomeBeforeTaxRatio": -0.0760962842,
        "incomeTaxExpense": 83000,
        "netIncome": -3630000,
        "netIncomeRatio": -0.0778769416,
        "eps": -0.0764,
        "epsdiluted": -0.0764,
        "weightedAverageShsOut": 47491000,
        "weightedAverageShsOutDil": 47491000,
        "link": "https://www.sec.gov/Archives/edgar/data/1458962/000145896217000015/0001458962-17-000015-index.html",
        "finalLink": "https://www.sec.gov/Archives/edgar/data/1458962/000145896217000015/a2017-q3_10xq.htm"
    },
    {
        "date": "2017-06-30",
        "symbol": "MB",
        "reportedCurrency": "USD",
        "cik": "0001458962",
        "fillingDate": "2017-08-08",
        "acceptedDate": "2017-08-08 16:08:52",
        "calendarYear": "2017",
        "period": "Q2",
        "revenue": 44107000,
        "costOfRevenue": 12738000,
        "grossProfit": 31369000,
        "grossProfitRatio": 0.7112023035,
        "researchAndDevelopmentExpenses": 8802000,
        "generalAndAdministrativeExpenses": -8004000,
        "sellingAndMarketingExpenses": 17362000,
        "sellingGeneralAndAdministrativeExpenses": 9358000,
        "otherExpenses": 17362000,
        "operatingExpenses": 35522000,
        "costAndExpenses": 48260000,
        "interestIncome": 0,
        "interestExpense": 0,
        "depreciationAndAmortization": 2309000,
        "ebitda": -1948000,
        "ebitdaratio": -0.0441653252,
        "operatingIncome": -4153000,
        "operatingIncomeRatio": -0.09415739,
        "totalOtherIncomeExpensesNet": -104000,
        "incomeBeforeTax": -4257000,
        "incomeBeforeTaxRatio": -0.0965152924,
        "incomeTaxExpense": 118000,
        "netIncome": -4375000,
        "netIncomeRatio": -0.0991906047,
        "eps": -0.0921,
        "epsdiluted": -0.0921,
        "weightedAverageShsOut": 47491000,
        "weightedAverageShsOutDil": 47491000,
        "link": "https://www.sec.gov/Archives/edgar/data/1458962/000145896217000013/0001458962-17-000013-index.html",
        "finalLink": "https://www.sec.gov/Archives/edgar/data/1458962/000145896217000013/a2017-q2_10xq.htm"
    },
    {
        "date": "2017-03-31",
        "symbol": "MB",
        "reportedCurrency": "USD",
        "cik": "0001458962",
        "fillingDate": "2017-05-09",
        "acceptedDate": "2017-05-09 16:41:00",
        "calendarYear": "2017",
        "period": "Q1",
        "revenue": 42214000,
        "costOfRevenue": 12019000,
        "grossProfit": 30195000,
        "grossProfitRatio": 0.715284029,
        "researchAndDevelopmentExpenses": 8648000,
        "generalAndAdministrativeExpenses": -7648000,
        "sellingAndMarketingExpenses": 16334000,
        "sellingGeneralAndAdministrativeExpenses": 8686000,
        "otherExpenses": 16334000,
        "operatingExpenses": 33668000,
        "costAndExpenses": 45687000,
        "interestIncome": 0,
        "interestExpense": 0,
        "depreciationAndAmortization": 2090000,
        "ebitda": -1677000,
        "ebitdaratio": -0.0397261572,
        "operatingIncome": -3473000,
        "operatingIncomeRatio": -0.0822712844,
        "totalOtherIncomeExpensesNet": -294000,
        "incomeBeforeTax": -3767000,
        "incomeBeforeTaxRatio": -0.0892357986,
        "incomeTaxExpense": 142000,
        "netIncome": -3909000,
        "netIncomeRatio": -0.0925996115,
        "eps": -0.0823,
        "epsdiluted": -0.0823,
        "weightedAverageShsOut": 47491000,
        "weightedAverageShsOutDil": 47491000,
        "link": "https://www.sec.gov/Archives/edgar/data/1458962/000145896217000010/0001458962-17-000010-index.html",
        "finalLink": "https://www.sec.gov/Archives/edgar/data/1458962/000145896217000010/a2017-q1_10xq.htm"
    },
    {
        "date": "2016-12-31",
        "symbol": "MB",
        "reportedCurrency": "USD",
        "cik": "0001458962",
        "fillingDate": "2017-03-01",
        "acceptedDate": "2017-02-28 20:04:36",
        "calendarYear": "2016",
        "period": "Q4",
        "revenue": 38191000,
        "costOfRevenue": 11423000,
        "grossProfit": 26768000,
        "grossProfitRatio": 0.7008981174,
        "researchAndDevelopmentExpenses": 7558000,
        "generalAndAdministrativeExpenses": -6979000,
        "sellingAndMarketingExpenses": 14926000,
        "sellingGeneralAndAdministrativeExpenses": 7947000,
        "otherExpenses": 14926000,
        "operatingExpenses": 30431000,
        "costAndExpenses": 41854000,
        "interestIncome": 0,
        "interestExpense": 0,
        "depreciationAndAmortization": 2084000,
        "ebitda": -1814000,
        "ebitdaratio": -0.0474981016,
        "operatingIncome": -3663000,
        "operatingIncomeRatio": -0.0959126496,
        "totalOtherIncomeExpensesNet": -235000,
        "incomeBeforeTax": -3898000,
        "incomeBeforeTaxRatio": -0.1020659318,
        "incomeTaxExpense": 42000,
        "netIncome": -3940000,
        "netIncomeRatio": -0.1031656673,
        "eps": -0.083,
        "epsdiluted": -0.083,
        "weightedAverageShsOut": 47491000,
        "weightedAverageShsOutDil": 47491000,
        "link": "https://www.sec.gov/Archives/edgar/data/1458962/000145896217000005/0001458962-17-000005-index.html",
        "finalLink": "https://www.sec.gov/Archives/edgar/data/1458962/000145896217000005/mb_12-31x2016x10xk.htm"
    },
    {
        "date": "2016-09-30",
        "symbol": "MB",
        "reportedCurrency": "USD",
        "cik": "0001458962",
        "fillingDate": "2016-11-10",
        "acceptedDate": "2016-11-10 16:05:26",
        "calendarYear": "2016",
        "period": "Q3",
        "revenue": 35262000,
        "costOfRevenue": 10972000,
        "grossProfit": 24290000,
        "grossProfitRatio": 0.6888435143,
        "researchAndDevelopmentExpenses": 7747000,
        "generalAndAdministrativeExpenses": -7253000,
        "sellingAndMarketingExpenses": 14599000,
        "sellingGeneralAndAdministrativeExpenses": 7346000,
        "otherExpenses": 14599000,
        "operatingExpenses": 29692000,
        "costAndExpenses": 40664000,
        "interestIncome": 0,
        "interestExpense": -660000,
        "depreciationAndAmortization": 2013000,
        "ebitda": -4400000,
        "ebitdaratio": -0.1247802167,
        "operatingIncome": -5402000,
        "operatingIncomeRatio": -0.1531960751,
        "totalOtherIncomeExpensesNet": -351000,
        "incomeBeforeTax": -5753000,
        "incomeBeforeTaxRatio": -0.1631501333,
        "incomeTaxExpense": 142000,
        "netIncome": -5895000,
        "netIncomeRatio": -0.1671771312,
        "eps": -0.12,
        "epsdiluted": -0.12,
        "weightedAverageShsOut": 47491000,
        "weightedAverageShsOutDil": 47491000,
        "link": "https://www.sec.gov/Archives/edgar/data/1458962/000162828016021177/0001628280-16-021177-index.html",
        "finalLink": "https://www.sec.gov/Archives/edgar/data/1458962/000162828016021177/mb-93016x10q.htm"
    },
    {
        "date": "2016-06-30",
        "symbol": "MB",
        "reportedCurrency": "USD",
        "cik": "0001458962",
        "fillingDate": "2016-08-01",
        "acceptedDate": "2016-08-01 17:30:37",
        "calendarYear": "2016",
        "period": "Q2",
        "revenue": 33562000,
        "costOfRevenue": 10713000,
        "grossProfit": 22849000,
        "grossProfitRatio": 0.680799714,
        "researchAndDevelopmentExpenses": 7594000,
        "generalAndAdministrativeExpenses": -6025000,
        "sellingAndMarketingExpenses": 13706000,
        "sellingGeneralAndAdministrativeExpenses": 7681000,
        "otherExpenses": 13706000,
        "operatingExpenses": 28981000,
        "costAndExpenses": 39694000,
        "interestIncome": 0,
        "interestExpense": 332000,
        "depreciationAndAmortization": 1810000,
        "ebitda": -4344000,
        "ebitdaratio": -0.1294320958,
        "operatingIncome": -6132000,
        "operatingIncomeRatio": -0.1827066325,
        "totalOtherIncomeExpensesNet": -354000,
        "incomeBeforeTax": -6486000,
        "incomeBeforeTaxRatio": -0.1932542757,
        "incomeTaxExpense": 64000,
        "netIncome": -6550000,
        "netIncomeRatio": -0.1951611942,
        "eps": -0.14,
        "epsdiluted": -0.14,
        "weightedAverageShsOut": 47491000,
        "weightedAverageShsOutDil": 47491000,
        "link": "https://www.sec.gov/Archives/edgar/data/1458962/000156459016021926/0001564590-16-021926-index.html",
        "finalLink": "https://www.sec.gov/Archives/edgar/data/1458962/000156459016021926/mb-10q_20160630.htm"
    },
    {
        "date": "2016-03-31",
        "symbol": "MB",
        "reportedCurrency": "USD",
        "cik": "0001458962",
        "fillingDate": "2016-05-04",
        "acceptedDate": "2016-05-04 17:21:36",
        "calendarYear": "2016",
        "period": "Q1",
        "revenue": 32006000,
        "costOfRevenue": 9972000,
        "grossProfit": 22034000,
        "grossProfitRatio": 0.6884334187,
        "researchAndDevelopmentExpenses": 7417000,
        "generalAndAdministrativeExpenses": -5706000,
        "sellingAndMarketingExpenses": 13229000,
        "sellingGeneralAndAdministrativeExpenses": 7523000,
        "otherExpenses": 13229000,
        "operatingExpenses": 28169000,
        "costAndExpenses": 38141000,
        "interestIncome": 0,
        "interestExpense": 328000,
        "depreciationAndAmortization": 1848000,
        "ebitda": -4345000,
        "ebitdaratio": -0.1357557958,
        "operatingIncome": -6135000,
        "operatingIncomeRatio": -0.1916828095,
        "totalOtherIncomeExpensesNet": -386000,
        "incomeBeforeTax": -6521000,
        "incomeBeforeTaxRatio": -0.2037430482,
        "incomeTaxExpense": 73000,
        "netIncome": -6594000,
        "netIncomeRatio": -0.2060238705,
        "eps": -0.14,
        "epsdiluted": -0.14,
        "weightedAverageShsOut": 47491000,
        "weightedAverageShsOutDil": 47491000,
        "link": "https://www.sec.gov/Archives/edgar/data/1458962/000156459016017701/0001564590-16-017701-index.html",
        "finalLink": "https://www.sec.gov/Archives/edgar/data/1458962/000156459016017701/mb-10q_20160331.htm"
    },
    {
        "date": "2015-12-31",
        "symbol": "MB",
        "reportedCurrency": "USD",
        "cik": "0001458962",
        "fillingDate": "2016-03-04",
        "acceptedDate": "2016-03-04 16:57:49",
        "calendarYear": "2015",
        "period": "Q4",
        "revenue": 28265000,
        "costOfRevenue": 10092000,
        "grossProfit": 18173000,
        "grossProfitRatio": 0.6429506457,
        "researchAndDevelopmentExpenses": 6844000,
        "generalAndAdministrativeExpenses": -4187000,
        "sellingAndMarketingExpenses": 12419000,
        "sellingGeneralAndAdministrativeExpenses": 8232000,
        "otherExpenses": 12419000,
        "operatingExpenses": 27495000,
        "costAndExpenses": 37587000,
        "interestIncome": 0,
        "interestExpense": 335000,
        "depreciationAndAmortization": 1859000,
        "ebitda": -7479000,
        "ebitdaratio": -0.2646028657,
        "operatingIncome": -9322000,
        "operatingIncomeRatio": -0.329807182,
        "totalOtherIncomeExpensesNet": -351000,
        "incomeBeforeTax": -9673000,
        "incomeBeforeTaxRatio": -0.3422253671,
        "incomeTaxExpense": 77000,
        "netIncome": -9750000,
        "netIncomeRatio": -0.3449495843,
        "eps": -0.21,
        "epsdiluted": -0.37,
        "weightedAverageShsOut": 47491000,
        "weightedAverageShsOutDil": 26319903,
        "link": "https://www.sec.gov/Archives/edgar/data/1458962/000156459016014055/0001564590-16-014055-index.html",
        "finalLink": "https://www.sec.gov/Archives/edgar/data/1458962/000156459016014055/mb-10k_20151231.htm"
    },
    {
        "date": "2015-09-30",
        "symbol": "MB",
        "reportedCurrency": "USD",
        "cik": "0001458962",
        "fillingDate": "2015-11-06",
        "acceptedDate": "2015-11-06 16:37:20",
        "calendarYear": "2015",
        "period": "Q3",
        "revenue": 26081000,
        "costOfRevenue": 9596000,
        "grossProfit": 16485000,
        "grossProfitRatio": 0.6320693225,
        "researchAndDevelopmentExpenses": 6012000,
        "generalAndAdministrativeExpenses": -5133000,
        "sellingAndMarketingExpenses": 12389000,
        "sellingGeneralAndAdministrativeExpenses": 7256000,
        "otherExpenses": 12389000,
        "operatingExpenses": 25657000,
        "costAndExpenses": 35253000,
        "interestIncome": 0,
        "interestExpense": 337000,
        "depreciationAndAmortization": 1808000,
        "ebitda": -7382000,
        "ebitdaratio": -0.2830412944,
        "operatingIncome": -9172000,
        "operatingIncomeRatio": -0.3516736321,
        "totalOtherIncomeExpensesNet": -355000,
        "incomeBeforeTax": -9527000,
        "incomeBeforeTaxRatio": -0.3652850734,
        "incomeTaxExpense": 101000,
        "netIncome": -9628000,
        "netIncomeRatio": -0.3691576243,
        "eps": -0.2,
        "epsdiluted": -0.44,
        "weightedAverageShsOut": 47491000,
        "weightedAverageShsOutDil": 21976654,
        "link": "https://www.sec.gov/Archives/edgar/data/1458962/000156459015009943/0001564590-15-009943-index.html",
        "finalLink": "https://www.sec.gov/Archives/edgar/data/1458962/000156459015009943/mb-10q_20150930.htm"
    }
]