[
    {
        "date": "2025-06-30",
        "symbol": "MBI",
        "reportedCurrency": "USD",
        "cik": "0000814585",
        "fillingDate": "2025-08-06",
        "acceptedDate": "2025-08-06 16:22:42",
        "calendarYear": "2025",
        "period": "Q2",
        "revenue": 23000000,
        "costOfRevenue": 9000000,
        "grossProfit": 14000000,
        "grossProfitRatio": 0.6086956522,
        "researchAndDevelopmentExpenses": 0,
        "generalAndAdministrativeExpenses": 0,
        "sellingAndMarketingExpenses": 0,
        "sellingGeneralAndAdministrativeExpenses": 0,
        "otherExpenses": 70000000,
        "operatingExpenses": 70000000,
        "costAndExpenses": 30000000,
        "interestIncome": 0,
        "interestExpense": 49000000,
        "depreciationAndAmortization": 0,
        "ebitda": -7000000,
        "ebitdaratio": -0.3043478261,
        "operatingIncome": -7000000,
        "operatingIncomeRatio": -0.3043478261,
        "totalOtherIncomeExpensesNet": -49000000,
        "incomeBeforeTax": -56000000,
        "incomeBeforeTaxRatio": -2.4347826087,
        "incomeTaxExpense": 0,
        "netIncome": -56000000,
        "netIncomeRatio": -2.4347826087,
        "eps": -1.13,
        "epsdiluted": -1.13,
        "weightedAverageShsOut": 49543258,
        "weightedAverageShsOutDil": 49543258,
        "link": "https://www.sec.gov/Archives/edgar/data/814585/000095017025104115/0000950170-25-104115-index.htm",
        "finalLink": "https://www.sec.gov/Archives/edgar/data/814585/000095017025104115/mbi-20250630.htm"
    },
    {
        "date": "2025-03-31",
        "symbol": "MBI",
        "reportedCurrency": "USD",
        "cik": "0000814585",
        "fillingDate": "2025-05-08",
        "acceptedDate": "2025-05-08 16:22:32",
        "calendarYear": "2025",
        "period": "Q1",
        "revenue": 14000000,
        "costOfRevenue": 16000000,
        "grossProfit": -2000000,
        "grossProfitRatio": -0.1428571429,
        "researchAndDevelopmentExpenses": 0,
        "generalAndAdministrativeExpenses": 0,
        "sellingAndMarketingExpenses": 0,
        "sellingGeneralAndAdministrativeExpenses": 0,
        "otherExpenses": 60000000,
        "operatingExpenses": 60000000,
        "costAndExpenses": 76000000,
        "interestIncome": 0,
        "interestExpense": 50000000,
        "depreciationAndAmortization": 0,
        "ebitda": -12000000,
        "ebitdaratio": -0.8571428571,
        "operatingIncome": -12000000,
        "operatingIncomeRatio": -0.8571428571,
        "totalOtherIncomeExpensesNet": -50000000,
        "incomeBeforeTax": -62000000,
        "incomeBeforeTaxRatio": -4.4285714286,
        "incomeTaxExpense": 0,
        "netIncome": -62000000,
        "netIncomeRatio": -4.4285714286,
        "eps": -1.28,
        "epsdiluted": -1.28,
        "weightedAverageShsOut": 48354000,
        "weightedAverageShsOutDil": 48354000,
        "link": "https://www.sec.gov/Archives/edgar/data/814585/000095017025067046/0000950170-25-067046-index.htm",
        "finalLink": "https://www.sec.gov/Archives/edgar/data/814585/000095017025067046/mbi-20250331.htm"
    },
    {
        "date": "2024-12-31",
        "symbol": "MBI",
        "reportedCurrency": "USD",
        "cik": "0000814585",
        "fillingDate": "2025-02-27",
        "acceptedDate": "2025-02-27 16:19:53",
        "calendarYear": "2024",
        "period": "Q4",
        "revenue": 37000000,
        "costOfRevenue": 14000000,
        "grossProfit": 23000000,
        "grossProfitRatio": 0.6216216216,
        "researchAndDevelopmentExpenses": 0,
        "generalAndAdministrativeExpenses": 0,
        "sellingAndMarketingExpenses": 0,
        "sellingGeneralAndAdministrativeExpenses": 0,
        "otherExpenses": 23000000,
        "operatingExpenses": 23000000,
        "costAndExpenses": 37000000,
        "interestIncome": 0,
        "interestExpense": 50000000,
        "depreciationAndAmortization": -244000000,
        "ebitda": -50000000,
        "ebitdaratio": -1.3513513514,
        "operatingIncome": -97000000,
        "operatingIncomeRatio": -2.6216216216,
        "totalOtherIncomeExpensesNet": 47000000,
        "incomeBeforeTax": -50000000,
        "incomeBeforeTaxRatio": -1.3513513514,
        "incomeTaxExpense": 0,
        "netIncome": -51000000,
        "netIncomeRatio": -1.3783783784,
        "eps": -1,
        "epsdiluted": -1,
        "weightedAverageShsOut": 48063000,
        "weightedAverageShsOutDil": 47747000,
        "link": "https://www.sec.gov/Archives/edgar/data/814585/000095017025029081/0000950170-25-029081-index.htm",
        "finalLink": "https://www.sec.gov/Archives/edgar/data/814585/000095017025029081/mbi-20241231.htm"
    },
    {
        "date": "2024-09-30",
        "symbol": "MBI",
        "reportedCurrency": "USD",
        "cik": "0000814585",
        "fillingDate": "2024-11-07",
        "acceptedDate": "2024-11-07 16:21:39",
        "calendarYear": "2024",
        "period": "Q3",
        "revenue": 29000000,
        "costOfRevenue": 12000000,
        "grossProfit": 17000000,
        "grossProfitRatio": 0.5862068966,
        "researchAndDevelopmentExpenses": 0,
        "generalAndAdministrativeExpenses": 0,
        "sellingAndMarketingExpenses": 0,
        "sellingGeneralAndAdministrativeExpenses": 0,
        "otherExpenses": 15000000,
        "operatingExpenses": 15000000,
        "costAndExpenses": 27000000,
        "interestIncome": 0,
        "interestExpense": 53000000,
        "depreciationAndAmortization": 0,
        "ebitda": 2000000,
        "ebitdaratio": 0.0689655172,
        "operatingIncome": 2000000,
        "operatingIncomeRatio": 0.0689655172,
        "totalOtherIncomeExpensesNet": -53000000,
        "incomeBeforeTax": -51000000,
        "incomeBeforeTaxRatio": -1.7586206897,
        "incomeTaxExpense": 5000000,
        "netIncome": -56000000,
        "netIncomeRatio": -1.9310344828,
        "eps": -1.17,
        "epsdiluted": -1.17,
        "weightedAverageShsOut": 47671000,
        "weightedAverageShsOutDil": 47671000,
        "link": "https://www.sec.gov/Archives/edgar/data/814585/000095017024123396/0000950170-24-123396-index.htm",
        "finalLink": "https://www.sec.gov/Archives/edgar/data/814585/000095017024123396/mbi-20240930.htm"
    },
    {
        "date": "2024-06-30",
        "symbol": "MBI",
        "reportedCurrency": "USD",
        "cik": "0000814585",
        "fillingDate": "2024-08-06",
        "acceptedDate": "2024-08-06 16:22:45",
        "calendarYear": "2024",
        "period": "Q2",
        "revenue": -37000000,
        "costOfRevenue": 143000000,
        "grossProfit": -180000000,
        "grossProfitRatio": 4.8648648649,
        "researchAndDevelopmentExpenses": 0,
        "generalAndAdministrativeExpenses": 0,
        "sellingAndMarketingExpenses": 0,
        "sellingGeneralAndAdministrativeExpenses": 20000000,
        "otherExpenses": 0,
        "operatingExpenses": 20000000,
        "costAndExpenses": 163000000,
        "interestIncome": 0,
        "interestExpense": 53000000,
        "depreciationAndAmortization": 206000000,
        "ebitda": -200000000,
        "ebitdaratio": 5.4054054054,
        "operatingIncome": -200000000,
        "operatingIncomeRatio": 5.4054054054,
        "totalOtherIncomeExpensesNet": -53000000,
        "incomeBeforeTax": -253000000,
        "incomeBeforeTaxRatio": 6.8378378378,
        "incomeTaxExpense": 1000000,
        "netIncome": -254000000,
        "netIncomeRatio": 6.8648648649,
        "eps": -5.35,
        "epsdiluted": -5.35,
        "weightedAverageShsOut": 47501248,
        "weightedAverageShsOutDil": 47501248,
        "link": "https://www.sec.gov/Archives/edgar/data/814585/000095017024091862/0000950170-24-091862-index.htm",
        "finalLink": "https://www.sec.gov/Archives/edgar/data/814585/000095017024091862/mbi-20240630.htm"
    },
    {
        "date": "2024-03-31",
        "symbol": "MBI",
        "reportedCurrency": "USD",
        "cik": "0000814585",
        "fillingDate": "2024-05-09",
        "acceptedDate": "2024-05-09 16:19:06",
        "calendarYear": "2024",
        "period": "Q1",
        "revenue": 13000000,
        "costOfRevenue": 19000000,
        "grossProfit": -6000000,
        "grossProfitRatio": -0.4615384615,
        "researchAndDevelopmentExpenses": 0,
        "generalAndAdministrativeExpenses": 0,
        "sellingAndMarketingExpenses": 0,
        "sellingGeneralAndAdministrativeExpenses": 29000000,
        "otherExpenses": 0,
        "operatingExpenses": 29000000,
        "costAndExpenses": 48000000,
        "interestIncome": 0,
        "interestExpense": 52000000,
        "depreciationAndAmortization": 38000000,
        "ebitda": -35000000,
        "ebitdaratio": -2.6923076923,
        "operatingIncome": -36000000,
        "operatingIncomeRatio": -2.7692307692,
        "totalOtherIncomeExpensesNet": -51000000,
        "incomeBeforeTax": -87000000,
        "incomeBeforeTaxRatio": -6.6923076923,
        "incomeTaxExpense": -1000000,
        "netIncome": -86000000,
        "netIncomeRatio": -6.6153846154,
        "eps": -1.84,
        "epsdiluted": -1.84,
        "weightedAverageShsOut": 46820922,
        "weightedAverageShsOutDil": 46820922,
        "link": "https://www.sec.gov/Archives/edgar/data/814585/000095017024057012/0000950170-24-057012-index.htm",
        "finalLink": "https://www.sec.gov/Archives/edgar/data/814585/000095017024057012/mbi-20240331.htm"
    },
    {
        "date": "2023-12-31",
        "symbol": "MBI",
        "reportedCurrency": "USD",
        "cik": "0000814585",
        "fillingDate": "2023-12-31",
        "acceptedDate": "2023-12-30 19:00:00",
        "calendarYear": "2023",
        "period": "Q4",
        "revenue": -31000000,
        "costOfRevenue": 54000000,
        "grossProfit": -31000000,
        "grossProfitRatio": 1,
        "researchAndDevelopmentExpenses": 0,
        "generalAndAdministrativeExpenses": 0,
        "sellingAndMarketingExpenses": 0,
        "sellingGeneralAndAdministrativeExpenses": 32000000,
        "otherExpenses": 52000000,
        "operatingExpenses": 84000000,
        "costAndExpenses": 53000000,
        "interestIncome": 0,
        "interestExpense": 54000000,
        "depreciationAndAmortization": 66000000,
        "ebitda": -18000000,
        "ebitdaratio": 0.5806451613,
        "operatingIncome": -45000000,
        "operatingIncomeRatio": 1.4516129032,
        "totalOtherIncomeExpensesNet": -93000000,
        "incomeBeforeTax": -138000000,
        "incomeBeforeTaxRatio": 4.4516129032,
        "incomeTaxExpense": 0,
        "netIncome": -138000000,
        "netIncomeRatio": 4.4516129032,
        "eps": -2.71,
        "epsdiluted": -2.71,
        "weightedAverageShsOut": 50862931,
        "weightedAverageShsOutDil": 50862931,
        "link": null,
        "finalLink": null
    },
    {
        "date": "2023-09-30",
        "symbol": "MBI",
        "reportedCurrency": "USD",
        "cik": "0000814585",
        "fillingDate": "2023-11-02",
        "acceptedDate": "2023-11-02 16:19:40",
        "calendarYear": "2023",
        "period": "Q3",
        "revenue": 8000000,
        "costOfRevenue": 0,
        "grossProfit": 8000000,
        "grossProfitRatio": 1,
        "researchAndDevelopmentExpenses": 0,
        "generalAndAdministrativeExpenses": 0,
        "sellingAndMarketingExpenses": 0,
        "sellingGeneralAndAdministrativeExpenses": 16000000,
        "otherExpenses": 0,
        "operatingExpenses": 16000000,
        "costAndExpenses": 140000000,
        "interestIncome": 0,
        "interestExpense": 53000000,
        "depreciationAndAmortization": 0,
        "ebitda": -132000000,
        "ebitdaratio": -16.5,
        "operatingIncome": -35000000,
        "operatingIncomeRatio": -4.375,
        "totalOtherIncomeExpensesNet": -150000000,
        "incomeBeforeTax": -185000000,
        "incomeBeforeTaxRatio": -23.125,
        "incomeTaxExpense": 0,
        "netIncome": -185000000,
        "netIncomeRatio": -23.125,
        "eps": -3.94,
        "epsdiluted": -3.94,
        "weightedAverageShsOut": 47009765,
        "weightedAverageShsOutDil": 47009765,
        "link": "https://www.sec.gov/Archives/edgar/data/814585/000095017023058243/0000950170-23-058243-index.htm",
        "finalLink": "https://www.sec.gov/Archives/edgar/data/814585/000095017023058243/mbi-20230930.htm"
    },
    {
        "date": "2023-06-30",
        "symbol": "MBI",
        "reportedCurrency": "USD",
        "cik": "0000814585",
        "fillingDate": "2023-08-02",
        "acceptedDate": "2023-08-02 16:40:38",
        "calendarYear": "2023",
        "period": "Q2",
        "revenue": 27000000,
        "costOfRevenue": -1000000,
        "grossProfit": 28000000,
        "grossProfitRatio": 1.037037037,
        "researchAndDevelopmentExpenses": 0,
        "generalAndAdministrativeExpenses": 0,
        "sellingAndMarketingExpenses": 0,
        "sellingGeneralAndAdministrativeExpenses": 24000000,
        "otherExpenses": -106000000,
        "operatingExpenses": -106000000,
        "costAndExpenses": 105000000,
        "interestIncome": 0,
        "interestExpense": 53000000,
        "depreciationAndAmortization": 34000000,
        "ebitda": -25000000,
        "ebitdaratio": -0.9259259259,
        "operatingIncome": -78000000,
        "operatingIncomeRatio": -2.8888888889,
        "totalOtherIncomeExpensesNet": -74000000,
        "incomeBeforeTax": -78000000,
        "incomeBeforeTaxRatio": -2.8888888889,
        "incomeTaxExpense": -4000000,
        "netIncome": -75000000,
        "netIncomeRatio": -2.7777777778,
        "eps": -1.53,
        "epsdiluted": -1.53,
        "weightedAverageShsOut": 49040489,
        "weightedAverageShsOutDil": 49040489,
        "link": "https://www.sec.gov/Archives/edgar/data/814585/000119312523201764/0001193125-23-201764-index.htm",
        "finalLink": "https://www.sec.gov/Archives/edgar/data/814585/000119312523201764/d503583d10q.htm"
    },
    {
        "date": "2023-03-31",
        "symbol": "MBI",
        "reportedCurrency": "USD",
        "cik": "0000814585",
        "fillingDate": "2023-05-09",
        "acceptedDate": "2023-05-09 16:41:08",
        "calendarYear": "2023",
        "period": "Q1",
        "revenue": 2000000,
        "costOfRevenue": 26000000,
        "grossProfit": -24000000,
        "grossProfitRatio": -12,
        "researchAndDevelopmentExpenses": 0,
        "generalAndAdministrativeExpenses": 0,
        "sellingAndMarketingExpenses": 0,
        "sellingGeneralAndAdministrativeExpenses": 26000000,
        "otherExpenses": -28000000,
        "operatingExpenses": 59000000,
        "costAndExpenses": 85000000,
        "interestIncome": 0,
        "interestExpense": 51000000,
        "depreciationAndAmortization": 16000000,
        "ebitda": -32000000,
        "ebitdaratio": -16,
        "operatingIncome": -25000000,
        "operatingIncomeRatio": -12.5,
        "totalOtherIncomeExpensesNet": -75000000,
        "incomeBeforeTax": -83000000,
        "incomeBeforeTaxRatio": -41.5,
        "incomeTaxExpense": 10000000,
        "netIncome": -93000000,
        "netIncomeRatio": -46.5,
        "eps": -1.86,
        "epsdiluted": -1.86,
        "weightedAverageShsOut": 49945917,
        "weightedAverageShsOutDil": 49945917,
        "link": "https://www.sec.gov/Archives/edgar/data/814585/000119312523139478/0001193125-23-139478-index.htm",
        "finalLink": "https://www.sec.gov/Archives/edgar/data/814585/000119312523139478/d410106d10q.htm"
    },
    {
        "date": "2022-12-31",
        "symbol": "MBI",
        "reportedCurrency": "USD",
        "cik": "0000814585",
        "fillingDate": "2023-02-28",
        "acceptedDate": "2023-02-28 16:52:58",
        "calendarYear": "2022",
        "period": "Q4",
        "revenue": 57000000,
        "costOfRevenue": 76000000,
        "grossProfit": -19000000,
        "grossProfitRatio": -0.3333333333,
        "researchAndDevelopmentExpenses": 0,
        "generalAndAdministrativeExpenses": 0,
        "sellingAndMarketingExpenses": 0,
        "sellingGeneralAndAdministrativeExpenses": 27000000,
        "otherExpenses": 227000000,
        "operatingExpenses": 227000000,
        "costAndExpenses": 61000000,
        "interestIncome": 0,
        "interestExpense": 50000000,
        "depreciationAndAmortization": -61000000,
        "ebitda": 46000000,
        "ebitdaratio": 0.8070175439,
        "operatingIncome": -9000000,
        "operatingIncomeRatio": -0.1578947368,
        "totalOtherIncomeExpensesNet": 5000000,
        "incomeBeforeTax": -4000000,
        "incomeBeforeTaxRatio": -0.0701754386,
        "incomeTaxExpense": 1000000,
        "netIncome": -5000000,
        "netIncomeRatio": -0.0877192982,
        "eps": -0.1,
        "epsdiluted": -0.1,
        "weightedAverageShsOut": 49875125,
        "weightedAverageShsOutDil": 49875125,
        "link": "https://www.sec.gov/Archives/edgar/data/814585/000119312523054064/0001193125-23-054064-index.htm",
        "finalLink": "https://www.sec.gov/Archives/edgar/data/814585/000119312523054064/d387374d10k.htm"
    },
    {
        "date": "2022-09-30",
        "symbol": "MBI",
        "reportedCurrency": "USD",
        "cik": "0000814585",
        "fillingDate": "2022-11-02",
        "acceptedDate": "2022-11-02 16:49:21",
        "calendarYear": "2022",
        "period": "Q3",
        "revenue": 17000000,
        "costOfRevenue": 16000000,
        "grossProfit": 1000000,
        "grossProfitRatio": 0.0588235294,
        "researchAndDevelopmentExpenses": 0,
        "generalAndAdministrativeExpenses": 0,
        "sellingAndMarketingExpenses": 0,
        "sellingGeneralAndAdministrativeExpenses": 16000000,
        "otherExpenses": -18000000,
        "operatingExpenses": 36000000,
        "costAndExpenses": 52000000,
        "interestIncome": 0,
        "interestExpense": 46000000,
        "depreciationAndAmortization": 8000000,
        "ebitda": 11000000,
        "ebitdaratio": 0.6470588235,
        "operatingIncome": 11000000,
        "operatingIncomeRatio": 0.6470588235,
        "totalOtherIncomeExpensesNet": -35000000,
        "incomeBeforeTax": -35000000,
        "incomeBeforeTaxRatio": -2.0588235294,
        "incomeTaxExpense": -1000000,
        "netIncome": -34000000,
        "netIncomeRatio": -2,
        "eps": -0.68,
        "epsdiluted": -0.68,
        "weightedAverageShsOut": 49878191,
        "weightedAverageShsOutDil": 49878191,
        "link": "https://www.sec.gov/Archives/edgar/data/814585/000119312522275889/0001193125-22-275889-index.htm",
        "finalLink": "https://www.sec.gov/Archives/edgar/data/814585/000119312522275889/d408781d10q.htm"
    },
    {
        "date": "2022-06-30",
        "symbol": "MBI",
        "reportedCurrency": "USD",
        "cik": "0000814585",
        "fillingDate": "2022-08-03",
        "acceptedDate": "2022-08-03 16:52:41",
        "calendarYear": "2022",
        "period": "Q2",
        "revenue": 36000000,
        "costOfRevenue": 12000000,
        "grossProfit": 24000000,
        "grossProfitRatio": 0.6666666667,
        "researchAndDevelopmentExpenses": 0,
        "generalAndAdministrativeExpenses": 0,
        "sellingAndMarketingExpenses": 0,
        "sellingGeneralAndAdministrativeExpenses": 12000000,
        "otherExpenses": -78000000,
        "operatingExpenses": -78000000,
        "costAndExpenses": 72000000,
        "interestIncome": 0,
        "interestExpense": 43000000,
        "depreciationAndAmortization": 36000000,
        "ebitda": 0,
        "ebitdaratio": 0,
        "operatingIncome": -54000000,
        "operatingIncomeRatio": -1.5,
        "totalOtherIncomeExpensesNet": -21000000,
        "incomeBeforeTax": -36000000,
        "incomeBeforeTaxRatio": -1,
        "incomeTaxExpense": -61000000,
        "netIncome": 25000000,
        "netIncomeRatio": 0.6944444444,
        "eps": 0.5,
        "epsdiluted": 0.5,
        "weightedAverageShsOut": 49826695,
        "weightedAverageShsOutDil": 49826695,
        "link": "https://www.sec.gov/Archives/edgar/data/814585/000119312522211347/0001193125-22-211347-index.htm",
        "finalLink": "https://www.sec.gov/Archives/edgar/data/814585/000119312522211347/d373093d10q.htm"
    },
    {
        "date": "2022-03-31",
        "symbol": "MBI",
        "reportedCurrency": "USD",
        "cik": "0000814585",
        "fillingDate": "2022-05-09",
        "acceptedDate": "2022-05-09 16:59:23",
        "calendarYear": "2022",
        "period": "Q1",
        "revenue": 40000000,
        "costOfRevenue": 21000000,
        "grossProfit": 19000000,
        "grossProfitRatio": 0.475,
        "researchAndDevelopmentExpenses": 0,
        "generalAndAdministrativeExpenses": 0,
        "sellingAndMarketingExpenses": 0,
        "sellingGeneralAndAdministrativeExpenses": 21000000,
        "otherExpenses": -72000000,
        "operatingExpenses": -72000000,
        "costAndExpenses": 113000000,
        "interestIncome": 0,
        "interestExpense": 41000000,
        "depreciationAndAmortization": 68000000,
        "ebitda": 0,
        "ebitdaratio": 0,
        "operatingIncome": -32000000,
        "operatingIncomeRatio": -0.8,
        "totalOtherIncomeExpensesNet": -56000000,
        "incomeBeforeTax": -73000000,
        "incomeBeforeTaxRatio": -1.825,
        "incomeTaxExpense": -68000000,
        "netIncome": -73000000,
        "netIncomeRatio": -1.825,
        "eps": -1.48,
        "epsdiluted": -1.47,
        "weightedAverageShsOut": 49274849,
        "weightedAverageShsOutDil": 49631448,
        "link": "https://www.sec.gov/Archives/edgar/data/814585/000119312522145097/0001193125-22-145097-index.htm",
        "finalLink": "https://www.sec.gov/Archives/edgar/data/814585/000119312522145097/d313491d10q.htm"
    },
    {
        "date": "2021-12-31",
        "symbol": "MBI",
        "reportedCurrency": "USD",
        "cik": "0000814585",
        "fillingDate": "2022-02-28",
        "acceptedDate": "2022-02-28 16:55:01",
        "calendarYear": "2021",
        "period": "Q4",
        "revenue": 27000000,
        "costOfRevenue": -35000000,
        "grossProfit": 62000000,
        "grossProfitRatio": 2.2962962963,
        "researchAndDevelopmentExpenses": 0,
        "generalAndAdministrativeExpenses": 50000000,
        "sellingAndMarketingExpenses": 0,
        "sellingGeneralAndAdministrativeExpenses": -50000000,
        "otherExpenses": -23000000,
        "operatingExpenses": -50000000,
        "costAndExpenses": 182000000,
        "interestIncome": 0,
        "interestExpense": 41000000,
        "depreciationAndAmortization": 138000000,
        "ebitda": -114000000,
        "ebitdaratio": -4.2222222222,
        "operatingIncome": -114000000,
        "operatingIncomeRatio": -4.2222222222,
        "totalOtherIncomeExpensesNet": -136000000,
        "incomeBeforeTax": -155000000,
        "incomeBeforeTaxRatio": -5.7407407407,
        "incomeTaxExpense": -507000000,
        "netIncome": -155000000,
        "netIncomeRatio": -5.7407407407,
        "eps": -3.13,
        "epsdiluted": -3.13,
        "weightedAverageShsOut": 49585354,
        "weightedAverageShsOutDil": 49585354,
        "link": "https://www.sec.gov/Archives/edgar/data/814585/000119312522058160/0001193125-22-058160-index.htm",
        "finalLink": "https://www.sec.gov/Archives/edgar/data/814585/000119312522058160/d235997d10k.htm"
    },
    {
        "date": "2021-09-30",
        "symbol": "MBI",
        "reportedCurrency": "USD",
        "cik": "0000814585",
        "fillingDate": "2021-11-03",
        "acceptedDate": "2021-11-03 16:51:45",
        "calendarYear": "2021",
        "period": "Q3",
        "revenue": 56000000,
        "costOfRevenue": 25000000,
        "grossProfit": 31000000,
        "grossProfitRatio": 0.5535714286,
        "researchAndDevelopmentExpenses": 0,
        "generalAndAdministrativeExpenses": 0,
        "sellingAndMarketingExpenses": 0,
        "sellingGeneralAndAdministrativeExpenses": 25000000,
        "otherExpenses": -109000000,
        "operatingExpenses": -109000000,
        "costAndExpenses": 179000000,
        "interestIncome": 0,
        "interestExpense": 45000000,
        "depreciationAndAmortization": 99000000,
        "ebitda": 0,
        "ebitdaratio": 0,
        "operatingIncome": -78000000,
        "operatingIncomeRatio": -1.3928571429,
        "totalOtherIncomeExpensesNet": -19000000,
        "incomeBeforeTax": -123000000,
        "incomeBeforeTaxRatio": -2.1964285714,
        "incomeTaxExpense": -99000000,
        "netIncome": -123000000,
        "netIncomeRatio": -2.1964285714,
        "eps": -2.49,
        "epsdiluted": -2.48,
        "weightedAverageShsOut": 49397610,
        "weightedAverageShsOutDil": 49552796,
        "link": "https://www.sec.gov/Archives/edgar/data/814585/000119312521318534/0001193125-21-318534-index.htm",
        "finalLink": "https://www.sec.gov/Archives/edgar/data/814585/000119312521318534/d159391d10q.htm"
    },
    {
        "date": "2021-06-30",
        "symbol": "MBI",
        "reportedCurrency": "USD",
        "cik": "0000814585",
        "fillingDate": "2021-08-04",
        "acceptedDate": "2021-08-04 17:04:03",
        "calendarYear": "2021",
        "period": "Q2",
        "revenue": 4000000,
        "costOfRevenue": 22000000,
        "grossProfit": -18000000,
        "grossProfitRatio": -4.5,
        "researchAndDevelopmentExpenses": 0,
        "generalAndAdministrativeExpenses": 22000000,
        "sellingAndMarketingExpenses": 0,
        "sellingGeneralAndAdministrativeExpenses": 22000000,
        "otherExpenses": -20000000,
        "operatingExpenses": 2000000,
        "costAndExpenses": 65000000,
        "interestIncome": 0,
        "interestExpense": 45000000,
        "depreciationAndAmortization": 12000000,
        "ebitda": 0,
        "ebitdaratio": 0,
        "operatingIncome": -16000000,
        "operatingIncomeRatio": -4,
        "totalOtherIncomeExpensesNet": -61000000,
        "incomeBeforeTax": -61000000,
        "incomeBeforeTaxRatio": -15.25,
        "incomeTaxExpense": -12000000,
        "netIncome": -61000000,
        "netIncomeRatio": -15.25,
        "eps": -1.23,
        "epsdiluted": -1.23,
        "weightedAverageShsOut": 49488368,
        "weightedAverageShsOutDil": 49488368,
        "link": "https://www.sec.gov/Archives/edgar/data/814585/000119312521236396/0001193125-21-236396-index.htm",
        "finalLink": "https://www.sec.gov/Archives/edgar/data/814585/000119312521236396/d188336d10q.htm"
    },
    {
        "date": "2021-03-31",
        "symbol": "MBI",
        "reportedCurrency": "USD",
        "cik": "0000814585",
        "fillingDate": "2021-05-10",
        "acceptedDate": "2021-05-10 16:51:55",
        "calendarYear": "2021",
        "period": "Q1",
        "revenue": 72000000,
        "costOfRevenue": 28000000,
        "grossProfit": 44000000,
        "grossProfitRatio": 0.6111111111,
        "researchAndDevelopmentExpenses": 0,
        "generalAndAdministrativeExpenses": 28000000,
        "sellingAndMarketingExpenses": 0,
        "sellingGeneralAndAdministrativeExpenses": 28000000,
        "otherExpenses": -128000000,
        "operatingExpenses": -100000000,
        "costAndExpenses": 178000000,
        "interestIncome": 0,
        "interestExpense": 50000000,
        "depreciationAndAmortization": 91000000,
        "ebitda": 0,
        "ebitdaratio": 0,
        "operatingIncome": -56000000,
        "operatingIncomeRatio": -0.7777777778,
        "totalOtherIncomeExpensesNet": -106000000,
        "incomeBeforeTax": -106000000,
        "incomeBeforeTaxRatio": -1.4722222222,
        "incomeTaxExpense": -91000000,
        "netIncome": -106000000,
        "netIncomeRatio": -1.4722222222,
        "eps": -2.15,
        "epsdiluted": -2.15,
        "weightedAverageShsOut": 49253347,
        "weightedAverageShsOutDil": 49258110,
        "link": "https://www.sec.gov/Archives/edgar/data/814585/000119312521156361/0001193125-21-156361-index.htm",
        "finalLink": "https://www.sec.gov/Archives/edgar/data/814585/000119312521156361/d28940d10q.htm"
    },
    {
        "date": "2020-12-31",
        "symbol": "MBI",
        "reportedCurrency": "USD",
        "cik": "0000814585",
        "fillingDate": "2021-03-01",
        "acceptedDate": "2021-03-01 16:51:16",
        "calendarYear": "2020",
        "period": "Q4",
        "revenue": 103000000,
        "costOfRevenue": -87000000,
        "grossProfit": 190000000,
        "grossProfitRatio": 1.8446601942,
        "researchAndDevelopmentExpenses": 0,
        "generalAndAdministrativeExpenses": 27000000,
        "sellingAndMarketingExpenses": 0,
        "sellingGeneralAndAdministrativeExpenses": 27000000,
        "otherExpenses": 0,
        "operatingExpenses": -65000000,
        "costAndExpenses": 184000000,
        "interestIncome": 0,
        "interestExpense": 51000000,
        "depreciationAndAmortization": 16000000,
        "ebitda": -30000000,
        "ebitdaratio": -0.2912621359,
        "operatingIncome": 255000000,
        "operatingIncomeRatio": 2.4757281553,
        "totalOtherIncomeExpensesNet": -336000000,
        "incomeBeforeTax": -81000000,
        "incomeBeforeTaxRatio": -0.786407767,
        "incomeTaxExpense": 0,
        "netIncome": -81000000,
        "netIncomeRatio": -0.786407767,
        "eps": -1.65,
        "epsdiluted": -1.65,
        "weightedAverageShsOut": 49184068,
        "weightedAverageShsOutDil": 49184068,
        "link": "https://www.sec.gov/Archives/edgar/data/814585/000119312521063676/0001193125-21-063676-index.htm",
        "finalLink": "https://www.sec.gov/Archives/edgar/data/814585/000119312521063676/d227214d10k.htm"
    },
    {
        "date": "2020-09-30",
        "symbol": "MBI",
        "reportedCurrency": "USD",
        "cik": "0000814585",
        "fillingDate": "2020-11-09",
        "acceptedDate": "2020-11-09 16:52:54",
        "calendarYear": "2020",
        "period": "Q3",
        "revenue": 71000000,
        "costOfRevenue": 22000000,
        "grossProfit": 49000000,
        "grossProfitRatio": 0.6901408451,
        "researchAndDevelopmentExpenses": 0,
        "generalAndAdministrativeExpenses": 22000000,
        "sellingAndMarketingExpenses": 0,
        "sellingGeneralAndAdministrativeExpenses": 22000000,
        "otherExpenses": -72000000,
        "operatingExpenses": -50000000,
        "costAndExpenses": 129000000,
        "interestIncome": 0,
        "interestExpense": 57000000,
        "depreciationAndAmortization": -10000000,
        "ebitda": 0,
        "ebitdaratio": 0,
        "operatingIncome": -1000000,
        "operatingIncomeRatio": -0.014084507,
        "totalOtherIncomeExpensesNet": -58000000,
        "incomeBeforeTax": -58000000,
        "incomeBeforeTaxRatio": -0.8169014085,
        "incomeTaxExpense": 10000000,
        "netIncome": -58000000,
        "netIncomeRatio": -0.8169014085,
        "eps": -1.11,
        "epsdiluted": -1.1,
        "weightedAverageShsOut": 52252252,
        "weightedAverageShsOutDil": 52588533,
        "link": "https://www.sec.gov/Archives/edgar/data/814585/000119312520289169/0001193125-20-289169-index.htm",
        "finalLink": "https://www.sec.gov/Archives/edgar/data/814585/000119312520289169/d27822d10q.htm"
    },
    {
        "date": "2020-06-30",
        "symbol": "MBI",
        "reportedCurrency": "USD",
        "cik": "0000814585",
        "fillingDate": "2020-08-05",
        "acceptedDate": "2020-08-05 16:52:27",
        "calendarYear": "2020",
        "period": "Q2",
        "revenue": 114000000,
        "costOfRevenue": 23000000,
        "grossProfit": 91000000,
        "grossProfitRatio": 0.798245614,
        "researchAndDevelopmentExpenses": 0,
        "generalAndAdministrativeExpenses": 23000000,
        "sellingAndMarketingExpenses": 0,
        "sellingGeneralAndAdministrativeExpenses": 23000000,
        "otherExpenses": -162000000,
        "operatingExpenses": -139000000,
        "costAndExpenses": 220000000,
        "interestIncome": 0,
        "interestExpense": 58000000,
        "depreciationAndAmortization": 42000000,
        "ebitda": 0,
        "ebitdaratio": 0,
        "operatingIncome": -48000000,
        "operatingIncomeRatio": -0.4210526316,
        "totalOtherIncomeExpensesNet": -106000000,
        "incomeBeforeTax": -106000000,
        "incomeBeforeTaxRatio": -0.9298245614,
        "incomeTaxExpense": -42000000,
        "netIncome": -106000000,
        "netIncomeRatio": -0.9298245614,
        "eps": -1.7,
        "epsdiluted": -1.69,
        "weightedAverageShsOut": 62343846,
        "weightedAverageShsOutDil": 62605656,
        "link": "https://www.sec.gov/Archives/edgar/data/814585/000119312520210736/0001193125-20-210736-index.htm",
        "finalLink": "https://www.sec.gov/Archives/edgar/data/814585/000119312520210736/d937747d10q.htm"
    },
    {
        "date": "2020-03-31",
        "symbol": "MBI",
        "reportedCurrency": "USD",
        "cik": "0000814585",
        "fillingDate": "2020-05-11",
        "acceptedDate": "2020-05-11 16:53:01",
        "calendarYear": "2020",
        "period": "Q1",
        "revenue": 42000000,
        "costOfRevenue": 68000000,
        "grossProfit": -26000000,
        "grossProfitRatio": -0.619047619,
        "researchAndDevelopmentExpenses": 0,
        "generalAndAdministrativeExpenses": 20000000,
        "sellingAndMarketingExpenses": 0,
        "sellingGeneralAndAdministrativeExpenses": 20000000,
        "otherExpenses": -265000000,
        "operatingExpenses": -245000000,
        "costAndExpenses": 327000000,
        "interestIncome": 0,
        "interestExpense": 62000000,
        "depreciationAndAmortization": 223000000,
        "ebitda": 0,
        "ebitdaratio": 0,
        "operatingIncome": -271000000,
        "operatingIncomeRatio": -6.4523809524,
        "totalOtherIncomeExpensesNet": -333000000,
        "incomeBeforeTax": -333000000,
        "incomeBeforeTaxRatio": -7.9285714286,
        "incomeTaxExpense": -223000000,
        "netIncome": -333000000,
        "netIncomeRatio": -7.9285714286,
        "eps": -4.62,
        "epsdiluted": -4.62,
        "weightedAverageShsOut": 72089016,
        "weightedAverageShsOutDil": 72089016,
        "link": "https://www.sec.gov/Archives/edgar/data/814585/000119312520139189/0001193125-20-139189-index.htm",
        "finalLink": "https://www.sec.gov/Archives/edgar/data/814585/000119312520139189/d893688d10q.htm"
    },
    {
        "date": "2019-12-31",
        "symbol": "MBI",
        "reportedCurrency": "USD",
        "cik": "0000814585",
        "fillingDate": "2020-02-27",
        "acceptedDate": "2020-02-27 16:53:02",
        "calendarYear": "2019",
        "period": "Q4",
        "revenue": 28000000,
        "costOfRevenue": -152000000,
        "grossProfit": 180000000,
        "grossProfitRatio": 6.4285714286,
        "researchAndDevelopmentExpenses": 0,
        "generalAndAdministrativeExpenses": 27000000,
        "sellingAndMarketingExpenses": 0,
        "sellingGeneralAndAdministrativeExpenses": 27000000,
        "otherExpenses": 0,
        "operatingExpenses": -74000000,
        "costAndExpenses": 248000000,
        "interestIncome": 0,
        "interestExpense": 66000000,
        "depreciationAndAmortization": 163000000,
        "ebitda": -154000000,
        "ebitdaratio": -5.5,
        "operatingIncome": 253000000,
        "operatingIncomeRatio": 9.0357142857,
        "totalOtherIncomeExpensesNet": -212000000,
        "incomeBeforeTax": -220000000,
        "incomeBeforeTaxRatio": -7.8571428571,
        "incomeTaxExpense": 23000000,
        "netIncome": -243000000,
        "netIncomeRatio": -8.6785714286,
        "eps": -3.21,
        "epsdiluted": -3.21,
        "weightedAverageShsOut": 75675241,
        "weightedAverageShsOutDil": 75675241,
        "link": "https://www.sec.gov/Archives/edgar/data/814585/000119312520052873/0001193125-20-052873-index.htm",
        "finalLink": "https://www.sec.gov/Archives/edgar/data/814585/000119312520052873/d833769d10k.htm"
    },
    {
        "date": "2019-09-30",
        "symbol": "MBI",
        "reportedCurrency": "USD",
        "cik": "0000814585",
        "fillingDate": "2019-11-05",
        "acceptedDate": "2019-11-05 16:52:25",
        "calendarYear": "2019",
        "period": "Q3",
        "revenue": 173000000,
        "costOfRevenue": 25000000,
        "grossProfit": 148000000,
        "grossProfitRatio": 0.8554913295,
        "researchAndDevelopmentExpenses": 0,
        "generalAndAdministrativeExpenses": 25000000,
        "sellingAndMarketingExpenses": 0,
        "sellingGeneralAndAdministrativeExpenses": 25000000,
        "otherExpenses": -16000000,
        "operatingExpenses": 9000000,
        "costAndExpenses": 84000000,
        "interestIncome": 0,
        "interestExpense": 68000000,
        "depreciationAndAmortization": -175000000,
        "ebitda": 0,
        "ebitdaratio": 0,
        "operatingIncome": 157000000,
        "operatingIncomeRatio": 0.9075144509,
        "totalOtherIncomeExpensesNet": -76000000,
        "incomeBeforeTax": 89000000,
        "incomeBeforeTaxRatio": 0.5144508671,
        "incomeTaxExpense": 18000000,
        "netIncome": 78000000,
        "netIncomeRatio": 0.450867052,
        "eps": 1,
        "epsdiluted": 1,
        "weightedAverageShsOut": 78686542,
        "weightedAverageShsOutDil": 78686542,
        "link": "https://www.sec.gov/Archives/edgar/data/814585/000119312519284796/0001193125-19-284796-index.htm",
        "finalLink": "https://www.sec.gov/Archives/edgar/data/814585/000119312519284796/d803810d10q.htm"
    },
    {
        "date": "2019-06-30",
        "symbol": "MBI",
        "reportedCurrency": "USD",
        "cik": "0000814585",
        "fillingDate": "2019-08-06",
        "acceptedDate": "2019-08-06 16:49:49",
        "calendarYear": "2019",
        "period": "Q2",
        "revenue": 30000000,
        "costOfRevenue": 20000000,
        "grossProfit": 10000000,
        "grossProfitRatio": 0.3333333333,
        "researchAndDevelopmentExpenses": 0,
        "generalAndAdministrativeExpenses": 20000000,
        "sellingAndMarketingExpenses": 0,
        "sellingGeneralAndAdministrativeExpenses": 20000000,
        "otherExpenses": -162000000,
        "operatingExpenses": -142000000,
        "costAndExpenses": 237000000,
        "interestIncome": 0,
        "interestExpense": 75000000,
        "depreciationAndAmortization": 90000000,
        "ebitda": 0,
        "ebitdaratio": 0,
        "operatingIncome": -132000000,
        "operatingIncomeRatio": -4.4,
        "totalOtherIncomeExpensesNet": -207000000,
        "incomeBeforeTax": -207000000,
        "incomeBeforeTaxRatio": -6.9,
        "incomeTaxExpense": -37000000,
        "netIncome": -170000000,
        "netIncomeRatio": -5.6666666667,
        "eps": -2.02,
        "epsdiluted": -2.02,
        "weightedAverageShsOut": 83989623,
        "weightedAverageShsOutDil": 84275261,
        "link": "https://www.sec.gov/Archives/edgar/data/814585/000119312519214154/0001193125-19-214154-index.htm",
        "finalLink": "https://www.sec.gov/Archives/edgar/data/814585/000119312519214154/d743642d10q.htm"
    },
    {
        "date": "2019-03-31",
        "symbol": "MBI",
        "reportedCurrency": "USD",
        "cik": "0000814585",
        "fillingDate": "2019-05-08",
        "acceptedDate": "2019-05-08 16:51:49",
        "calendarYear": "2019",
        "period": "Q1",
        "revenue": 50000000,
        "costOfRevenue": 29000000,
        "grossProfit": 21000000,
        "grossProfitRatio": 0.42,
        "researchAndDevelopmentExpenses": 0,
        "generalAndAdministrativeExpenses": 29000000,
        "sellingAndMarketingExpenses": 0,
        "sellingGeneralAndAdministrativeExpenses": 29000000,
        "otherExpenses": 5000000,
        "operatingExpenses": 34000000,
        "costAndExpenses": 69000000,
        "interestIncome": 0,
        "interestExpense": 74000000,
        "depreciationAndAmortization": -113000000,
        "ebitda": 0,
        "ebitdaratio": 0,
        "operatingIncome": 55000000,
        "operatingIncomeRatio": 1.1,
        "totalOtherIncomeExpensesNet": -41000000,
        "incomeBeforeTax": -19000000,
        "incomeBeforeTaxRatio": -0.38,
        "incomeTaxExpense": -2000000,
        "netIncome": -17000000,
        "netIncomeRatio": -0.34,
        "eps": -0.2,
        "epsdiluted": -0.2,
        "weightedAverageShsOut": 85191660,
        "weightedAverageShsOutDil": 85554236,
        "link": "https://www.sec.gov/Archives/edgar/data/814585/000119312519141524/0001193125-19-141524-index.htm",
        "finalLink": "https://www.sec.gov/Archives/edgar/data/814585/000119312519141524/d708661d10q.htm"
    },
    {
        "date": "2018-12-31",
        "symbol": "MBI",
        "reportedCurrency": "USD",
        "cik": "0000814585",
        "fillingDate": "2019-02-28",
        "acceptedDate": "2019-02-28 16:52:44",
        "calendarYear": "2018",
        "period": "Q4",
        "revenue": -28000000,
        "costOfRevenue": 82000000,
        "grossProfit": -110000000,
        "grossProfitRatio": 3.9285714286,
        "researchAndDevelopmentExpenses": 0,
        "generalAndAdministrativeExpenses": 17000000,
        "sellingAndMarketingExpenses": 0,
        "sellingGeneralAndAdministrativeExpenses": 17000000,
        "otherExpenses": 0,
        "operatingExpenses": -65000000,
        "costAndExpenses": -19000000,
        "interestIncome": 0,
        "interestExpense": 75000000,
        "depreciationAndAmortization": -79000000,
        "ebitda": 66000000,
        "ebitdaratio": -2.3571428571,
        "operatingIncome": 145000000,
        "operatingIncomeRatio": -5.1785714286,
        "totalOtherIncomeExpensesNet": -100000000,
        "incomeBeforeTax": -9000000,
        "incomeBeforeTaxRatio": 0.3214285714,
        "incomeTaxExpense": -2000000,
        "netIncome": -7000000,
        "netIncomeRatio": 0.25,
        "eps": -0.0788,
        "epsdiluted": -0.0788,
        "weightedAverageShsOut": 88829193,
        "weightedAverageShsOutDil": 88829193,
        "link": "https://www.sec.gov/Archives/edgar/data/814585/000119312519057808/0001193125-19-057808-index.htm",
        "finalLink": "https://www.sec.gov/Archives/edgar/data/814585/000119312519057808/d700905d10k.htm"
    },
    {
        "date": "2018-09-30",
        "symbol": "MBI",
        "reportedCurrency": "USD",
        "cik": "0000814585",
        "fillingDate": "2018-11-06",
        "acceptedDate": "2018-11-06 16:51:16",
        "calendarYear": "2018",
        "period": "Q3",
        "revenue": 102000000,
        "costOfRevenue": 21000000,
        "grossProfit": 81000000,
        "grossProfitRatio": 0.7941176471,
        "researchAndDevelopmentExpenses": 0,
        "generalAndAdministrativeExpenses": 21000000,
        "sellingAndMarketingExpenses": 0,
        "sellingGeneralAndAdministrativeExpenses": 21000000,
        "otherExpenses": -73000000,
        "operatingExpenses": -52000000,
        "costAndExpenses": 147000000,
        "interestIncome": 0,
        "interestExpense": 74000000,
        "depreciationAndAmortization": -17000000,
        "ebitda": 0,
        "ebitdaratio": 0,
        "operatingIncome": 29000000,
        "operatingIncomeRatio": 0.2843137255,
        "totalOtherIncomeExpensesNet": -71000000,
        "incomeBeforeTax": -45000000,
        "incomeBeforeTaxRatio": -0.4411764706,
        "incomeTaxExpense": 59000000,
        "netIncome": -45000000,
        "netIncomeRatio": -0.4411764706,
        "eps": -0.5,
        "epsdiluted": -0.5,
        "weightedAverageShsOut": 89490267,
        "weightedAverageShsOutDil": 89490267,
        "link": "https://www.sec.gov/Archives/edgar/data/814585/000119312518319644/0001193125-18-319644-index.htm",
        "finalLink": "https://www.sec.gov/Archives/edgar/data/814585/000119312518319644/d647877d10q.htm"
    },
    {
        "date": "2018-06-30",
        "symbol": "MBI",
        "reportedCurrency": "USD",
        "cik": "0000814585",
        "fillingDate": "2018-08-08",
        "acceptedDate": "2018-08-08 16:55:17",
        "calendarYear": "2018",
        "period": "Q2",
        "revenue": 12000000,
        "costOfRevenue": 22000000,
        "grossProfit": -10000000,
        "grossProfitRatio": -0.8333333333,
        "researchAndDevelopmentExpenses": 0,
        "generalAndAdministrativeExpenses": 22000000,
        "sellingAndMarketingExpenses": 0,
        "sellingGeneralAndAdministrativeExpenses": 22000000,
        "otherExpenses": -85000000,
        "operatingExpenses": -63000000,
        "costAndExpenses": 158000000,
        "interestIncome": 0,
        "interestExpense": 73000000,
        "depreciationAndAmortization": 13000000,
        "ebitda": 0,
        "ebitdaratio": 0,
        "operatingIncome": -73000000,
        "operatingIncomeRatio": -6.0833333333,
        "totalOtherIncomeExpensesNet": -146000000,
        "incomeBeforeTax": -146000000,
        "incomeBeforeTaxRatio": -12.1666666667,
        "incomeTaxExpense": -33000000,
        "netIncome": -146000000,
        "netIncomeRatio": -12.1666666667,
        "eps": -1.64,
        "epsdiluted": -1.64,
        "weightedAverageShsOut": 89024444,
        "weightedAverageShsOutDil": 89131760,
        "link": "https://www.sec.gov/Archives/edgar/data/814585/000119312518242879/0001193125-18-242879-index.htm",
        "finalLink": "https://www.sec.gov/Archives/edgar/data/814585/000119312518242879/d599209d10q.htm"
    },
    {
        "date": "2018-03-31",
        "symbol": "MBI",
        "reportedCurrency": "USD",
        "cik": "0000814585",
        "fillingDate": "2018-05-09",
        "acceptedDate": "2018-05-09 16:48:53",
        "calendarYear": "2018",
        "period": "Q1",
        "revenue": 73000000,
        "costOfRevenue": 22000000,
        "grossProfit": 51000000,
        "grossProfitRatio": 0.698630137,
        "researchAndDevelopmentExpenses": 0,
        "generalAndAdministrativeExpenses": 22000000,
        "sellingAndMarketingExpenses": 0,
        "sellingGeneralAndAdministrativeExpenses": 22000000,
        "otherExpenses": -98000000,
        "operatingExpenses": -76000000,
        "costAndExpenses": 169000000,
        "interestIncome": 0,
        "interestExpense": 71000000,
        "depreciationAndAmortization": 25000000,
        "ebitda": 0,
        "ebitdaratio": 0,
        "operatingIncome": -25000000,
        "operatingIncomeRatio": -0.3424657534,
        "totalOtherIncomeExpensesNet": -96000000,
        "incomeBeforeTax": -96000000,
        "incomeBeforeTaxRatio": -1.3150684932,
        "incomeTaxExpense": 2000000,
        "netIncome": -98000000,
        "netIncomeRatio": -1.3424657534,
        "eps": -1.11,
        "epsdiluted": -1.11,
        "weightedAverageShsOut": 88131373,
        "weightedAverageShsOutDil": 88131373,
        "link": "https://www.sec.gov/Archives/edgar/data/814585/000119312518157639/0001193125-18-157639-index.htm",
        "finalLink": "https://www.sec.gov/Archives/edgar/data/814585/000119312518157639/d582970d10q.htm"
    },
    {
        "date": "2017-12-31",
        "symbol": "MBI",
        "reportedCurrency": "USD",
        "cik": "0000814585",
        "fillingDate": "2018-03-01",
        "acceptedDate": "2018-03-01 16:53:31",
        "calendarYear": "2017",
        "period": "Q4",
        "revenue": 232000000,
        "costOfRevenue": -57000000,
        "grossProfit": 289000000,
        "grossProfitRatio": 1.2456896552,
        "researchAndDevelopmentExpenses": 0,
        "generalAndAdministrativeExpenses": 26000000,
        "sellingAndMarketingExpenses": 0,
        "sellingGeneralAndAdministrativeExpenses": 26000000,
        "otherExpenses": 0,
        "operatingExpenses": -90000000,
        "costAndExpenses": 290000000,
        "interestIncome": 0,
        "interestExpense": 69000000,
        "depreciationAndAmortization": 69000000,
        "ebitda": 11000000,
        "ebitdaratio": 0.0474137931,
        "operatingIncome": -58000000,
        "operatingIncomeRatio": -0.25,
        "totalOtherIncomeExpensesNet": -249000000,
        "incomeBeforeTax": -58000000,
        "incomeBeforeTaxRatio": -0.25,
        "incomeTaxExpense": -21000000,
        "netIncome": -37000000,
        "netIncomeRatio": -0.1594827586,
        "eps": -0.42,
        "epsdiluted": -0.42,
        "weightedAverageShsOut": 88131373,
        "weightedAverageShsOutDil": 88131373,
        "link": "https://www.sec.gov/Archives/edgar/data/814585/000119312518067440/0001193125-18-067440-index.htm",
        "finalLink": "https://www.sec.gov/Archives/edgar/data/814585/000119312518067440/d437986d10k.htm"
    },
    {
        "date": "2017-09-30",
        "symbol": "MBI",
        "reportedCurrency": "USD",
        "cik": "0000814585",
        "fillingDate": "2017-11-07",
        "acceptedDate": "2017-11-07 16:50:15",
        "calendarYear": "2017",
        "period": "Q3",
        "revenue": 32000000,
        "costOfRevenue": 24000000,
        "grossProfit": 8000000,
        "grossProfitRatio": 0.25,
        "researchAndDevelopmentExpenses": 0,
        "generalAndAdministrativeExpenses": 24000000,
        "sellingAndMarketingExpenses": 0,
        "sellingGeneralAndAdministrativeExpenses": 24000000,
        "otherExpenses": -305000000,
        "operatingExpenses": -281000000,
        "costAndExpenses": 305000000,
        "interestIncome": 0,
        "interestExpense": 69000000,
        "depreciationAndAmortization": 69000000,
        "ebitda": 0,
        "ebitdaratio": 0,
        "operatingIncome": -273000000,
        "operatingIncomeRatio": -8.53125,
        "totalOtherIncomeExpensesNet": -68000000,
        "incomeBeforeTax": -273000000,
        "incomeBeforeTaxRatio": -8.53125,
        "incomeTaxExpense": -6000000,
        "netIncome": -267000000,
        "netIncomeRatio": -8.34375,
        "eps": -2.17,
        "epsdiluted": -2.17,
        "weightedAverageShsOut": 122967924,
        "weightedAverageShsOutDil": 122967924,
        "link": "https://www.sec.gov/Archives/edgar/data/814585/000119312517335842/0001193125-17-335842-index.htm",
        "finalLink": "https://www.sec.gov/Archives/edgar/data/814585/000119312517335842/d459699d10q.htm"
    },
    {
        "date": "2017-06-30",
        "symbol": "MBI",
        "reportedCurrency": "USD",
        "cik": "0000814585",
        "fillingDate": "2017-08-08",
        "acceptedDate": "2017-08-08 16:50:52",
        "calendarYear": "2017",
        "period": "Q2",
        "revenue": 72000000,
        "costOfRevenue": 35000000,
        "grossProfit": 37000000,
        "grossProfitRatio": 0.5138888889,
        "researchAndDevelopmentExpenses": 0,
        "generalAndAdministrativeExpenses": 35000000,
        "sellingAndMarketingExpenses": 0,
        "sellingGeneralAndAdministrativeExpenses": 35000000,
        "otherExpenses": -282000000,
        "operatingExpenses": -247000000,
        "costAndExpenses": 282000000,
        "interestIncome": 0,
        "interestExpense": 69000000,
        "depreciationAndAmortization": 69000000,
        "ebitda": 0,
        "ebitdaratio": 0,
        "operatingIncome": -210000000,
        "operatingIncomeRatio": -2.9166666667,
        "totalOtherIncomeExpensesNet": -69000000,
        "incomeBeforeTax": -210000000,
        "incomeBeforeTaxRatio": -2.9166666667,
        "incomeTaxExpense": 1019000000,
        "netIncome": -1229000000,
        "netIncomeRatio": -17.0694444444,
        "eps": -9.78,
        "epsdiluted": -9.78,
        "weightedAverageShsOut": 125653189,
        "weightedAverageShsOutDil": 125653189,
        "link": "https://www.sec.gov/Archives/edgar/data/814585/000119312517251448/0001193125-17-251448-index.htm",
        "finalLink": "https://www.sec.gov/Archives/edgar/data/814585/000119312517251448/d434001d10q.htm"
    },
    {
        "date": "2017-03-31",
        "symbol": "MBI",
        "reportedCurrency": "USD",
        "cik": "0000814585",
        "fillingDate": "2017-05-10",
        "acceptedDate": "2017-05-10 16:52:18",
        "calendarYear": "2017",
        "period": "Q1",
        "revenue": 69000000,
        "costOfRevenue": 31000000,
        "grossProfit": 38000000,
        "grossProfitRatio": 0.5507246377,
        "researchAndDevelopmentExpenses": 0,
        "generalAndAdministrativeExpenses": 31000000,
        "sellingAndMarketingExpenses": 0,
        "sellingGeneralAndAdministrativeExpenses": 31000000,
        "otherExpenses": -189000000,
        "operatingExpenses": -158000000,
        "costAndExpenses": 189000000,
        "interestIncome": 0,
        "interestExpense": 65000000,
        "depreciationAndAmortization": 65000000,
        "ebitda": 0,
        "ebitdaratio": 0,
        "operatingIncome": -120000000,
        "operatingIncomeRatio": -1.7391304348,
        "totalOtherIncomeExpensesNet": -57000000,
        "incomeBeforeTax": -120000000,
        "incomeBeforeTaxRatio": -1.7391304348,
        "incomeTaxExpense": -48000000,
        "netIncome": -72000000,
        "netIncomeRatio": -1.0434782609,
        "eps": -0.56,
        "epsdiluted": -0.55,
        "weightedAverageShsOut": 129682529,
        "weightedAverageShsOutDil": 131402465,
        "link": "https://www.sec.gov/Archives/edgar/data/814585/000119312517166023/0001193125-17-166023-index.htm",
        "finalLink": "https://www.sec.gov/Archives/edgar/data/814585/000119312517166023/d391180d10q.htm"
    },
    {
        "date": "2016-12-31",
        "symbol": "MBI",
        "reportedCurrency": "USD",
        "cik": "0000814585",
        "fillingDate": "2017-03-01",
        "acceptedDate": "2017-03-01 16:41:48",
        "calendarYear": "2016",
        "period": "Q4",
        "revenue": -59000000,
        "costOfRevenue": 151000000,
        "grossProfit": -210000000,
        "grossProfitRatio": 3.5593220339,
        "researchAndDevelopmentExpenses": 0,
        "generalAndAdministrativeExpenses": 44000000,
        "sellingAndMarketingExpenses": 0,
        "sellingGeneralAndAdministrativeExpenses": 44000000,
        "otherExpenses": 0,
        "operatingExpenses": -107000000,
        "costAndExpenses": 179000000,
        "interestIncome": 0,
        "interestExpense": 54000000,
        "depreciationAndAmortization": 54000000,
        "ebitda": -184000000,
        "ebitdaratio": 3.1186440678,
        "operatingIncome": -238000000,
        "operatingIncomeRatio": 4.0338983051,
        "totalOtherIncomeExpensesNet": -24000000,
        "incomeBeforeTax": -238000000,
        "incomeBeforeTaxRatio": 4.0338983051,
        "incomeTaxExpense": 27000000,
        "netIncome": -265000000,
        "netIncomeRatio": 4.4915254237,
        "eps": -2.01,
        "epsdiluted": -2.01,
        "weightedAverageShsOut": 131906086,
        "weightedAverageShsOutDil": 131906086,
        "link": "https://www.sec.gov/Archives/edgar/data/814585/000119312517065856/0001193125-17-065856-index.htm",
        "finalLink": "https://www.sec.gov/Archives/edgar/data/814585/000119312517065856/d332634d10k.htm"
    },
    {
        "date": "2016-09-30",
        "symbol": "MBI",
        "reportedCurrency": "USD",
        "cik": "0000814585",
        "fillingDate": "2016-11-08",
        "acceptedDate": "2016-11-08 16:51:30",
        "calendarYear": "2016",
        "period": "Q3",
        "revenue": 203000000,
        "costOfRevenue": 35000000,
        "grossProfit": 168000000,
        "grossProfitRatio": 0.8275862069,
        "researchAndDevelopmentExpenses": 0,
        "generalAndAdministrativeExpenses": 35000000,
        "sellingAndMarketingExpenses": 0,
        "sellingGeneralAndAdministrativeExpenses": 35000000,
        "otherExpenses": -148000000,
        "operatingExpenses": -113000000,
        "costAndExpenses": 148000000,
        "interestIncome": 0,
        "interestExpense": 53000000,
        "depreciationAndAmortization": 53000000,
        "ebitda": 0,
        "ebitdaratio": 0,
        "operatingIncome": 55000000,
        "operatingIncomeRatio": 0.2709359606,
        "totalOtherIncomeExpensesNet": -53000000,
        "incomeBeforeTax": 55000000,
        "incomeBeforeTaxRatio": 0.2709359606,
        "incomeTaxExpense": 24000000,
        "netIncome": 30000000,
        "netIncomeRatio": 0.1477832512,
        "eps": 0.23,
        "epsdiluted": 0.23,
        "weightedAverageShsOut": 131633411,
        "weightedAverageShsOutDil": 132042067,
        "link": "https://www.sec.gov/Archives/edgar/data/814585/000119312516763080/0001193125-16-763080-index.htm",
        "finalLink": "https://www.sec.gov/Archives/edgar/data/814585/000119312516763080/d247745d10q.htm"
    },
    {
        "date": "2016-06-30",
        "symbol": "MBI",
        "reportedCurrency": "USD",
        "cik": "0000814585",
        "fillingDate": "2016-08-08",
        "acceptedDate": "2016-08-08 16:51:28",
        "calendarYear": "2016",
        "period": "Q2",
        "revenue": 115000000,
        "costOfRevenue": 33000000,
        "grossProfit": 82000000,
        "grossProfitRatio": 0.7130434783,
        "researchAndDevelopmentExpenses": 0,
        "generalAndAdministrativeExpenses": 33000000,
        "sellingAndMarketingExpenses": 0,
        "sellingGeneralAndAdministrativeExpenses": 33000000,
        "otherExpenses": -170000000,
        "operatingExpenses": -137000000,
        "costAndExpenses": 170000000,
        "interestIncome": 0,
        "interestExpense": 53000000,
        "depreciationAndAmortization": 53000000,
        "ebitda": 0,
        "ebitdaratio": 0,
        "operatingIncome": -55000000,
        "operatingIncomeRatio": -0.4782608696,
        "totalOtherIncomeExpensesNet": 0,
        "incomeBeforeTax": -55000000,
        "incomeBeforeTaxRatio": -0.4782608696,
        "incomeTaxExpense": -28000000,
        "netIncome": -27000000,
        "netIncomeRatio": -0.2347826087,
        "eps": -0.21,
        "epsdiluted": -0.2,
        "weightedAverageShsOut": 129822921,
        "weightedAverageShsOutDil": 132677066,
        "link": "https://www.sec.gov/Archives/edgar/data/814585/000119312516675252/0001193125-16-675252-index.htm",
        "finalLink": "https://www.sec.gov/Archives/edgar/data/814585/000119312516675252/d398917d10q.htm"
    },
    {
        "date": "2016-03-31",
        "symbol": "MBI",
        "reportedCurrency": "USD",
        "cik": "0000814585",
        "fillingDate": "2016-05-09",
        "acceptedDate": "2016-05-09 17:08:06",
        "calendarYear": "2016",
        "period": "Q1",
        "revenue": 30000000,
        "costOfRevenue": 39000000,
        "grossProfit": -9000000,
        "grossProfitRatio": -0.3,
        "researchAndDevelopmentExpenses": 0,
        "generalAndAdministrativeExpenses": 39000000,
        "sellingAndMarketingExpenses": 0,
        "sellingGeneralAndAdministrativeExpenses": 39000000,
        "otherExpenses": -131000000,
        "operatingExpenses": -92000000,
        "costAndExpenses": 131000000,
        "interestIncome": 0,
        "interestExpense": 62000000,
        "depreciationAndAmortization": 62000000,
        "ebitda": 0,
        "ebitdaratio": 0,
        "operatingIncome": -101000000,
        "operatingIncomeRatio": -3.3666666667,
        "totalOtherIncomeExpensesNet": 0,
        "incomeBeforeTax": -101000000,
        "incomeBeforeTaxRatio": -3.3666666667,
        "incomeTaxExpense": -23000000,
        "netIncome": -78000000,
        "netIncomeRatio": -2.6,
        "eps": -0.58,
        "epsdiluted": -0.57,
        "weightedAverageShsOut": 135508417,
        "weightedAverageShsOutDil": 135814835,
        "link": "https://www.sec.gov/Archives/edgar/data/814585/000119312516583982/0001193125-16-583982-index.htm",
        "finalLink": "https://www.sec.gov/Archives/edgar/data/814585/000119312516583982/d188093d10q.htm"
    },
    {
        "date": "2015-12-31",
        "symbol": "MBI",
        "reportedCurrency": "USD",
        "cik": "0000814585",
        "fillingDate": "2016-02-29",
        "acceptedDate": "2016-02-29 16:52:24",
        "calendarYear": "2015",
        "period": "Q4",
        "revenue": 297000000,
        "costOfRevenue": -404000000,
        "grossProfit": 701000000,
        "grossProfitRatio": 2.3602693603,
        "researchAndDevelopmentExpenses": 0,
        "generalAndAdministrativeExpenses": 41000000,
        "sellingAndMarketingExpenses": 0,
        "sellingGeneralAndAdministrativeExpenses": 41000000,
        "otherExpenses": 109000000,
        "operatingExpenses": -3000000,
        "costAndExpenses": 158000000,
        "interestIncome": 0,
        "interestExpense": 60000000,
        "depreciationAndAmortization": 60000000,
        "ebitda": 199000000,
        "ebitdaratio": 0.67003367,
        "operatingIncome": 139000000,
        "operatingIncomeRatio": 0.468013468,
        "totalOtherIncomeExpensesNet": -84000000,
        "incomeBeforeTax": 139000000,
        "incomeBeforeTaxRatio": 0.468013468,
        "incomeTaxExpense": 57000000,
        "netIncome": 79000000,
        "netIncomeRatio": 0.265993266,
        "eps": 0.54,
        "epsdiluted": 0.54,
        "weightedAverageShsOut": 147099167,
        "weightedAverageShsOutDil": 147955862,
        "link": "https://www.sec.gov/Archives/edgar/data/814585/000119312516485560/0001193125-16-485560-index.htm",
        "finalLink": "https://www.sec.gov/Archives/edgar/data/814585/000119312516485560/d115445d10k.htm"
    },
    {
        "date": "2015-09-30",
        "symbol": "MBI",
        "reportedCurrency": "USD",
        "cik": "0000814585",
        "fillingDate": "2015-11-04",
        "acceptedDate": "2015-11-04 16:53:02",
        "calendarYear": "2015",
        "period": "Q3",
        "revenue": 92000000,
        "costOfRevenue": 38000000,
        "grossProfit": 54000000,
        "grossProfitRatio": 0.5869565217,
        "researchAndDevelopmentExpenses": 0,
        "generalAndAdministrativeExpenses": 38000000,
        "sellingAndMarketingExpenses": 0,
        "sellingGeneralAndAdministrativeExpenses": 38000000,
        "otherExpenses": -147000000,
        "operatingExpenses": -109000000,
        "costAndExpenses": 147000000,
        "interestIncome": 0,
        "interestExpense": 59000000,
        "depreciationAndAmortization": 59000000,
        "ebitda": 0,
        "ebitdaratio": 0,
        "operatingIncome": -55000000,
        "operatingIncomeRatio": -0.597826087,
        "totalOtherIncomeExpensesNet": 0,
        "incomeBeforeTax": -55000000,
        "incomeBeforeTaxRatio": -0.597826087,
        "incomeTaxExpense": -20000000,
        "netIncome": -35000000,
        "netIncomeRatio": -0.3804347826,
        "eps": -0.23,
        "epsdiluted": -0.23,
        "weightedAverageShsOut": 152174574,
        "weightedAverageShsOutDil": 155239723,
        "link": "https://www.sec.gov/Archives/edgar/data/814585/000119312515366241/0001193125-15-366241-index.htm",
        "finalLink": "https://www.sec.gov/Archives/edgar/data/814585/000119312515366241/d10814d10q.htm"
    },
    {
        "date": "2015-06-30",
        "symbol": "MBI",
        "reportedCurrency": "USD",
        "cik": "0000814585",
        "fillingDate": "2015-08-04",
        "acceptedDate": "2015-08-04 16:52:28",
        "calendarYear": "2015",
        "period": "Q2",
        "revenue": 246000000,
        "costOfRevenue": 35000000,
        "grossProfit": 211000000,
        "grossProfitRatio": 0.8577235772,
        "researchAndDevelopmentExpenses": 0,
        "generalAndAdministrativeExpenses": 35000000,
        "sellingAndMarketingExpenses": 0,
        "sellingGeneralAndAdministrativeExpenses": 35000000,
        "otherExpenses": -154000000,
        "operatingExpenses": -119000000,
        "costAndExpenses": 154000000,
        "interestIncome": 0,
        "interestExpense": 59000000,
        "depreciationAndAmortization": 59000000,
        "ebitda": 0,
        "ebitdaratio": 0,
        "operatingIncome": 92000000,
        "operatingIncomeRatio": 0.3739837398,
        "totalOtherIncomeExpensesNet": -91000000,
        "incomeBeforeTax": 92000000,
        "incomeBeforeTaxRatio": 0.3739837398,
        "incomeTaxExpense": 28000000,
        "netIncome": 62000000,
        "netIncomeRatio": 0.2520325203,
        "eps": 0.36,
        "epsdiluted": 0.36,
        "weightedAverageShsOut": 172146651,
        "weightedAverageShsOutDil": 173154319,
        "link": "https://www.sec.gov/Archives/edgar/data/814585/000119312515276703/0001193125-15-276703-index.htm",
        "finalLink": "https://www.sec.gov/Archives/edgar/data/814585/000119312515276703/d71875d10q.htm"
    },
    {
        "date": "2015-03-31",
        "symbol": "MBI",
        "reportedCurrency": "USD",
        "cik": "0000814585",
        "fillingDate": "2015-05-11",
        "acceptedDate": "2015-05-11 16:45:19",
        "calendarYear": "2015",
        "period": "Q1",
        "revenue": 219000000,
        "costOfRevenue": 39000000,
        "grossProfit": 180000000,
        "grossProfitRatio": 0.8219178082,
        "researchAndDevelopmentExpenses": 0,
        "generalAndAdministrativeExpenses": 39000000,
        "sellingAndMarketingExpenses": 0,
        "sellingGeneralAndAdministrativeExpenses": 39000000,
        "otherExpenses": -106000000,
        "operatingExpenses": -67000000,
        "costAndExpenses": 106000000,
        "interestIncome": 0,
        "interestExpense": 60000000,
        "depreciationAndAmortization": 60000000,
        "ebitda": 0,
        "ebitdaratio": 0,
        "operatingIncome": 113000000,
        "operatingIncomeRatio": 0.5159817352,
        "totalOtherIncomeExpensesNet": -85000000,
        "incomeBeforeTax": 113000000,
        "incomeBeforeTaxRatio": 0.5159817352,
        "incomeTaxExpense": 44000000,
        "netIncome": 69000000,
        "netIncomeRatio": 0.3150684932,
        "eps": 0.37,
        "epsdiluted": 0.37,
        "weightedAverageShsOut": 181735876,
        "weightedAverageShsOutDil": 182736415,
        "link": "https://www.sec.gov/Archives/edgar/data/814585/000119312515182101/0001193125-15-182101-index.htm",
        "finalLink": "https://www.sec.gov/Archives/edgar/data/814585/000119312515182101/d918696d10q.htm"
    },
    {
        "date": "2014-12-31",
        "symbol": "MBI",
        "reportedCurrency": "USD",
        "cik": "0000814585",
        "fillingDate": "2015-03-02",
        "acceptedDate": "2015-03-02 16:38:49",
        "calendarYear": "2014",
        "period": "Q4",
        "revenue": 215000000,
        "costOfRevenue": -845000000,
        "grossProfit": 1060000000,
        "grossProfitRatio": 4.9302325581,
        "researchAndDevelopmentExpenses": 0,
        "generalAndAdministrativeExpenses": 56000000,
        "sellingAndMarketingExpenses": 0,
        "sellingGeneralAndAdministrativeExpenses": 56000000,
        "otherExpenses": 551000000,
        "operatingExpenses": 404000000,
        "costAndExpenses": 181000000,
        "interestIncome": 0,
        "interestExpense": 61000000,
        "depreciationAndAmortization": 61000000,
        "ebitda": 95000000,
        "ebitdaratio": 0.4418604651,
        "operatingIncome": 34000000,
        "operatingIncomeRatio": 0.1581395349,
        "totalOtherIncomeExpensesNet": -185000000,
        "incomeBeforeTax": 34000000,
        "incomeBeforeTaxRatio": 0.1581395349,
        "incomeTaxExpense": 14000000,
        "netIncome": 20000000,
        "netIncomeRatio": 0.0930232558,
        "eps": 0.1,
        "epsdiluted": 0.1,
        "weightedAverageShsOut": 187242789,
        "weightedAverageShsOutDil": 188272683,
        "link": "https://www.sec.gov/Archives/edgar/data/814585/000119312515073382/0001193125-15-073382-index.htm",
        "finalLink": "https://www.sec.gov/Archives/edgar/data/814585/000119312515073382/d868514d10k.htm"
    },
    {
        "date": "2014-09-30",
        "symbol": "MBI",
        "reportedCurrency": "USD",
        "cik": "0000814585",
        "fillingDate": "2014-11-05",
        "acceptedDate": "2014-11-05 16:50:47",
        "calendarYear": "2014",
        "period": "Q3",
        "revenue": 291000000,
        "costOfRevenue": 48000000,
        "grossProfit": 243000000,
        "grossProfitRatio": 0.8350515464,
        "researchAndDevelopmentExpenses": 0,
        "generalAndAdministrativeExpenses": 48000000,
        "sellingAndMarketingExpenses": 0,
        "sellingGeneralAndAdministrativeExpenses": 48000000,
        "otherExpenses": -81000000,
        "operatingExpenses": -33000000,
        "costAndExpenses": 143000000,
        "interestIncome": 0,
        "interestExpense": 62000000,
        "depreciationAndAmortization": -174000000,
        "ebitda": 0,
        "ebitdaratio": 0,
        "operatingIncome": 210000000,
        "operatingIncomeRatio": 0.7216494845,
        "totalOtherIncomeExpensesNet": -59000000,
        "incomeBeforeTax": 148000000,
        "incomeBeforeTaxRatio": 0.5085910653,
        "incomeTaxExpense": -25000000,
        "netIncome": 168000000,
        "netIncomeRatio": 0.5773195876,
        "eps": 0.9,
        "epsdiluted": 0.8,
        "weightedAverageShsOut": 187104785,
        "weightedAverageShsOutDil": 188424318,
        "link": "https://www.sec.gov/Archives/edgar/data/814585/000119312514398675/0001193125-14-398675-index.htm",
        "finalLink": "https://www.sec.gov/Archives/edgar/data/814585/000119312514398675/d808526d10q.htm"
    },
    {
        "date": "2014-06-30",
        "symbol": "MBI",
        "reportedCurrency": "USD",
        "cik": "0000814585",
        "fillingDate": "2014-08-06",
        "acceptedDate": "2014-08-06 16:52:21",
        "calendarYear": "2014",
        "period": "Q2",
        "revenue": 185000000,
        "costOfRevenue": 50000000,
        "grossProfit": 135000000,
        "grossProfitRatio": 0.7297297297,
        "researchAndDevelopmentExpenses": 0,
        "generalAndAdministrativeExpenses": 50000000,
        "sellingAndMarketingExpenses": 0,
        "sellingGeneralAndAdministrativeExpenses": 50000000,
        "otherExpenses": -130000000,
        "operatingExpenses": -80000000,
        "costAndExpenses": 130000000,
        "interestIncome": 0,
        "interestExpense": 62000000,
        "depreciationAndAmortization": 62000000,
        "ebitda": 0,
        "ebitdaratio": 0,
        "operatingIncome": 55000000,
        "operatingIncomeRatio": 0.2972972973,
        "totalOtherIncomeExpensesNet": -105000000,
        "incomeBeforeTax": 55000000,
        "incomeBeforeTaxRatio": 0.2972972973,
        "incomeTaxExpense": -65000000,
        "netIncome": 116000000,
        "netIncomeRatio": 0.627027027,
        "eps": 0.61,
        "epsdiluted": 0.45,
        "weightedAverageShsOut": 189169042,
        "weightedAverageShsOutDil": 192906871,
        "link": "https://www.sec.gov/Archives/edgar/data/814585/000119312514298376/0001193125-14-298376-index.htm",
        "finalLink": "https://www.sec.gov/Archives/edgar/data/814585/000119312514298376/d753696d10q.htm"
    },
    {
        "date": "2014-03-31",
        "symbol": "MBI",
        "reportedCurrency": "USD",
        "cik": "0000814585",
        "fillingDate": "2014-05-12",
        "acceptedDate": "2014-05-12 17:23:45",
        "calendarYear": "2014",
        "period": "Q1",
        "revenue": 572000000,
        "costOfRevenue": 49000000,
        "grossProfit": 523000000,
        "grossProfitRatio": 0.9143356643,
        "researchAndDevelopmentExpenses": 0,
        "generalAndAdministrativeExpenses": 49000000,
        "sellingAndMarketingExpenses": 0,
        "sellingGeneralAndAdministrativeExpenses": 49000000,
        "otherExpenses": -168000000,
        "operatingExpenses": -119000000,
        "costAndExpenses": 168000000,
        "interestIncome": 0,
        "interestExpense": 64000000,
        "depreciationAndAmortization": 64000000,
        "ebitda": 0,
        "ebitdaratio": 0,
        "operatingIncome": 404000000,
        "operatingIncomeRatio": 0.7062937063,
        "totalOtherIncomeExpensesNet": -143000000,
        "incomeBeforeTax": 404000000,
        "incomeBeforeTaxRatio": 0.7062937063,
        "incomeTaxExpense": 148000000,
        "netIncome": 251000000,
        "netIncomeRatio": 0.4388111888,
        "eps": 1.33,
        "epsdiluted": 1.32,
        "weightedAverageShsOut": 189033982,
        "weightedAverageShsOutDil": 190263748,
        "link": "https://www.sec.gov/Archives/edgar/data/814585/000119312514195175/0001193125-14-195175-index.htm",
        "finalLink": "https://www.sec.gov/Archives/edgar/data/814585/000119312514195175/d721275d10q.htm"
    },
    {
        "date": "2013-12-31",
        "symbol": "MBI",
        "reportedCurrency": "USD",
        "cik": "0000814585",
        "fillingDate": "2014-03-03",
        "acceptedDate": "2014-03-03 16:49:20",
        "calendarYear": "2013",
        "period": "Q4",
        "revenue": 446000000,
        "costOfRevenue": -353000000,
        "grossProfit": 799000000,
        "grossProfitRatio": 1.7914798206,
        "researchAndDevelopmentExpenses": 0,
        "generalAndAdministrativeExpenses": 61000000,
        "sellingAndMarketingExpenses": 0,
        "sellingGeneralAndAdministrativeExpenses": 61000000,
        "otherExpenses": 61000000,
        "operatingExpenses": -227000000,
        "costAndExpenses": 152000000,
        "interestIncome": 0,
        "interestExpense": 68000000,
        "depreciationAndAmortization": 68000000,
        "ebitda": 362000000,
        "ebitdaratio": 0.8116591928,
        "operatingIncome": 294000000,
        "operatingIncomeRatio": 0.6591928251,
        "totalOtherIncomeExpensesNet": -75000000,
        "incomeBeforeTax": 294000000,
        "incomeBeforeTaxRatio": 0.6591928251,
        "incomeTaxExpense": 162000000,
        "netIncome": 132000000,
        "netIncomeRatio": 0.2959641256,
        "eps": 0.7,
        "epsdiluted": 0.7,
        "weightedAverageShsOut": 189000010,
        "weightedAverageShsOutDil": 189033982,
        "link": "https://www.sec.gov/Archives/edgar/data/814585/000119312514080397/0001193125-14-080397-index.htm",
        "finalLink": "https://www.sec.gov/Archives/edgar/data/814585/000119312514080397/d678198d10k.htm"
    },
    {
        "date": "2013-09-30",
        "symbol": "MBI",
        "reportedCurrency": "USD",
        "cik": "0000814585",
        "fillingDate": "2013-11-12",
        "acceptedDate": "2013-11-12 16:44:45",
        "calendarYear": "2013",
        "period": "Q3",
        "revenue": 414000000,
        "costOfRevenue": 73000000,
        "grossProfit": 341000000,
        "grossProfitRatio": 0.8236714976,
        "researchAndDevelopmentExpenses": 0,
        "generalAndAdministrativeExpenses": 73000000,
        "sellingAndMarketingExpenses": 0,
        "sellingGeneralAndAdministrativeExpenses": 73000000,
        "otherExpenses": -243000000,
        "operatingExpenses": -170000000,
        "costAndExpenses": 243000000,
        "interestIncome": 0,
        "interestExpense": 69000000,
        "depreciationAndAmortization": 69000000,
        "ebitda": 0,
        "ebitdaratio": 0,
        "operatingIncome": 171000000,
        "operatingIncomeRatio": 0.4130434783,
        "totalOtherIncomeExpensesNet": -152000000,
        "incomeBeforeTax": 171000000,
        "incomeBeforeTaxRatio": 0.4130434783,
        "incomeTaxExpense": 39000000,
        "netIncome": 129000000,
        "netIncomeRatio": 0.3115942029,
        "eps": 0.68,
        "epsdiluted": 0.52,
        "weightedAverageShsOut": 188931800,
        "weightedAverageShsOutDil": 192581064,
        "link": "https://www.sec.gov/Archives/edgar/data/814585/000119312513438382/0001193125-13-438382-index.htm",
        "finalLink": "https://www.sec.gov/Archives/edgar/data/814585/000119312513438382/d617219d10q.htm"
    },
    {
        "date": "2013-06-30",
        "symbol": "MBI",
        "reportedCurrency": "USD",
        "cik": "0000814585",
        "fillingDate": "2013-08-07",
        "acceptedDate": "2013-08-07 16:42:03",
        "calendarYear": "2013",
        "period": "Q2",
        "revenue": 73000000,
        "costOfRevenue": 105000000,
        "grossProfit": -32000000,
        "grossProfitRatio": -0.4383561644,
        "researchAndDevelopmentExpenses": 0,
        "generalAndAdministrativeExpenses": 105000000,
        "sellingAndMarketingExpenses": 0,
        "sellingGeneralAndAdministrativeExpenses": 105000000,
        "otherExpenses": -337000000,
        "operatingExpenses": -232000000,
        "costAndExpenses": 337000000,
        "interestIncome": 0,
        "interestExpense": 72000000,
        "depreciationAndAmortization": 72000000,
        "ebitda": -120000000,
        "ebitdaratio": -1.6438356164,
        "operatingIncome": -264000000,
        "operatingIncomeRatio": -3.6164383562,
        "totalOtherIncomeExpensesNet": 12000000,
        "incomeBeforeTax": -264000000,
        "incomeBeforeTaxRatio": -3.6164383562,
        "incomeTaxExpense": -86000000,
        "netIncome": -178000000,
        "netIncomeRatio": -2.4383561644,
        "eps": -0.94,
        "epsdiluted": -0.94,
        "weightedAverageShsOut": 189163527,
        "weightedAverageShsOutDil": 189163527,
        "link": "https://www.sec.gov/Archives/edgar/data/814585/000119312513324357/0001193125-13-324357-index.htm",
        "finalLink": "https://www.sec.gov/Archives/edgar/data/814585/000119312513324357/d542340d10q.htm"
    },
    {
        "date": "2013-03-31",
        "symbol": "MBI",
        "reportedCurrency": "USD",
        "cik": "0000814585",
        "fillingDate": "2013-05-09",
        "acceptedDate": "2013-05-09 16:48:37",
        "calendarYear": "2013",
        "period": "Q1",
        "revenue": 215000000,
        "costOfRevenue": 110000000,
        "grossProfit": 105000000,
        "grossProfitRatio": 0.488372093,
        "researchAndDevelopmentExpenses": 0,
        "generalAndAdministrativeExpenses": 110000000,
        "sellingAndMarketingExpenses": 0,
        "sellingGeneralAndAdministrativeExpenses": 110000000,
        "otherExpenses": 0,
        "operatingExpenses": 110000000,
        "costAndExpenses": 220000000,
        "interestIncome": 0,
        "interestExpense": 72000000,
        "depreciationAndAmortization": 72000000,
        "ebitda": 287000000,
        "ebitdaratio": 1.3348837209,
        "operatingIncome": 215000000,
        "operatingIncomeRatio": 1,
        "totalOtherIncomeExpensesNet": -50000000,
        "incomeBeforeTax": 215000000,
        "incomeBeforeTaxRatio": 1,
        "incomeTaxExpense": 51000000,
        "netIncome": 159000000,
        "netIncomeRatio": 0.7395348837,
        "eps": 0.84,
        "epsdiluted": 0.84,
        "weightedAverageShsOut": 189111170,
        "weightedAverageShsOutDil": 190219197,
        "link": "https://www.sec.gov/Archives/edgar/data/814585/000119312513211278/0001193125-13-211278-index.htm",
        "finalLink": "https://www.sec.gov/Archives/edgar/data/814585/000119312513211278/d505588d10q.htm"
    },
    {
        "date": "2012-12-31",
        "symbol": "MBI",
        "reportedCurrency": "USD",
        "cik": "0000814585",
        "fillingDate": "2013-02-27",
        "acceptedDate": "2013-02-27 17:06:52",
        "calendarYear": "2012",
        "period": "Q4",
        "revenue": 732000000,
        "costOfRevenue": 0,
        "grossProfit": 732000000,
        "grossProfitRatio": 1,
        "researchAndDevelopmentExpenses": 0,
        "generalAndAdministrativeExpenses": 0,
        "sellingAndMarketingExpenses": 0,
        "sellingGeneralAndAdministrativeExpenses": 77000000,
        "otherExpenses": 30000000,
        "operatingExpenses": 107000000,
        "costAndExpenses": -107000000,
        "interestIncome": 0,
        "interestExpense": 82000000,
        "depreciationAndAmortization": 82000000,
        "ebitda": 921000000,
        "ebitdaratio": 1.2581967213,
        "operatingIncome": 839000000,
        "operatingIncomeRatio": 1.1461748634,
        "totalOtherIncomeExpensesNet": -67000000,
        "incomeBeforeTax": 839000000,
        "incomeBeforeTaxRatio": 1.1461748634,
        "incomeTaxExpense": 203000000,
        "netIncome": 636000000,
        "netIncomeRatio": 0.868852459,
        "eps": 3.27,
        "epsdiluted": 3.27,
        "weightedAverageShsOut": 194523933,
        "weightedAverageShsOutDil": 194523933,
        "link": "https://www.sec.gov/Archives/edgar/data/814585/000119312513080289/0001193125-13-080289-index.htm",
        "finalLink": "https://www.sec.gov/Archives/edgar/data/814585/000119312513080289/d449637d10k.htm"
    },
    {
        "date": "2012-09-30",
        "symbol": "MBI",
        "reportedCurrency": "USD",
        "cik": "0000814585",
        "fillingDate": "2012-11-07",
        "acceptedDate": "2012-11-07 16:45:18",
        "calendarYear": "2012",
        "period": "Q3",
        "revenue": 265000000,
        "costOfRevenue": 77000000,
        "grossProfit": 188000000,
        "grossProfitRatio": 0.7094339623,
        "researchAndDevelopmentExpenses": 0,
        "generalAndAdministrativeExpenses": 77000000,
        "sellingAndMarketingExpenses": 0,
        "sellingGeneralAndAdministrativeExpenses": 77000000,
        "otherExpenses": -322000000,
        "operatingExpenses": -245000000,
        "costAndExpenses": 322000000,
        "interestIncome": 0,
        "interestExpense": 82000000,
        "depreciationAndAmortization": 82000000,
        "ebitda": 25000000,
        "ebitdaratio": 0.0943396226,
        "operatingIncome": -57000000,
        "operatingIncomeRatio": -0.2150943396,
        "totalOtherIncomeExpensesNet": 0,
        "incomeBeforeTax": -57000000,
        "incomeBeforeTaxRatio": -0.2150943396,
        "incomeTaxExpense": -64000000,
        "netIncome": 7000000,
        "netIncomeRatio": 0.0264150943,
        "eps": 0.04,
        "epsdiluted": 0.04,
        "weightedAverageShsOut": 193879994,
        "weightedAverageShsOutDil": 194977642,
        "link": "https://www.sec.gov/Archives/edgar/data/814585/000119312512457609/0001193125-12-457609-index.htm",
        "finalLink": "https://www.sec.gov/Archives/edgar/data/814585/000119312512457609/d409334d10q.htm"
    },
    {
        "date": "2012-06-30",
        "symbol": "MBI",
        "reportedCurrency": "USD",
        "cik": "0000814585",
        "fillingDate": "2012-08-08",
        "acceptedDate": "2012-08-08 16:53:19",
        "calendarYear": "2012",
        "period": "Q2",
        "revenue": 1006000000,
        "costOfRevenue": 81000000,
        "grossProfit": 925000000,
        "grossProfitRatio": 0.9194831014,
        "researchAndDevelopmentExpenses": 0,
        "generalAndAdministrativeExpenses": 81000000,
        "sellingAndMarketingExpenses": 0,
        "sellingGeneralAndAdministrativeExpenses": 81000000,
        "otherExpenses": -211000000,
        "operatingExpenses": -130000000,
        "costAndExpenses": 211000000,
        "interestIncome": 0,
        "interestExpense": 86000000,
        "depreciationAndAmortization": 86000000,
        "ebitda": 881000000,
        "ebitdaratio": 0.8757455268,
        "operatingIncome": 795000000,
        "operatingIncomeRatio": 0.7902584493,
        "totalOtherIncomeExpensesNet": 0,
        "incomeBeforeTax": 795000000,
        "incomeBeforeTaxRatio": 0.7902584493,
        "incomeTaxExpense": 214000000,
        "netIncome": 581000000,
        "netIncomeRatio": 0.5775347913,
        "eps": 2.99,
        "epsdiluted": 2.98,
        "weightedAverageShsOut": 193926953,
        "weightedAverageShsOutDil": 194941233,
        "link": "https://www.sec.gov/Archives/edgar/data/814585/000119312512344232/0001193125-12-344232-index.htm",
        "finalLink": "https://www.sec.gov/Archives/edgar/data/814585/000119312512344232/d361617d10q.htm"
    },
    {
        "date": "2012-03-31",
        "symbol": "MBI",
        "reportedCurrency": "USD",
        "cik": "0000814585",
        "fillingDate": "2012-05-10",
        "acceptedDate": "2012-05-10 16:16:18",
        "calendarYear": "2012",
        "period": "Q1",
        "revenue": 383000000,
        "costOfRevenue": 164000000,
        "grossProfit": 219000000,
        "grossProfitRatio": 0.5718015666,
        "researchAndDevelopmentExpenses": 0,
        "generalAndAdministrativeExpenses": 164000000,
        "sellingAndMarketingExpenses": 0,
        "sellingGeneralAndAdministrativeExpenses": 164000000,
        "otherExpenses": -362000000,
        "operatingExpenses": -198000000,
        "costAndExpenses": 362000000,
        "interestIncome": 0,
        "interestExpense": 88000000,
        "depreciationAndAmortization": 6000000,
        "ebitda": 115000000,
        "ebitdaratio": 0.3002610966,
        "operatingIncome": 21000000,
        "operatingIncomeRatio": 0.0548302872,
        "totalOtherIncomeExpensesNet": 0,
        "incomeBeforeTax": 21000000,
        "incomeBeforeTaxRatio": 0.0548302872,
        "incomeTaxExpense": 11000000,
        "netIncome": 10000000,
        "netIncomeRatio": 0.0261096606,
        "eps": 0.05,
        "epsdiluted": 0.05,
        "weightedAverageShsOut": 193489424,
        "weightedAverageShsOutDil": 194594974,
        "link": "https://www.sec.gov/Archives/edgar/data/814585/000119312512225569/0001193125-12-225569-index.htm",
        "finalLink": "https://www.sec.gov/Archives/edgar/data/814585/000119312512225569/d318888d10q.htm"
    },
    {
        "date": "2011-12-31",
        "symbol": "MBI",
        "reportedCurrency": "USD",
        "cik": "0000814585",
        "fillingDate": "2012-02-29",
        "acceptedDate": "2012-02-29 16:55:33",
        "calendarYear": "2011",
        "period": "Q4",
        "revenue": -1167000000,
        "costOfRevenue": 1167000000,
        "grossProfit": -2334000000,
        "grossProfitRatio": 2,
        "researchAndDevelopmentExpenses": 0,
        "generalAndAdministrativeExpenses": 0,
        "sellingAndMarketingExpenses": 0,
        "sellingGeneralAndAdministrativeExpenses": 87000000,
        "otherExpenses": 98000000,
        "operatingExpenses": 185000000,
        "costAndExpenses": -93000000,
        "interestIncome": 0,
        "interestExpense": 92000000,
        "depreciationAndAmortization": 0,
        "ebitda": 0,
        "ebitdaratio": 0,
        "operatingIncome": -982000000,
        "operatingIncomeRatio": 0.8414738646,
        "totalOtherIncomeExpensesNet": -1074000000,
        "incomeBeforeTax": -1074000000,
        "incomeBeforeTaxRatio": 0.9203084833,
        "incomeTaxExpense": -448000000,
        "netIncome": -626000000,
        "netIncomeRatio": 0.5364181662,
        "eps": -3.24,
        "epsdiluted": -3.24,
        "weightedAverageShsOut": 193489424,
        "weightedAverageShsOutDil": 193489424,
        "link": "https://www.sec.gov/Archives/edgar/data/814585/000119312512089406/0001193125-12-089406-index.htm",
        "finalLink": "https://www.sec.gov/Archives/edgar/data/814585/000119312512089406/d263225d10k.htm"
    },
    {
        "date": "2011-09-30",
        "symbol": "MBI",
        "reportedCurrency": "USD",
        "cik": "0000814585",
        "fillingDate": "2011-11-09",
        "acceptedDate": "2011-11-09 17:13:33",
        "calendarYear": "2011",
        "period": "Q3",
        "revenue": 1105000000,
        "costOfRevenue": 83000000,
        "grossProfit": 1022000000,
        "grossProfitRatio": 0.9248868778,
        "researchAndDevelopmentExpenses": 0,
        "generalAndAdministrativeExpenses": 0,
        "sellingAndMarketingExpenses": 0,
        "sellingGeneralAndAdministrativeExpenses": 83000000,
        "otherExpenses": -360000000,
        "operatingExpenses": -277000000,
        "costAndExpenses": 360000000,
        "interestIncome": 0,
        "interestExpense": 90000000,
        "depreciationAndAmortization": 90000000,
        "ebitda": 835000000,
        "ebitdaratio": 0.7556561086,
        "operatingIncome": 745000000,
        "operatingIncomeRatio": 0.6742081448,
        "totalOtherIncomeExpensesNet": 0,
        "incomeBeforeTax": 745000000,
        "incomeBeforeTaxRatio": 0.6742081448,
        "incomeTaxExpense": 301000000,
        "netIncome": 444000000,
        "netIncomeRatio": 0.4018099548,
        "eps": 2.27,
        "epsdiluted": 2.26,
        "weightedAverageShsOut": 195612615,
        "weightedAverageShsOutDil": 196347502,
        "link": "https://www.sec.gov/Archives/edgar/data/814585/000119312511304800/0001193125-11-304800-index.htm",
        "finalLink": "https://www.sec.gov/Archives/edgar/data/814585/000119312511304800/d231779d10q.htm"
    },
    {
        "date": "2011-06-30",
        "symbol": "MBI",
        "reportedCurrency": "USD",
        "cik": "0000814585",
        "fillingDate": "2011-08-09",
        "acceptedDate": "2011-08-09 17:02:30",
        "calendarYear": "2011",
        "period": "Q2",
        "revenue": 98000000,
        "costOfRevenue": 82000000,
        "grossProfit": 16000000,
        "grossProfitRatio": 0.1632653061,
        "researchAndDevelopmentExpenses": 0,
        "generalAndAdministrativeExpenses": 0,
        "sellingAndMarketingExpenses": 0,
        "sellingGeneralAndAdministrativeExpenses": 82000000,
        "otherExpenses": -245000000,
        "operatingExpenses": -163000000,
        "costAndExpenses": 245000000,
        "interestIncome": 0,
        "interestExpense": 90000000,
        "depreciationAndAmortization": 2118000,
        "ebitda": -54882000,
        "ebitdaratio": -0.5600204082,
        "operatingIncome": -147000000,
        "operatingIncomeRatio": -1.5,
        "totalOtherIncomeExpensesNet": 0,
        "incomeBeforeTax": -147000000,
        "incomeBeforeTaxRatio": -1.5,
        "incomeTaxExpense": -284000000,
        "netIncome": 137000000,
        "netIncomeRatio": 1.3979591837,
        "eps": 0.69,
        "epsdiluted": 0.68,
        "weightedAverageShsOut": 199295797,
        "weightedAverageShsOutDil": 200064679,
        "link": "https://www.sec.gov/Archives/edgar/data/814585/000119312511216693/0001193125-11-216693-index.htm",
        "finalLink": "https://www.sec.gov/Archives/edgar/data/814585/000119312511216693/d10q.htm"
    },
    {
        "date": "2011-03-31",
        "symbol": "MBI",
        "reportedCurrency": "USD",
        "cik": "0000814585",
        "fillingDate": "2011-05-10",
        "acceptedDate": "2011-05-10 17:09:05",
        "calendarYear": "2011",
        "period": "Q1",
        "revenue": -1633000000,
        "costOfRevenue": 86367159000,
        "grossProfit": -88000159000,
        "grossProfitRatio": 53.8886460502,
        "researchAndDevelopmentExpenses": 0,
        "generalAndAdministrativeExpenses": 0,
        "sellingAndMarketingExpenses": 0,
        "sellingGeneralAndAdministrativeExpenses": 84941000,
        "otherExpenses": 84726421000,
        "operatingExpenses": 84811362000,
        "costAndExpenses": 129638000,
        "interestIncome": 0,
        "interestExpense": 90229000,
        "depreciationAndAmortization": 1882000,
        "ebitda": -1671118000,
        "ebitdaratio": 1.0233423148,
        "operatingIncome": -1555797000,
        "operatingIncomeRatio": 0.9527232088,
        "totalOtherIncomeExpensesNet": 0,
        "incomeBeforeTax": -1555797000,
        "incomeBeforeTaxRatio": 0.9527232088,
        "incomeTaxExpense": -419037000,
        "netIncome": -1136760000,
        "netIncomeRatio": 0.696117575,
        "eps": -5.68,
        "epsdiluted": -5.68,
        "weightedAverageShsOut": 199972759,
        "weightedAverageShsOutDil": 199972759,
        "link": "https://www.sec.gov/Archives/edgar/data/814585/000119312511134398/0001193125-11-134398-index.htm",
        "finalLink": "https://www.sec.gov/Archives/edgar/data/814585/000119312511134398/d10q.htm"
    },
    {
        "date": "2010-12-31",
        "symbol": "MBI",
        "reportedCurrency": "USD",
        "cik": "0000814585",
        "fillingDate": "2011-03-01",
        "acceptedDate": "2011-03-01 17:16:37",
        "calendarYear": "2010",
        "period": "Q4",
        "revenue": 863906000,
        "costOfRevenue": 0,
        "grossProfit": 863906000,
        "grossProfitRatio": 1,
        "researchAndDevelopmentExpenses": 0,
        "generalAndAdministrativeExpenses": 0,
        "sellingAndMarketingExpenses": 0,
        "sellingGeneralAndAdministrativeExpenses": 91702000,
        "otherExpenses": -403259000,
        "operatingExpenses": -311557000,
        "costAndExpenses": 311557000,
        "interestIncome": 0,
        "interestExpense": 94154000,
        "depreciationAndAmortization": 1854000,
        "ebitda": 648357000,
        "ebitdaratio": 0.7504948455,
        "operatingIncome": 552349000,
        "operatingIncomeRatio": 0.6393623843,
        "totalOtherIncomeExpensesNet": 0,
        "incomeBeforeTax": 552349000,
        "incomeBeforeTaxRatio": 0.6393623843,
        "incomeTaxExpense": 101502000,
        "netIncome": 450847000,
        "netIncomeRatio": 0.521870435,
        "eps": 2.25,
        "epsdiluted": 2.25,
        "weightedAverageShsOut": 199965927,
        "weightedAverageShsOutDil": 199972759,
        "link": "https://www.sec.gov/Archives/edgar/data/814585/000119312511052366/0001193125-11-052366-index.htm",
        "finalLink": "https://www.sec.gov/Archives/edgar/data/814585/000119312511052366/d10k.htm"
    },
    {
        "date": "2010-09-30",
        "symbol": "MBI",
        "reportedCurrency": "USD",
        "cik": "0000814585",
        "fillingDate": "2010-11-09",
        "acceptedDate": "2010-11-09 16:53:00",
        "calendarYear": "2010",
        "period": "Q3",
        "revenue": -215000000,
        "costOfRevenue": 82318301000,
        "grossProfit": -82533301000,
        "grossProfitRatio": 383.8758186047,
        "researchAndDevelopmentExpenses": 0,
        "generalAndAdministrativeExpenses": 0,
        "sellingAndMarketingExpenses": 0,
        "sellingGeneralAndAdministrativeExpenses": 82127000,
        "otherExpenses": 81879540000,
        "operatingExpenses": 81961667000,
        "costAndExpenses": 165333000,
        "interestIncome": 0,
        "interestExpense": 97033000,
        "depreciationAndAmortization": 1878000,
        "ebitda": -257122000,
        "ebitdaratio": 1.1959162791,
        "operatingIncome": -356634000,
        "operatingIncomeRatio": 1.6587627907,
        "totalOtherIncomeExpensesNet": 634000,
        "incomeBeforeTax": -356634000,
        "incomeBeforeTaxRatio": 1.6587627907,
        "incomeTaxExpense": -143236000,
        "netIncome": -213398000,
        "netIncomeRatio": 0.9925488372,
        "eps": -1.06,
        "epsdiluted": -1.06,
        "weightedAverageShsOut": 200529483,
        "weightedAverageShsOutDil": 200529483,
        "link": "https://www.sec.gov/Archives/edgar/data/814585/000119312510254306/0001193125-10-254306-index.htm",
        "finalLink": "https://www.sec.gov/Archives/edgar/data/814585/000119312510254306/d10q.htm"
    },
    {
        "date": "2010-06-30",
        "symbol": "MBI",
        "reportedCurrency": "USD",
        "cik": "0000814585",
        "fillingDate": "2010-08-09",
        "acceptedDate": "2010-08-09 16:58:00",
        "calendarYear": "2010",
        "period": "Q2",
        "revenue": 2077562000,
        "costOfRevenue": 72733000000,
        "grossProfit": -70655438000,
        "grossProfitRatio": -34.0088228414,
        "researchAndDevelopmentExpenses": 0,
        "generalAndAdministrativeExpenses": 0,
        "sellingAndMarketingExpenses": 0,
        "sellingGeneralAndAdministrativeExpenses": 72733000,
        "otherExpenses": 72551188000,
        "operatingExpenses": 72623921000,
        "costAndExpenses": 109079000,
        "interestIncome": 0,
        "interestExpense": 94856000,
        "depreciationAndAmortization": 1932000,
        "ebitda": 2065271000,
        "ebitdaratio": 0.9940839311,
        "operatingIncome": 1968483000,
        "operatingIncomeRatio": 0.9474966331,
        "totalOtherIncomeExpensesNet": -483000,
        "incomeBeforeTax": 1968483000,
        "incomeBeforeTaxRatio": 0.9474966331,
        "incomeTaxExpense": 673167000,
        "netIncome": 1295000000,
        "netIncomeRatio": 0.6233267647,
        "eps": 6.34,
        "epsdiluted": 6.32,
        "weightedAverageShsOut": 204377833,
        "weightedAverageShsOutDil": 204921673,
        "link": "https://www.sec.gov/Archives/edgar/data/814585/000119312510183510/0001193125-10-183510-index.htm",
        "finalLink": "https://www.sec.gov/Archives/edgar/data/814585/000119312510183510/d10q.htm"
    },
    {
        "date": "2010-03-31",
        "symbol": "MBI",
        "reportedCurrency": "USD",
        "cik": "0000814585",
        "fillingDate": "2010-05-10",
        "acceptedDate": "2010-05-10 17:14:14",
        "calendarYear": "2010",
        "period": "Q1",
        "revenue": -1856367000,
        "costOfRevenue": 69777367000,
        "grossProfit": -71633734000,
        "grossProfitRatio": 38.5881315494,
        "researchAndDevelopmentExpenses": 0,
        "generalAndAdministrativeExpenses": 0,
        "sellingAndMarketingExpenses": 0,
        "sellingGeneralAndAdministrativeExpenses": 67921000,
        "otherExpenses": 67450020000,
        "operatingExpenses": 67517941000,
        "costAndExpenses": 403059000,
        "interestIncome": 0,
        "interestExpense": 97989000,
        "depreciationAndAmortization": 1928000,
        "ebitda": -2159509000,
        "ebitdaratio": 1.1632985288,
        "operatingIncome": -2259426000,
        "operatingIncomeRatio": 1.2171224763,
        "totalOtherIncomeExpensesNet": 0,
        "incomeBeforeTax": -2259426000,
        "incomeBeforeTaxRatio": 1.2171224763,
        "incomeTaxExpense": -779190000,
        "netIncome": -1480236000,
        "netIncomeRatio": 0.797383276,
        "eps": -7.22,
        "epsdiluted": -7.22,
        "weightedAverageShsOut": 204938455,
        "weightedAverageShsOutDil": 204938455,
        "link": "https://www.sec.gov/Archives/edgar/data/814585/000119312510114816/0001193125-10-114816-index.htm",
        "finalLink": "https://www.sec.gov/Archives/edgar/data/814585/000119312510114816/d10q.htm"
    },
    {
        "date": "2009-12-31",
        "symbol": "MBI",
        "reportedCurrency": "USD",
        "cik": "0000814585",
        "fillingDate": "2010-03-01",
        "acceptedDate": "2010-03-01 17:12:57",
        "calendarYear": "2009",
        "period": "Q4",
        "revenue": 652663000,
        "costOfRevenue": 0,
        "grossProfit": 652663000,
        "grossProfitRatio": 1,
        "researchAndDevelopmentExpenses": 0,
        "generalAndAdministrativeExpenses": 0,
        "sellingAndMarketingExpenses": 0,
        "sellingGeneralAndAdministrativeExpenses": 66629000,
        "otherExpenses": 30722603000,
        "operatingExpenses": 30473000000,
        "costAndExpenses": 857811000,
        "interestIncome": 0,
        "interestExpense": 115139000,
        "depreciationAndAmortization": 2134000,
        "ebitda": -87875000,
        "ebitdaratio": -0.1346406951,
        "operatingIncome": -205148000,
        "operatingIncomeRatio": -0.3143245442,
        "totalOtherIncomeExpensesNet": 0,
        "incomeBeforeTax": -205148000,
        "incomeBeforeTaxRatio": -0.3143245442,
        "incomeTaxExpense": 34921000,
        "netIncome": -240069000,
        "netIncomeRatio": -0.3678299521,
        "eps": -1.17,
        "epsdiluted": -1.17,
        "weightedAverageShsOut": 204938455,
        "weightedAverageShsOutDil": 204938455,
        "link": "https://www.sec.gov/Archives/edgar/data/814585/000119312510044879/0001193125-10-044879-index.htm",
        "finalLink": "https://www.sec.gov/Archives/edgar/data/814585/000119312510044879/d10k.htm"
    },
    {
        "date": "2009-09-30",
        "symbol": "MBI",
        "reportedCurrency": "USD",
        "cik": "0000814585",
        "fillingDate": "2009-11-09",
        "acceptedDate": "2009-11-09 17:03:22",
        "calendarYear": "2009",
        "period": "Q3",
        "revenue": -620158000,
        "costOfRevenue": 77113000000,
        "grossProfit": -77733158000,
        "grossProfitRatio": 125.3441187568,
        "researchAndDevelopmentExpenses": 0,
        "generalAndAdministrativeExpenses": 0,
        "sellingAndMarketingExpenses": 0,
        "sellingGeneralAndAdministrativeExpenses": 77113000,
        "otherExpenses": 76589982000,
        "operatingExpenses": 76667095000,
        "costAndExpenses": 445905000,
        "interestIncome": 0,
        "interestExpense": 110136000,
        "depreciationAndAmortization": 2817000,
        "ebitda": -953110000,
        "ebitdaratio": 1.5368825364,
        "operatingIncome": -1066063000,
        "operatingIncomeRatio": 1.7190183792,
        "totalOtherIncomeExpensesNet": 0,
        "incomeBeforeTax": -1066063000,
        "incomeBeforeTaxRatio": 1.7190183792,
        "incomeTaxExpense": -341530000,
        "netIncome": -724533000,
        "netIncomeRatio": 1.1683038838,
        "eps": -3.48,
        "epsdiluted": -3.48,
        "weightedAverageShsOut": 208219324,
        "weightedAverageShsOutDil": 208219324,
        "link": "https://www.sec.gov/Archives/edgar/data/814585/000119312509229550/0001193125-09-229550-index.htm",
        "finalLink": "https://www.sec.gov/Archives/edgar/data/814585/000119312509229550/d10q.htm"
    },
    {
        "date": "2009-06-30",
        "symbol": "MBI",
        "reportedCurrency": "USD",
        "cik": "0000814585",
        "fillingDate": "2009-08-06",
        "acceptedDate": "2009-08-06 06:16:17",
        "calendarYear": "2009",
        "period": "Q2",
        "revenue": 992102000,
        "costOfRevenue": 79951000000,
        "grossProfit": -78958898000,
        "grossProfitRatio": -79.5874799164,
        "researchAndDevelopmentExpenses": 0,
        "generalAndAdministrativeExpenses": 0,
        "sellingAndMarketingExpenses": 0,
        "sellingGeneralAndAdministrativeExpenses": 79951000,
        "otherExpenses": 79360230000,
        "operatingExpenses": 79440181000,
        "costAndExpenses": -510819000,
        "interestIncome": 0,
        "interestExpense": 112474000,
        "depreciationAndAmortization": 1877000,
        "ebitda": 1617272000,
        "ebitdaratio": 1.6301469002,
        "operatingIncome": 481283000,
        "operatingIncomeRatio": 0.4851144338,
        "totalOtherIncomeExpensesNet": 1021638000,
        "incomeBeforeTax": 1502921000,
        "incomeBeforeTaxRatio": 1.5148855662,
        "incomeTaxExpense": 604907000,
        "netIncome": 894743000,
        "netIncomeRatio": 0.9018659372,
        "eps": 4.3,
        "epsdiluted": 4.3,
        "weightedAverageShsOut": 208097729,
        "weightedAverageShsOutDil": 208097729,
        "link": "https://www.sec.gov/Archives/edgar/data/814585/000119312509166226/0001193125-09-166226-index.htm",
        "finalLink": "https://www.sec.gov/Archives/edgar/data/814585/000119312509166226/d10q.htm"
    },
    {
        "date": "2009-03-31",
        "symbol": "MBI",
        "reportedCurrency": "USD",
        "cik": "0000814585",
        "fillingDate": "2009-05-11",
        "acceptedDate": "2009-05-11 16:26:49",
        "calendarYear": "2009",
        "period": "Q1",
        "revenue": 1929414000,
        "costOfRevenue": 92539000000,
        "grossProfit": -90609586000,
        "grossProfitRatio": -46.9622310194,
        "researchAndDevelopmentExpenses": 0,
        "generalAndAdministrativeExpenses": 0,
        "sellingAndMarketingExpenses": 0,
        "sellingGeneralAndAdministrativeExpenses": 92539000,
        "otherExpenses": 91502218000,
        "operatingExpenses": 91594757000,
        "costAndExpenses": 944243000,
        "interestIncome": 0,
        "interestExpense": 137279000,
        "depreciationAndAmortization": 2365000,
        "ebitda": 1124815000,
        "ebitdaratio": 0.5829827087,
        "operatingIncome": 985171000,
        "operatingIncomeRatio": 0.5106063292,
        "totalOtherIncomeExpensesNet": 0,
        "incomeBeforeTax": 985171000,
        "incomeBeforeTaxRatio": 0.5106063292,
        "incomeTaxExpense": 284523000,
        "netIncome": 696706000,
        "netIncomeRatio": 0.3610972036,
        "eps": 3.34,
        "epsdiluted": 3.34,
        "weightedAverageShsOut": 208504957,
        "weightedAverageShsOutDil": 208504957,
        "link": "https://www.sec.gov/Archives/edgar/data/814585/000119312509107196/0001193125-09-107196-index.htm",
        "finalLink": "https://www.sec.gov/Archives/edgar/data/814585/000119312509107196/d10q.htm"
    },
    {
        "date": "2008-12-31",
        "symbol": "MBI",
        "reportedCurrency": "USD",
        "cik": "0000814585",
        "fillingDate": "2009-03-02",
        "acceptedDate": "2009-03-02 16:13:53",
        "calendarYear": "2008",
        "period": "Q4",
        "revenue": -1588699000,
        "costOfRevenue": 1588699000,
        "grossProfit": -3177398000,
        "grossProfitRatio": 2,
        "researchAndDevelopmentExpenses": 0,
        "generalAndAdministrativeExpenses": 0,
        "sellingAndMarketingExpenses": 0,
        "sellingGeneralAndAdministrativeExpenses": -95010000,
        "otherExpenses": 39262010000,
        "operatingExpenses": 39167000000,
        "costAndExpenses": 327616000,
        "interestIncome": 0,
        "interestExpense": 209016000,
        "depreciationAndAmortization": 2423000,
        "ebitda": -1704876000,
        "ebitdaratio": 1.0731271311,
        "operatingIncome": -1916315000,
        "operatingIncomeRatio": 1.2062165332,
        "totalOtherIncomeExpensesNet": 0,
        "incomeBeforeTax": -1916315000,
        "incomeBeforeTaxRatio": 1.2062165332,
        "incomeTaxExpense": -756474000,
        "netIncome": -1159841000,
        "netIncomeRatio": 0.7300571096,
        "eps": -5.56,
        "epsdiluted": -5.56,
        "weightedAverageShsOut": 208504957,
        "weightedAverageShsOutDil": 208504957,
        "link": "https://www.sec.gov/Archives/edgar/data/814585/000119312509042548/0001193125-09-042548-index.htm",
        "finalLink": "https://www.sec.gov/Archives/edgar/data/814585/000119312509042548/d10k.htm"
    },
    {
        "date": "2008-09-30",
        "symbol": "MBI",
        "reportedCurrency": "USD",
        "cik": "0000814585",
        "fillingDate": "2008-11-05",
        "acceptedDate": "2008-11-05 06:17:58",
        "calendarYear": "2008",
        "period": "Q3",
        "revenue": 319764000,
        "costOfRevenue": 95010000000,
        "grossProfit": -94690236000,
        "grossProfitRatio": -296.1253799677,
        "researchAndDevelopmentExpenses": 0,
        "generalAndAdministrativeExpenses": 0,
        "sellingAndMarketingExpenses": 0,
        "sellingGeneralAndAdministrativeExpenses": 95010000,
        "otherExpenses": 93548637000,
        "operatingExpenses": 93643647000,
        "costAndExpenses": 1366353000,
        "interestIncome": 0,
        "interestExpense": 264210000,
        "depreciationAndAmortization": 2342000,
        "ebitda": -780037000,
        "ebitdaratio": -2.4394146933,
        "operatingIncome": -1046589000,
        "operatingIncomeRatio": -3.2730044658,
        "totalOtherIncomeExpensesNet": 0,
        "incomeBeforeTax": -1046589000,
        "incomeBeforeTaxRatio": -3.2730044658,
        "incomeTaxExpense": -240111000,
        "netIncome": -806478000,
        "netIncomeRatio": -2.5221038016,
        "eps": -3.42,
        "epsdiluted": -3.42,
        "weightedAverageShsOut": 235706851,
        "weightedAverageShsOutDil": 235706851,
        "link": "https://www.sec.gov/Archives/edgar/data/814585/000119312508224959/0001193125-08-224959-index.htm",
        "finalLink": "https://www.sec.gov/Archives/edgar/data/814585/000119312508224959/d10q.htm"
    },
    {
        "date": "2008-06-30",
        "symbol": "MBI",
        "reportedCurrency": "USD",
        "cik": "0000814585",
        "fillingDate": "2008-08-08",
        "acceptedDate": "2008-08-08 06:11:39",
        "calendarYear": "2008",
        "period": "Q2",
        "revenue": 3289235000,
        "costOfRevenue": 66589000000,
        "grossProfit": -63299765000,
        "grossProfitRatio": -19.2445249427,
        "researchAndDevelopmentExpenses": 0,
        "generalAndAdministrativeExpenses": 0,
        "sellingAndMarketingExpenses": 0,
        "sellingGeneralAndAdministrativeExpenses": 66322000,
        "otherExpenses": 66235119000,
        "operatingExpenses": 66235119000,
        "costAndExpenses": 353881000,
        "interestIncome": 0,
        "interestExpense": 241971000,
        "depreciationAndAmortization": 32982000,
        "ebitda": 3210307000,
        "ebitdaratio": 0.9760041469,
        "operatingIncome": 2935354000,
        "operatingIncomeRatio": 0.8924123694,
        "totalOtherIncomeExpensesNet": 0,
        "incomeBeforeTax": 2935354000,
        "incomeBeforeTaxRatio": 0.8924123694,
        "incomeTaxExpense": 1234994000,
        "netIncome": 1700360000,
        "netIncomeRatio": 0.5169469497,
        "eps": 7.14,
        "epsdiluted": 7.14,
        "weightedAverageShsOut": 238152768,
        "weightedAverageShsOutDil": 238152768,
        "link": "https://www.sec.gov/Archives/edgar/data/814585/000119312508170851/0001193125-08-170851-index.htm",
        "finalLink": "https://www.sec.gov/Archives/edgar/data/814585/000119312508170851/d10q.htm"
    },
    {
        "date": "2008-03-31",
        "symbol": "MBI",
        "reportedCurrency": "USD",
        "cik": "0000814585",
        "fillingDate": "2008-05-12",
        "acceptedDate": "2008-05-12 06:20:14",
        "calendarYear": "2008",
        "period": "Q1",
        "revenue": -2942580000,
        "costOfRevenue": 66443120000,
        "grossProfit": -69385700000,
        "grossProfitRatio": 23.5798856786,
        "researchAndDevelopmentExpenses": 0,
        "generalAndAdministrativeExpenses": 0,
        "sellingAndMarketingExpenses": 0,
        "sellingGeneralAndAdministrativeExpenses": 63457000,
        "otherExpenses": 63120353000,
        "operatingExpenses": 63120353000,
        "costAndExpenses": 743717000,
        "interestIncome": 0,
        "interestExpense": 377070000,
        "depreciationAndAmortization": -28107000,
        "ebitda": -3350874000,
        "ebitdaratio": 1.1387537467,
        "operatingIncome": -3322767000,
        "operatingIncomeRatio": 1.1292019248,
        "totalOtherIncomeExpensesNet": -377070000,
        "incomeBeforeTax": -3699837000,
        "incomeBeforeTaxRatio": 1.2573445752,
        "incomeTaxExpense": -1293105000,
        "netIncome": -2406732000,
        "netIncomeRatio": 0.8178985788,
        "eps": -12.92,
        "epsdiluted": -12.92,
        "weightedAverageShsOut": 186319894,
        "weightedAverageShsOutDil": 186319894,
        "link": "https://www.sec.gov/Archives/edgar/data/814585/000119312508110580/0001193125-08-110580-index.htm",
        "finalLink": "https://www.sec.gov/Archives/edgar/data/814585/000119312508110580/d10q.htm"
    },
    {
        "date": "2007-12-31",
        "symbol": "MBI",
        "reportedCurrency": "USD",
        "cik": "0000814585",
        "fillingDate": "2008-02-29",
        "acceptedDate": "2008-02-29 06:45:52",
        "calendarYear": "2007",
        "period": "Q4",
        "revenue": -2233334000,
        "costOfRevenue": 2472206000,
        "grossProfit": -4705540000,
        "grossProfitRatio": 2.10695758,
        "researchAndDevelopmentExpenses": 0,
        "generalAndAdministrativeExpenses": 0,
        "sellingAndMarketingExpenses": 0,
        "sellingGeneralAndAdministrativeExpenses": 0,
        "otherExpenses": 1400522000,
        "operatingExpenses": 1400522000,
        "costAndExpenses": 1319593000,
        "interestIncome": 0,
        "interestExpense": 419744000,
        "depreciationAndAmortization": 2531000,
        "ebitda": -3130652000,
        "ebitdaratio": 1.4017840592,
        "operatingIncome": -3133183000,
        "operatingIncomeRatio": 1.4029173424,
        "totalOtherIncomeExpensesNet": -619891000,
        "incomeBeforeTax": -3552927000,
        "incomeBeforeTaxRatio": 1.5908623609,
        "incomeTaxExpense": -1257177000,
        "netIncome": -2295750000,
        "netIncomeRatio": 1.0279474543,
        "eps": -12.43,
        "epsdiluted": -18.34,
        "weightedAverageShsOut": 125187938,
        "weightedAverageShsOutDil": 125187938,
        "link": "https://www.sec.gov/Archives/edgar/data/814585/000119312508042602/0001193125-08-042602-index.htm",
        "finalLink": "https://www.sec.gov/Archives/edgar/data/814585/000119312508042602/d10k.htm"
    },
    {
        "date": "2007-09-30",
        "symbol": "MBI",
        "reportedCurrency": "USD",
        "cik": "0000814585",
        "fillingDate": "2007-11-09",
        "acceptedDate": "2007-11-09 14:40:04",
        "calendarYear": "2007",
        "period": "Q3",
        "revenue": 436405000,
        "costOfRevenue": 30517000000,
        "grossProfit": -30080595000,
        "grossProfitRatio": -68.9281630595,
        "researchAndDevelopmentExpenses": 0,
        "generalAndAdministrativeExpenses": 0,
        "sellingAndMarketingExpenses": 0,
        "sellingGeneralAndAdministrativeExpenses": 57260000,
        "otherExpenses": 0,
        "operatingExpenses": 30747000000,
        "costAndExpenses": 519228000,
        "interestIncome": 0,
        "interestExpense": 418487000,
        "depreciationAndAmortization": 2549000,
        "ebitda": 338213000,
        "ebitdaratio": 0.774997995,
        "operatingIncome": 335664000,
        "operatingIncomeRatio": 0.7691570903,
        "totalOtherIncomeExpensesNet": -418487000,
        "incomeBeforeTax": -82823000,
        "incomeBeforeTaxRatio": -0.1897847183,
        "incomeTaxExpense": -46183000,
        "netIncome": -36640000,
        "netIncomeRatio": -0.0839587081,
        "eps": -0.3,
        "epsdiluted": -0.3,
        "weightedAverageShsOut": 123705544,
        "weightedAverageShsOutDil": 123705544,
        "link": "https://www.sec.gov/Archives/edgar/data/814585/000119312507242154/0001193125-07-242154-index.htm",
        "finalLink": "https://www.sec.gov/Archives/edgar/data/814585/000119312507242154/d10q.htm"
    },
    {
        "date": "2007-06-30",
        "symbol": "MBI",
        "reportedCurrency": "USD",
        "cik": "0000814585",
        "fillingDate": "2007-08-08",
        "acceptedDate": "2007-08-08 11:36:20",
        "calendarYear": "2007",
        "period": "Q2",
        "revenue": 780124000,
        "costOfRevenue": 35043000,
        "grossProfit": 745081000,
        "grossProfitRatio": 0.955080218,
        "researchAndDevelopmentExpenses": 0,
        "generalAndAdministrativeExpenses": 0,
        "sellingAndMarketingExpenses": 0,
        "sellingGeneralAndAdministrativeExpenses": 0,
        "otherExpenses": 0,
        "operatingExpenses": 141606000,
        "costAndExpenses": 487107000,
        "interestIncome": 0,
        "interestExpense": 382407000,
        "depreciationAndAmortization": 2574000,
        "ebitda": 677998000,
        "ebitdaratio": 0.8690900421,
        "operatingIncome": 675424000,
        "operatingIncomeRatio": 0.8657905666,
        "totalOtherIncomeExpensesNet": 81186000,
        "incomeBeforeTax": 293017000,
        "incomeBeforeTaxRatio": 0.3756031092,
        "incomeTaxExpense": 81186000,
        "netIncome": 211831000,
        "netIncomeRatio": 0.271535038,
        "eps": 1.66,
        "epsdiluted": 1.61,
        "weightedAverageShsOut": 127386668,
        "weightedAverageShsOutDil": 131460764,
        "link": "https://www.sec.gov/Archives/edgar/data/814585/000119312507175023/0001193125-07-175023-index.htm",
        "finalLink": "https://www.sec.gov/Archives/edgar/data/814585/000119312507175023/d10q.htm"
    },
    {
        "date": "2007-03-31",
        "symbol": "MBI",
        "reportedCurrency": "USD",
        "cik": "0000814585",
        "fillingDate": "2007-05-04",
        "acceptedDate": "2007-05-04 15:29:54",
        "calendarYear": "2007",
        "period": "Q1",
        "revenue": 734251000,
        "costOfRevenue": 32569000000,
        "grossProfit": -31834749000,
        "grossProfitRatio": -43.3567662829,
        "researchAndDevelopmentExpenses": 0,
        "generalAndAdministrativeExpenses": 0,
        "sellingAndMarketingExpenses": 0,
        "sellingGeneralAndAdministrativeExpenses": 0,
        "otherExpenses": 0,
        "operatingExpenses": 138431000000,
        "costAndExpenses": 457210000,
        "interestIncome": 0,
        "interestExpense": 356410000,
        "depreciationAndAmortization": 2504000,
        "ebitda": 635955000,
        "ebitdaratio": 0.8661275231,
        "operatingIncome": 198611000000,
        "operatingIncomeRatio": 270.4946945935,
        "totalOtherIncomeExpensesNet": 78430000,
        "incomeBeforeTax": 277041000,
        "incomeBeforeTaxRatio": 0.3773110285,
        "incomeTaxExpense": 78430000,
        "netIncome": 198611000,
        "netIncomeRatio": 0.2704946946,
        "eps": 1.5,
        "epsdiluted": 1.46,
        "weightedAverageShsOut": 131972954,
        "weightedAverageShsOutDil": 136090503,
        "link": "https://www.sec.gov/Archives/edgar/data/814585/000119312507102764/0001193125-07-102764-index.htm",
        "finalLink": "https://www.sec.gov/Archives/edgar/data/814585/000119312507102764/d10q.htm"
    },
    {
        "date": "2006-12-31",
        "symbol": "MBI",
        "reportedCurrency": "USD",
        "cik": "0000814585",
        "fillingDate": "2007-03-01",
        "acceptedDate": "2007-02-28 21:31:32",
        "calendarYear": "2006",
        "period": "Q4",
        "revenue": 694987000,
        "costOfRevenue": 155863000,
        "grossProfit": 539124000,
        "grossProfitRatio": 0.7757324957,
        "researchAndDevelopmentExpenses": 0,
        "generalAndAdministrativeExpenses": 61744000,
        "sellingAndMarketingExpenses": 0,
        "sellingGeneralAndAdministrativeExpenses": -61744000,
        "otherExpenses": 566421000,
        "operatingExpenses": 504677000,
        "costAndExpenses": 446558000,
        "interestIncome": 0,
        "interestExpense": 336968000,
        "depreciationAndAmortization": -18752000,
        "ebitda": 566645000,
        "ebitdaratio": 0.8153317976,
        "operatingIncome": 585397000,
        "operatingIncomeRatio": 0.8423135972,
        "totalOtherIncomeExpensesNet": -336968000,
        "incomeBeforeTax": 248429000,
        "incomeBeforeTaxRatio": 0.3574584848,
        "incomeTaxExpense": 71225000,
        "netIncome": 180985000,
        "netIncomeRatio": 0.260414943,
        "eps": 1.37,
        "epsdiluted": 1.37,
        "weightedAverageShsOut": 131972954,
        "weightedAverageShsOutDil": 131972954,
        "link": "https://www.sec.gov/Archives/edgar/data/814585/000119312507043147/0001193125-07-043147-index.htm",
        "finalLink": "https://www.sec.gov/Archives/edgar/data/814585/000119312507043147/d10k.htm"
    },
    {
        "date": "2006-09-30",
        "symbol": "MBI",
        "reportedCurrency": "USD",
        "cik": "0000814585",
        "fillingDate": "2006-11-06",
        "acceptedDate": "2006-11-06 16:38:58",
        "calendarYear": "2006",
        "period": "Q3",
        "revenue": 711786000,
        "costOfRevenue": 37455000,
        "grossProfit": 674331000,
        "grossProfitRatio": 0.947378847,
        "researchAndDevelopmentExpenses": 0,
        "generalAndAdministrativeExpenses": 0,
        "sellingAndMarketingExpenses": 0,
        "sellingGeneralAndAdministrativeExpenses": 0,
        "otherExpenses": 0,
        "operatingExpenses": 139098000,
        "costAndExpenses": 405264000,
        "interestIncome": 0,
        "interestExpense": 306299000,
        "depreciationAndAmortization": 2675000,
        "ebitda": 616890000,
        "ebitdaratio": 0.8666790299,
        "operatingIncome": 612821000,
        "operatingIncomeRatio": 0.8609624241,
        "totalOtherIncomeExpensesNet": 89969000,
        "incomeBeforeTax": 306522000,
        "incomeBeforeTaxRatio": 0.4306378603,
        "incomeTaxExpense": 89969000,
        "netIncome": 217947000,
        "netIncomeRatio": 0.3061973683,
        "eps": 1.64,
        "epsdiluted": 1.59,
        "weightedAverageShsOut": 132794395,
        "weightedAverageShsOutDil": 136739403,
        "link": "https://www.sec.gov/Archives/edgar/data/814585/000119312506225202/0001193125-06-225202-index.htm",
        "finalLink": "https://www.sec.gov/Archives/edgar/data/814585/000119312506225202/d10q.htm"
    },
    {
        "date": "2006-06-30",
        "symbol": "MBI",
        "reportedCurrency": "USD",
        "cik": "0000814585",
        "fillingDate": "2006-08-04",
        "acceptedDate": "2006-08-04 12:15:03",
        "calendarYear": "2006",
        "period": "Q2",
        "revenue": 693694000,
        "costOfRevenue": 35889000,
        "grossProfit": 657805000,
        "grossProfitRatio": 0.9482639319,
        "researchAndDevelopmentExpenses": 0,
        "generalAndAdministrativeExpenses": 0,
        "sellingAndMarketingExpenses": 0,
        "sellingGeneralAndAdministrativeExpenses": 0,
        "otherExpenses": -63559000,
        "operatingExpenses": -63559000,
        "costAndExpenses": 388325000,
        "interestIncome": 0,
        "interestExpense": 288877000,
        "depreciationAndAmortization": 3487000,
        "ebitda": 597733000,
        "ebitdaratio": 0.8616666715,
        "operatingIncome": 594246000,
        "operatingIncomeRatio": 0.8566399594,
        "totalOtherIncomeExpensesNet": -291185000,
        "incomeBeforeTax": 305369000,
        "incomeBeforeTaxRatio": 0.4402070654,
        "incomeTaxExpense": 84007000,
        "netIncome": 221362000,
        "netIncomeRatio": 0.3191061188,
        "eps": 1.67,
        "epsdiluted": 1.62,
        "weightedAverageShsOut": 132765468,
        "weightedAverageShsOutDil": 136634382,
        "link": "https://www.sec.gov/Archives/edgar/data/814585/000119312506162036/0001193125-06-162036-index.htm",
        "finalLink": "https://www.sec.gov/Archives/edgar/data/814585/000119312506162036/d10q.htm"
    },
    {
        "date": "2006-03-31",
        "symbol": "MBI",
        "reportedCurrency": "USD",
        "cik": "0000814585",
        "fillingDate": "2006-05-08",
        "acceptedDate": "2006-05-08 17:02:31",
        "calendarYear": "2006",
        "period": "Q1",
        "revenue": 622444000,
        "costOfRevenue": 36727000000,
        "grossProfit": -36104556000,
        "grossProfitRatio": -58.0045048229,
        "researchAndDevelopmentExpenses": 0,
        "generalAndAdministrativeExpenses": 61744000,
        "sellingAndMarketingExpenses": 0,
        "sellingGeneralAndAdministrativeExpenses": 61744000,
        "otherExpenses": 36567120000,
        "operatingExpenses": 36628864000,
        "costAndExpenses": 347932000,
        "interestIncome": 0,
        "interestExpense": 249796000,
        "depreciationAndAmortization": 3161000,
        "ebitda": 527469000,
        "ebitdaratio": 0.8474159924,
        "operatingIncome": 524308000,
        "operatingIncomeRatio": 0.8423376239,
        "totalOtherIncomeExpensesNet": -251058000,
        "incomeBeforeTax": 274512000,
        "incomeBeforeTaxRatio": 0.4410228069,
        "incomeTaxExpense": 75518000,
        "netIncome": 198994000,
        "netIncomeRatio": 0.3196978363,
        "eps": 1.5,
        "epsdiluted": 1.46,
        "weightedAverageShsOut": 132717298,
        "weightedAverageShsOutDil": 136547417,
        "link": "https://www.sec.gov/Archives/edgar/data/814585/000119312506103655/0001193125-06-103655-index.htm",
        "finalLink": "https://www.sec.gov/Archives/edgar/data/814585/000119312506103655/d10q.htm"
    },
    {
        "date": "2005-12-31",
        "symbol": "MBI",
        "reportedCurrency": "USD",
        "cik": "0000814585",
        "fillingDate": "2006-03-08",
        "acceptedDate": "2006-03-08 16:07:58",
        "calendarYear": "2005",
        "period": "Q4",
        "revenue": 599854000,
        "costOfRevenue": 143378000,
        "grossProfit": 456476000,
        "grossProfitRatio": 0.7609785048,
        "researchAndDevelopmentExpenses": 0,
        "generalAndAdministrativeExpenses": 0,
        "sellingAndMarketingExpenses": 0,
        "sellingGeneralAndAdministrativeExpenses": 0,
        "otherExpenses": 494866000,
        "operatingExpenses": 494866000,
        "costAndExpenses": 340920000,
        "interestIncome": 0,
        "interestExpense": 229219000,
        "depreciationAndAmortization": 2961000,
        "ebitda": 491114000,
        "ebitdaratio": 0.8187225558,
        "operatingIncome": 379849000,
        "operatingIncomeRatio": 0.633235754,
        "totalOtherIncomeExpensesNet": -120915000,
        "incomeBeforeTax": 258934000,
        "incomeBeforeTaxRatio": 0.4316617043,
        "incomeTaxExpense": 76213000,
        "netIncome": 182721000,
        "netIncomeRatio": 0.3046091216,
        "eps": 1.38,
        "epsdiluted": 1.38,
        "weightedAverageShsOut": 132624750,
        "weightedAverageShsOutDil": 132717298,
        "link": "https://www.sec.gov/Archives/edgar/data/814585/000119312506048353/0001193125-06-048353-index.htm",
        "finalLink": "https://www.sec.gov/Archives/edgar/data/814585/000119312506048353/d10k.htm"
    },
    {
        "date": "2005-09-30",
        "symbol": "MBI",
        "reportedCurrency": "USD",
        "cik": "0000814585",
        "fillingDate": "2005-11-14",
        "acceptedDate": "2005-11-14 16:07:07",
        "calendarYear": "2005",
        "period": "Q3",
        "revenue": 608818000,
        "costOfRevenue": 39893000,
        "grossProfit": 568925000,
        "grossProfitRatio": 0.9344746706,
        "researchAndDevelopmentExpenses": 0,
        "generalAndAdministrativeExpenses": 0,
        "sellingAndMarketingExpenses": 0,
        "sellingGeneralAndAdministrativeExpenses": 0,
        "otherExpenses": 0,
        "operatingExpenses": 148225000,
        "costAndExpenses": 388340000,
        "interestIncome": 0,
        "interestExpense": 206477000,
        "depreciationAndAmortization": 2373000,
        "ebitda": 142877000,
        "ebitdaratio": 0.2346793295,
        "operatingIncome": 142877000,
        "operatingIncomeRatio": 0.2346793295,
        "totalOtherIncomeExpensesNet": 77601000,
        "incomeBeforeTax": 220478000,
        "incomeBeforeTaxRatio": 0.3621410668,
        "incomeTaxExpense": 77601000,
        "netIncome": 141784000,
        "netIncomeRatio": 0.2328840474,
        "eps": 1.07,
        "epsdiluted": 1.04,
        "weightedAverageShsOut": 132622848,
        "weightedAverageShsOutDil": 135822330,
        "link": "https://www.sec.gov/Archives/edgar/data/814585/000119312505225796/0001193125-05-225796-index.htm",
        "finalLink": "https://www.sec.gov/Archives/edgar/data/814585/000119312505225796/d10q.htm"
    },
    {
        "date": "2005-06-30",
        "symbol": "MBI",
        "reportedCurrency": "USD",
        "cik": "0000814585",
        "fillingDate": "2005-08-09",
        "acceptedDate": "2005-08-09 14:50:14",
        "calendarYear": "2005",
        "period": "Q2",
        "revenue": 552151000,
        "costOfRevenue": 32268000,
        "grossProfit": 519883000,
        "grossProfitRatio": 0.9415594647,
        "researchAndDevelopmentExpenses": 0,
        "generalAndAdministrativeExpenses": 0,
        "sellingAndMarketingExpenses": 0,
        "sellingGeneralAndAdministrativeExpenses": 0,
        "otherExpenses": 0,
        "operatingExpenses": 119406000,
        "costAndExpenses": 290839000,
        "interestIncome": 0,
        "interestExpense": 189204000,
        "depreciationAndAmortization": 3415000,
        "ebitda": 187590000,
        "ebitdaratio": 0.3397440193,
        "operatingIncome": 450516000,
        "operatingIncomeRatio": 0.815928976,
        "totalOtherIncomeExpensesNet": 73722000,
        "incomeBeforeTax": 261312000,
        "incomeBeforeTaxRatio": 0.4732618432,
        "incomeTaxExpense": 73722000,
        "netIncome": 173674000,
        "netIncomeRatio": 0.3145407687,
        "eps": 1.3,
        "epsdiluted": 1.27,
        "weightedAverageShsOut": 133938175,
        "weightedAverageShsOutDil": 136886153,
        "link": "https://www.sec.gov/Archives/edgar/data/814585/000119312505162410/0001193125-05-162410-index.htm",
        "finalLink": "https://www.sec.gov/Archives/edgar/data/814585/000119312505162410/d10q.htm"
    },
    {
        "date": "2005-03-31",
        "symbol": "MBI",
        "reportedCurrency": "USD",
        "cik": "0000814585",
        "fillingDate": "2005-05-10",
        "acceptedDate": "2005-05-10 16:34:02",
        "calendarYear": "2005",
        "period": "Q1",
        "revenue": 538452000,
        "costOfRevenue": 29166000,
        "grossProfit": 509286000,
        "grossProfitRatio": 0.9458336119,
        "researchAndDevelopmentExpenses": 0,
        "generalAndAdministrativeExpenses": 52629000,
        "sellingAndMarketingExpenses": 0,
        "sellingGeneralAndAdministrativeExpenses": 52629000,
        "otherExpenses": 0,
        "operatingExpenses": 96275000,
        "costAndExpenses": 260746000,
        "interestIncome": 0,
        "interestExpense": 171439000,
        "depreciationAndAmortization": 3568000,
        "ebitda": 200504000,
        "ebitdaratio": 0.3723711677,
        "operatingIncome": 449145000,
        "operatingIncomeRatio": 0.8341412048,
        "totalOtherIncomeExpensesNet": 77202000,
        "incomeBeforeTax": 277706000,
        "incomeBeforeTaxRatio": 0.5157488504,
        "incomeTaxExpense": 77202000,
        "netIncome": 212807000,
        "netIncomeRatio": 0.395220001,
        "eps": 1.55,
        "epsdiluted": 1.52,
        "weightedAverageShsOut": 137258739,
        "weightedAverageShsOutDil": 140442217,
        "link": "https://www.sec.gov/Archives/edgar/data/814585/000119312505102852/0001193125-05-102852-index.htm",
        "finalLink": "https://www.sec.gov/Archives/edgar/data/814585/000119312505102852/d10q.htm"
    },
    {
        "date": "2004-12-31",
        "symbol": "MBI",
        "reportedCurrency": "USD",
        "cik": "0000814585",
        "fillingDate": "2005-03-16",
        "acceptedDate": "2005-03-16 15:41:23",
        "calendarYear": "2004",
        "period": "Q4",
        "revenue": 531885000,
        "costOfRevenue": 116413000,
        "grossProfit": 415472000,
        "grossProfitRatio": 0.7811312596,
        "researchAndDevelopmentExpenses": 0,
        "generalAndAdministrativeExpenses": 0,
        "sellingAndMarketingExpenses": 0,
        "sellingGeneralAndAdministrativeExpenses": 0,
        "otherExpenses": 494251000,
        "operatingExpenses": 494251000,
        "costAndExpenses": 247267000,
        "interestIncome": 0,
        "interestExpense": 145019000,
        "depreciationAndAmortization": 3700000,
        "ebitda": 433216000,
        "ebitdaratio": 0.8144918544,
        "operatingIncome": 429637000,
        "operatingIncomeRatio": 0.8077629563,
        "totalOtherIncomeExpensesNet": 278220000,
        "incomeBeforeTax": 284618000,
        "incomeBeforeTaxRatio": 0.5351119133,
        "incomeTaxExpense": 79957000,
        "netIncome": 204540000,
        "netIncomeRatio": 0.3845568121,
        "eps": 1.49,
        "epsdiluted": 1.49,
        "weightedAverageShsOut": 137258739,
        "weightedAverageShsOutDil": 137258739,
        "link": "https://www.sec.gov/Archives/edgar/data/814585/000119312505052662/0001193125-05-052662-index.htm",
        "finalLink": "https://www.sec.gov/Archives/edgar/data/814585/000119312505052662/d10k.htm"
    },
    {
        "date": "2004-09-30",
        "symbol": "MBI",
        "reportedCurrency": "USD",
        "cik": "0000814585",
        "fillingDate": "2004-11-05",
        "acceptedDate": "2004-11-05 16:15:51",
        "calendarYear": "2004",
        "period": "Q3",
        "revenue": 476188000,
        "costOfRevenue": 26485000,
        "grossProfit": 449703000,
        "grossProfitRatio": 0.9443812108,
        "researchAndDevelopmentExpenses": 0,
        "generalAndAdministrativeExpenses": 0,
        "sellingAndMarketingExpenses": 0,
        "sellingGeneralAndAdministrativeExpenses": 0,
        "otherExpenses": 0,
        "operatingExpenses": 112765000,
        "costAndExpenses": 218205000,
        "interestIncome": 0,
        "interestExpense": 124229000,
        "depreciationAndAmortization": 3535000,
        "ebitda": 186046000,
        "ebitdaratio": 0.3906986316,
        "operatingIncome": 186046000,
        "operatingIncomeRatio": 0.3906986316,
        "totalOtherIncomeExpensesNet": 71937000,
        "incomeBeforeTax": 257983000,
        "incomeBeforeTaxRatio": 0.5417671172,
        "incomeTaxExpense": 71937000,
        "netIncome": 183211000,
        "netIncomeRatio": 0.3847451007,
        "eps": 1.3,
        "epsdiluted": 1.27,
        "weightedAverageShsOut": 141408855,
        "weightedAverageShsOutDil": 144125409,
        "link": "https://www.sec.gov/Archives/edgar/data/814585/000119312504187914/0001193125-04-187914-index.htm",
        "finalLink": "https://www.sec.gov/Archives/edgar/data/814585/000119312504187914/d10q.htm"
    },
    {
        "date": "2004-06-30",
        "symbol": "MBI",
        "reportedCurrency": "USD",
        "cik": "0000814585",
        "fillingDate": "2004-08-06",
        "acceptedDate": "2004-08-06 14:47:27",
        "calendarYear": "2004",
        "period": "Q2",
        "revenue": 502174000,
        "costOfRevenue": 28931000,
        "grossProfit": 473243000,
        "grossProfitRatio": 0.9423884948,
        "researchAndDevelopmentExpenses": 0,
        "generalAndAdministrativeExpenses": 0,
        "sellingAndMarketingExpenses": 0,
        "sellingGeneralAndAdministrativeExpenses": 0,
        "otherExpenses": 0,
        "operatingExpenses": 97014000,
        "costAndExpenses": 204385000,
        "interestIncome": 0,
        "interestExpense": 110209000,
        "depreciationAndAmortization": 3451000,
        "ebitda": 414117000,
        "ebitdaratio": 0.8246484286,
        "operatingIncome": 407998000,
        "operatingIncomeRatio": 0.8124634091,
        "totalOtherIncomeExpensesNet": 83388000,
        "incomeBeforeTax": 297789000,
        "incomeBeforeTaxRatio": 0.5929996376,
        "incomeTaxExpense": 83388000,
        "netIncome": 218383000,
        "netIncomeRatio": 0.4348751628,
        "eps": 1.52,
        "epsdiluted": 1.49,
        "weightedAverageShsOut": 143454174,
        "weightedAverageShsOutDil": 146289467,
        "link": "https://www.sec.gov/Archives/edgar/data/814585/000119312504134192/0001193125-04-134192-index.htm",
        "finalLink": "https://www.sec.gov/Archives/edgar/data/814585/000119312504134192/d10q.htm"
    },
    {
        "date": "2004-03-31",
        "symbol": "MBI",
        "reportedCurrency": "USD",
        "cik": "0000814585",
        "fillingDate": "2004-05-07",
        "acceptedDate": "2004-05-07 17:01:00",
        "calendarYear": "2004",
        "period": "Q1",
        "revenue": 490655000,
        "costOfRevenue": 27172000,
        "grossProfit": 463483000,
        "grossProfitRatio": 0.9446209659,
        "researchAndDevelopmentExpenses": 0,
        "generalAndAdministrativeExpenses": 0,
        "sellingAndMarketingExpenses": 0,
        "sellingGeneralAndAdministrativeExpenses": 0,
        "otherExpenses": 0,
        "operatingExpenses": 92736000,
        "costAndExpenses": 201132000,
        "interestIncome": 0,
        "interestExpense": 108809000,
        "depreciationAndAmortization": 3218000,
        "ebitda": 207620000,
        "ebitdaratio": 0.4231486482,
        "operatingIncome": 398332000,
        "operatingIncomeRatio": 0.811837238,
        "totalOtherIncomeExpensesNet": 81903000,
        "incomeBeforeTax": 289523000,
        "incomeBeforeTaxRatio": 0.5900744923,
        "incomeTaxExpense": 81903000,
        "netIncome": 208617000,
        "netIncomeRatio": 0.4251806259,
        "eps": 1.45,
        "epsdiluted": 1.42,
        "weightedAverageShsOut": 143608056,
        "weightedAverageShsOutDil": 146647142,
        "link": "https://www.sec.gov/Archives/edgar/data/814585/000119312504082236/0001193125-04-082236-index.htm",
        "finalLink": "https://www.sec.gov/Archives/edgar/data/814585/000119312504082236/d10q.htm"
    },
    {
        "date": "2003-12-31",
        "symbol": "MBI",
        "reportedCurrency": "USD",
        "cik": "0000814585",
        "fillingDate": "2004-03-12",
        "acceptedDate": "2004-03-11 21:37:13",
        "calendarYear": "2003",
        "period": "Q4",
        "revenue": 679022000,
        "costOfRevenue": -991696000,
        "grossProfit": 1670718000,
        "grossProfitRatio": 2.4604769801,
        "researchAndDevelopmentExpenses": 0,
        "generalAndAdministrativeExpenses": 0,
        "sellingAndMarketingExpenses": 0,
        "sellingGeneralAndAdministrativeExpenses": 0,
        "otherExpenses": 780147000,
        "operatingExpenses": 780147000,
        "costAndExpenses": 418659000,
        "interestIncome": 0,
        "interestExpense": 319728000,
        "depreciationAndAmortization": 579000,
        "ebitda": 580670000,
        "ebitdaratio": 0.8551563867,
        "operatingIncome": 580091000,
        "operatingIncomeRatio": 0.8543036897,
        "totalOtherIncomeExpensesNet": 547724000,
        "incomeBeforeTax": 260363000,
        "incomeBeforeTaxRatio": 0.3834382391,
        "incomeTaxExpense": 78343000,
        "netIncome": 182020000,
        "netIncomeRatio": 0.2680620068,
        "eps": 1.27,
        "epsdiluted": 1.27,
        "weightedAverageShsOut": 143490500,
        "weightedAverageShsOutDil": 143608056,
        "link": "https://www.sec.gov/Archives/edgar/data/814585/000119312504039476/0001193125-04-039476-index.htm",
        "finalLink": "https://www.sec.gov/Archives/edgar/data/814585/000119312504039476/d10k.htm"
    },
    {
        "date": "2003-09-30",
        "symbol": "MBI",
        "reportedCurrency": "USD",
        "cik": "0000814585",
        "fillingDate": "2003-11-13",
        "acceptedDate": "2003-11-13 17:23:10",
        "calendarYear": "2003",
        "period": "Q3",
        "revenue": 370578000,
        "costOfRevenue": 24315000000,
        "grossProfit": -23944422000,
        "grossProfitRatio": -64.6137169503,
        "researchAndDevelopmentExpenses": 0,
        "generalAndAdministrativeExpenses": 0,
        "sellingAndMarketingExpenses": 0,
        "sellingGeneralAndAdministrativeExpenses": 0,
        "otherExpenses": 24231783000,
        "operatingExpenses": 24231783000,
        "costAndExpenses": 100200000,
        "interestIncome": 0,
        "interestExpense": 16983000,
        "depreciationAndAmortization": 3526000,
        "ebitda": 363070000,
        "ebitdaratio": 0.9797397579,
        "operatingIncome": 287361000,
        "operatingIncomeRatio": 0.7754399883,
        "totalOtherIncomeExpensesNet": -18388000,
        "incomeBeforeTax": 270378000,
        "incomeBeforeTaxRatio": 0.7296115797,
        "incomeTaxExpense": 79993000,
        "netIncome": 190385000,
        "netIncomeRatio": 0.5137514909,
        "eps": 1.33,
        "epsdiluted": 1.31,
        "weightedAverageShsOut": 143256514,
        "weightedAverageShsOutDil": 145119028,
        "link": "https://www.sec.gov/Archives/edgar/data/814585/000119312503080359/0001193125-03-080359-index.htm",
        "finalLink": "https://www.sec.gov/Archives/edgar/data/814585/000119312503080359/d10q.htm"
    },
    {
        "date": "2003-06-30",
        "symbol": "MBI",
        "reportedCurrency": "USD",
        "cik": "0000814585",
        "fillingDate": "2003-08-14",
        "acceptedDate": "2003-08-14 12:19:13",
        "calendarYear": "2003",
        "period": "Q2",
        "revenue": 410690000,
        "costOfRevenue": 29318000000,
        "grossProfit": -28907310000,
        "grossProfitRatio": -70.3871776766,
        "researchAndDevelopmentExpenses": 0,
        "generalAndAdministrativeExpenses": 0,
        "sellingAndMarketingExpenses": 0,
        "sellingGeneralAndAdministrativeExpenses": 0,
        "otherExpenses": 29228921000,
        "operatingExpenses": 29228921000,
        "costAndExpenses": 106011000,
        "interestIncome": 0,
        "interestExpense": 16932000,
        "depreciationAndAmortization": 3786000,
        "ebitda": 393869000,
        "ebitdaratio": 0.9590420999,
        "operatingIncome": 321611000,
        "operatingIncomeRatio": 0.7830991746,
        "totalOtherIncomeExpensesNet": -17821000,
        "incomeBeforeTax": 304679000,
        "incomeBeforeTaxRatio": 0.7418709976,
        "incomeTaxExpense": 86825000,
        "netIncome": 217854000,
        "netIncomeRatio": 0.5304584967,
        "eps": 1.52,
        "epsdiluted": 1.51,
        "weightedAverageShsOut": 143132545,
        "weightedAverageShsOutDil": 144628641,
        "link": "https://www.sec.gov/Archives/edgar/data/814585/000119312503037432/0001193125-03-037432-index.htm",
        "finalLink": "https://www.sec.gov/Archives/edgar/data/814585/000119312503037432/d10q.htm"
    },
    {
        "date": "2003-03-31",
        "symbol": "MBI",
        "reportedCurrency": "USD",
        "cik": "0000814585",
        "fillingDate": "2003-05-15",
        "acceptedDate": "2003-05-15 12:55:23",
        "calendarYear": "2003",
        "period": "Q1",
        "revenue": 318558000,
        "costOfRevenue": 23643000000,
        "grossProfit": -23324442000,
        "grossProfitRatio": -73.2188235737,
        "researchAndDevelopmentExpenses": 0,
        "generalAndAdministrativeExpenses": 0,
        "sellingAndMarketingExpenses": 0,
        "sellingGeneralAndAdministrativeExpenses": 0,
        "otherExpenses": 23654611000,
        "operatingExpenses": 23654611000,
        "costAndExpenses": 5338000,
        "interestIncome": 0,
        "interestExpense": 16949000,
        "depreciationAndAmortization": 3592000,
        "ebitda": 402884000,
        "ebitdaratio": 1.2647116067,
        "operatingIncome": 330169000,
        "operatingIncomeRatio": 1.0364486216,
        "totalOtherIncomeExpensesNet": -17851000,
        "incomeBeforeTax": 313220000,
        "incomeBeforeTaxRatio": 0.9832432398,
        "incomeTaxExpense": 89894000,
        "netIncome": 223326000,
        "netIncomeRatio": 0.7010528695,
        "eps": 1.55,
        "epsdiluted": 1.54,
        "weightedAverageShsOut": 144042116,
        "weightedAverageShsOutDil": 145357445,
        "link": "https://www.sec.gov/Archives/edgar/data/814585/000119312503005600/0001193125-03-005600-index.htm",
        "finalLink": "https://www.sec.gov/Archives/edgar/data/814585/000119312503005600/d10q.htm"
    },
    {
        "date": "2002-12-31",
        "symbol": "MBI",
        "reportedCurrency": "USD",
        "cik": "0000814585",
        "fillingDate": "2003-03-31",
        "acceptedDate": "2003-03-31 08:46:15",
        "calendarYear": "2002",
        "period": "Q4",
        "revenue": 260461000,
        "costOfRevenue": 0,
        "grossProfit": 260461000,
        "grossProfitRatio": 1,
        "researchAndDevelopmentExpenses": 0,
        "generalAndAdministrativeExpenses": 0,
        "sellingAndMarketingExpenses": 0,
        "sellingGeneralAndAdministrativeExpenses": 0,
        "otherExpenses": 17685000,
        "operatingExpenses": 17685000,
        "costAndExpenses": 105084000,
        "interestIncome": 0,
        "interestExpense": 17522000,
        "depreciationAndAmortization": 3149000,
        "ebitda": 176048000,
        "ebitdaratio": 0.6759092532,
        "operatingIncome": 172899000,
        "operatingIncomeRatio": 0.6638191514,
        "totalOtherIncomeExpensesNet": -17522000,
        "incomeBeforeTax": 155377000,
        "incomeBeforeTaxRatio": 0.596546124,
        "incomeTaxExpense": 38178000,
        "netIncome": 117199000,
        "netIncomeRatio": 0.4499675575,
        "eps": 0.81,
        "epsdiluted": 0.81,
        "weightedAverageShsOut": 144042116,
        "weightedAverageShsOutDil": 144042116,
        "link": "https://www.sec.gov/Archives/edgar/data/814585/000095013003002644/0000950130-03-002644-index.htm",
        "finalLink": "https://www.sec.gov/Archives/edgar/data/814585/000095013003002644/d10k.htm"
    },
    {
        "date": "2002-09-30",
        "symbol": "MBI",
        "reportedCurrency": "USD",
        "cik": "0000814585",
        "fillingDate": "2002-11-14",
        "acceptedDate": "2002-11-14 14:26:43",
        "calendarYear": "2002",
        "period": "Q3",
        "revenue": 311347000,
        "costOfRevenue": 20315000,
        "grossProfit": 291032000,
        "grossProfitRatio": 0.9347512582,
        "researchAndDevelopmentExpenses": 0,
        "generalAndAdministrativeExpenses": 0,
        "sellingAndMarketingExpenses": 0,
        "sellingGeneralAndAdministrativeExpenses": 0,
        "otherExpenses": -53574000,
        "operatingExpenses": -53574000,
        "costAndExpenses": 89030000,
        "interestIncome": 0,
        "interestExpense": 15141000,
        "depreciationAndAmortization": 3792000,
        "ebitda": 241250000,
        "ebitdaratio": 0.7748589195,
        "operatingIncome": 237458000,
        "operatingIncomeRatio": 0.7626795826,
        "totalOtherIncomeExpensesNet": -15141000,
        "incomeBeforeTax": 222317000,
        "incomeBeforeTaxRatio": 0.714048955,
        "incomeTaxExpense": 58179000,
        "netIncome": 164138000,
        "netIncomeRatio": 0.5271867081,
        "eps": 1.12,
        "epsdiluted": 1.11,
        "weightedAverageShsOut": 146526405,
        "weightedAverageShsOutDil": 147328961,
        "link": "https://www.sec.gov/Archives/edgar/data/814585/000095013002007932/0000950130-02-007932-index.htm",
        "finalLink": "https://www.sec.gov/Archives/edgar/data/814585/000095013002007932/d10q.htm"
    },
    {
        "date": "2002-06-30",
        "symbol": "MBI",
        "reportedCurrency": "USD",
        "cik": "0000814585",
        "fillingDate": "2002-08-14",
        "acceptedDate": "2002-08-14 15:49:27",
        "calendarYear": "2002",
        "period": "Q2",
        "revenue": 277981000,
        "costOfRevenue": 0,
        "grossProfit": 277981000,
        "grossProfitRatio": 1,
        "researchAndDevelopmentExpenses": 0,
        "generalAndAdministrativeExpenses": 0,
        "sellingAndMarketingExpenses": 0,
        "sellingGeneralAndAdministrativeExpenses": 0,
        "otherExpenses": -69495000,
        "operatingExpenses": -69495000,
        "costAndExpenses": 82451000,
        "interestIncome": 0,
        "interestExpense": 12956000,
        "depreciationAndAmortization": 3516000,
        "ebitda": 212002000,
        "ebitdaratio": 0.7626492458,
        "operatingIncome": 208486000,
        "operatingIncomeRatio": 0.7500008993,
        "totalOtherIncomeExpensesNet": -12956000,
        "incomeBeforeTax": 195530000,
        "incomeBeforeTaxRatio": 0.7033933974,
        "incomeTaxExpense": 51549000,
        "netIncome": 143981000,
        "netIncomeRatio": 0.5179526658,
        "eps": 0.98,
        "epsdiluted": 0.97,
        "weightedAverageShsOut": 147568448,
        "weightedAverageShsOutDil": 148761391,
        "link": "https://www.sec.gov/Archives/edgar/data/814585/000102140802010969/0001021408-02-010969-index.htm",
        "finalLink": "https://www.sec.gov/Archives/edgar/data/814585/000102140802010969/d10q.txt"
    },
    {
        "date": "2002-03-31",
        "symbol": "MBI",
        "reportedCurrency": "USD",
        "cik": "0000814585",
        "fillingDate": "2002-05-14",
        "acceptedDate": "2002-05-14 17:29:09",
        "calendarYear": "2002",
        "period": "Q1",
        "revenue": 301116000,
        "costOfRevenue": 0,
        "grossProfit": 301116000,
        "grossProfitRatio": 1,
        "researchAndDevelopmentExpenses": 0,
        "generalAndAdministrativeExpenses": 0,
        "sellingAndMarketingExpenses": 0,
        "sellingGeneralAndAdministrativeExpenses": 0,
        "otherExpenses": -68309000,
        "operatingExpenses": -68309000,
        "costAndExpenses": 81143000,
        "interestIncome": 0,
        "interestExpense": 12834000,
        "depreciationAndAmortization": 3590000,
        "ebitda": 16424000,
        "ebitdaratio": 0.0545437639,
        "operatingIncome": 232807000,
        "operatingIncomeRatio": 0.7731472257,
        "totalOtherIncomeExpensesNet": -12834000,
        "incomeBeforeTax": 219973000,
        "incomeBeforeTaxRatio": 0.7305257774,
        "incomeTaxExpense": 58073000,
        "netIncome": 152381000,
        "netIncomeRatio": 0.5060541452,
        "eps": 1.03,
        "epsdiluted": 1.02,
        "weightedAverageShsOut": 148052769,
        "weightedAverageShsOutDil": 149226198,
        "link": "https://www.sec.gov/Archives/edgar/data/814585/000095013002003598/0000950130-02-003598-index.htm",
        "finalLink": "https://www.sec.gov/Archives/edgar/data/814585/000095013002003598/d10q.txt"
    },
    {
        "date": "2001-12-31",
        "symbol": "MBI",
        "reportedCurrency": "USD",
        "cik": "0000814585",
        "fillingDate": "2002-03-29",
        "acceptedDate": "2002-03-29 00:00:00",
        "calendarYear": "2001",
        "period": "Q4",
        "revenue": 297242000,
        "costOfRevenue": 0,
        "grossProfit": 297242000,
        "grossProfitRatio": 1,
        "researchAndDevelopmentExpenses": 0,
        "generalAndAdministrativeExpenses": 0,
        "sellingAndMarketingExpenses": 0,
        "sellingGeneralAndAdministrativeExpenses": 0,
        "otherExpenses": -74602000,
        "operatingExpenses": -74602000,
        "costAndExpenses": 86830000,
        "interestIncome": 0,
        "interestExpense": 12228000,
        "depreciationAndAmortization": 4025000,
        "ebitda": 226665000,
        "ebitdaratio": 0.7625604726,
        "operatingIncome": 222640000,
        "operatingIncomeRatio": 0.7490193176,
        "totalOtherIncomeExpensesNet": -12228000,
        "incomeBeforeTax": 210412000,
        "incomeBeforeTaxRatio": 0.7078811204,
        "incomeTaxExpense": 53974000,
        "netIncome": 156438000,
        "netIncomeRatio": 0.526298437,
        "eps": 1.06,
        "epsdiluted": 1.06,
        "weightedAverageShsOut": 148052769,
        "weightedAverageShsOutDil": 148052769,
        "link": "https://www.sec.gov/Archives/edgar/data/814585/000095013002002262/0000950130-02-002262-index.htm",
        "finalLink": "https://www.sec.gov/Archives/edgar/data/814585/000095013002002262/d10k.txt"
    },
    {
        "date": "2001-09-30",
        "symbol": "MBI",
        "reportedCurrency": "USD",
        "cik": "0000814585",
        "fillingDate": "2001-11-13",
        "acceptedDate": "2001-11-13 00:00:00",
        "calendarYear": "2001",
        "period": "Q3",
        "revenue": 295268000,
        "costOfRevenue": 0,
        "grossProfit": 295268000,
        "grossProfitRatio": 1,
        "researchAndDevelopmentExpenses": 0,
        "generalAndAdministrativeExpenses": 0,
        "sellingAndMarketingExpenses": 0,
        "sellingGeneralAndAdministrativeExpenses": 0,
        "otherExpenses": -69458000,
        "operatingExpenses": -69458000,
        "costAndExpenses": 83781000,
        "interestIncome": 0,
        "interestExpense": 14323000,
        "depreciationAndAmortization": 1877000,
        "ebitda": 227687000,
        "ebitdaratio": 0.7711197963,
        "operatingIncome": 225810000,
        "operatingIncomeRatio": 0.7647628595,
        "totalOtherIncomeExpensesNet": -14323000,
        "incomeBeforeTax": 211487000,
        "incomeBeforeTaxRatio": 0.7162543858,
        "incomeTaxExpense": 56967000,
        "netIncome": 154520000,
        "netIncomeRatio": 0.5233211862,
        "eps": 1.04,
        "epsdiluted": 1.03,
        "weightedAverageShsOut": 148346088,
        "weightedAverageShsOutDil": 149533317,
        "link": "https://www.sec.gov/Archives/edgar/data/814585/000095013001505311/0000950130-01-505311-index.htm",
        "finalLink": "https://www.sec.gov/Archives/edgar/data/814585/000095013001505311/d10q.txt"
    },
    {
        "date": "2001-06-30",
        "symbol": "MBI",
        "reportedCurrency": "USD",
        "cik": "0000814585",
        "fillingDate": "2001-08-13",
        "acceptedDate": "2001-08-13 00:00:00",
        "calendarYear": "2001",
        "period": "Q2",
        "revenue": 287712000,
        "costOfRevenue": 0,
        "grossProfit": 287712000,
        "grossProfitRatio": 1,
        "researchAndDevelopmentExpenses": 0,
        "generalAndAdministrativeExpenses": 0,
        "sellingAndMarketingExpenses": 0,
        "sellingGeneralAndAdministrativeExpenses": 0,
        "otherExpenses": -79062000,
        "operatingExpenses": -79062000,
        "costAndExpenses": 93213000,
        "interestIncome": 0,
        "interestExpense": 14151000,
        "depreciationAndAmortization": 5617000,
        "ebitda": 214267000,
        "ebitdaratio": 0.7447273663,
        "operatingIncome": 208650000,
        "operatingIncomeRatio": 0.725204371,
        "totalOtherIncomeExpensesNet": -14151000,
        "incomeBeforeTax": 194499000,
        "incomeBeforeTaxRatio": 0.6760197698,
        "incomeTaxExpense": 51493000,
        "netIncome": 143006000,
        "netIncomeRatio": 0.4970456568,
        "eps": 0.97,
        "epsdiluted": 0.96,
        "weightedAverageShsOut": 148160339,
        "weightedAverageShsOutDil": 149297865,
        "link": "https://www.sec.gov/Archives/edgar/data/814585/000095013001503810/0000950130-01-503810-index.htm",
        "finalLink": "https://www.sec.gov/Archives/edgar/data/814585/000095013001503810/d10q.txt"
    },
    {
        "date": "2001-03-31",
        "symbol": "MBI",
        "reportedCurrency": "USD",
        "cik": "0000814585",
        "fillingDate": "2001-05-14",
        "acceptedDate": "2001-05-14 00:00:00",
        "calendarYear": "2001",
        "period": "Q1",
        "revenue": 260524000,
        "costOfRevenue": 0,
        "grossProfit": 260524000,
        "grossProfitRatio": 1,
        "researchAndDevelopmentExpenses": 0,
        "generalAndAdministrativeExpenses": 0,
        "sellingAndMarketingExpenses": 0,
        "sellingGeneralAndAdministrativeExpenses": 0,
        "otherExpenses": -70195000,
        "operatingExpenses": -70195000,
        "costAndExpenses": 85938000,
        "interestIncome": 0,
        "interestExpense": 15743000,
        "depreciationAndAmortization": 5093000,
        "ebitda": 182355000,
        "ebitdaratio": 0.6999547067,
        "operatingIncome": 190329000,
        "operatingIncomeRatio": 0.7305622515,
        "totalOtherIncomeExpensesNet": -15743000,
        "incomeBeforeTax": 174586000,
        "incomeBeforeTaxRatio": 0.6701340376,
        "incomeTaxExpense": 45392000,
        "netIncome": 116127000,
        "netIncomeRatio": 0.4457439622,
        "eps": 0.53,
        "epsdiluted": 0.78,
        "weightedAverageShsOut": 148043087,
        "weightedAverageShsOutDil": 148611850,
        "link": "https://www.sec.gov/Archives/edgar/data/814585/000095013001501624/0000950130-01-501624-index.htm",
        "finalLink": "https://www.sec.gov/Archives/edgar/data/814585/000095013001501624/d10q.txt"
    },
    {
        "date": "2000-12-31",
        "symbol": "MBI",
        "reportedCurrency": "USD",
        "cik": "0000814585",
        "fillingDate": "2001-03-30",
        "acceptedDate": "2001-03-30 00:00:00",
        "calendarYear": "2000",
        "period": "Q4",
        "revenue": 274275000,
        "costOfRevenue": 0,
        "grossProfit": 274275000,
        "grossProfitRatio": 1,
        "researchAndDevelopmentExpenses": 0,
        "generalAndAdministrativeExpenses": 0,
        "sellingAndMarketingExpenses": 0,
        "sellingGeneralAndAdministrativeExpenses": 0,
        "otherExpenses": -76620000,
        "operatingExpenses": -76620000,
        "costAndExpenses": 90099000,
        "interestIncome": 0,
        "interestExpense": 13479000,
        "depreciationAndAmortization": 5357000,
        "ebitda": 203012000,
        "ebitdaratio": 0.7401768298,
        "operatingIncome": 197655000,
        "operatingIncomeRatio": 0.7206453377,
        "totalOtherIncomeExpensesNet": -13479000,
        "incomeBeforeTax": 184176000,
        "incomeBeforeTaxRatio": 0.6715012305,
        "incomeTaxExpense": 47966000,
        "netIncome": 136210000,
        "netIncomeRatio": 0.4966183575,
        "eps": 0.92,
        "epsdiluted": 0.92,
        "weightedAverageShsOut": 147925834,
        "weightedAverageShsOutDil": 147925834,
        "link": "https://www.sec.gov/Archives/edgar/data/814585/000095012301002909/0000950123-01-002909-index.htm",
        "finalLink": "https://www.sec.gov/Archives/edgar/data/814585/000095012301002909/y46810e10-k.txt"
    },
    {
        "date": "2000-09-30",
        "symbol": "MBI",
        "reportedCurrency": "USD",
        "cik": "0000814585",
        "fillingDate": "2000-11-14",
        "acceptedDate": "2000-11-14 00:00:00",
        "calendarYear": "2000",
        "period": "Q3",
        "revenue": 266221000,
        "costOfRevenue": 0,
        "grossProfit": 266221000,
        "grossProfitRatio": 1,
        "researchAndDevelopmentExpenses": 0,
        "generalAndAdministrativeExpenses": 0,
        "sellingAndMarketingExpenses": 0,
        "sellingGeneralAndAdministrativeExpenses": 0,
        "otherExpenses": -75302000,
        "operatingExpenses": -75302000,
        "costAndExpenses": 88728000,
        "interestIncome": 0,
        "interestExpense": 13426000,
        "depreciationAndAmortization": 2717000,
        "ebitda": 193636000,
        "ebitdaratio": 0.7273505847,
        "operatingIncome": 190919000,
        "operatingIncomeRatio": 0.7171447782,
        "totalOtherIncomeExpensesNet": -13426000,
        "incomeBeforeTax": 177493000,
        "incomeBeforeTaxRatio": 0.6667129941,
        "incomeTaxExpense": 46779000,
        "netIncome": 130714000,
        "netIncomeRatio": 0.4909980805,
        "eps": 0.89,
        "epsdiluted": 0.88,
        "weightedAverageShsOut": 147265833,
        "weightedAverageShsOutDil": 148303551,
        "link": "https://www.sec.gov/Archives/edgar/data/814585/000081458500000008/0000814585-00-000008-index.htm",
        "finalLink": "https://www.sec.gov/Archives/edgar/data/814585/000081458500000008/0000814585-00-000008-0001.txt"
    },
    {
        "date": "2000-06-30",
        "symbol": "MBI",
        "reportedCurrency": "USD",
        "cik": "0000814585",
        "fillingDate": "2000-08-11",
        "acceptedDate": "2000-08-11 00:00:00",
        "calendarYear": "2000",
        "period": "Q2",
        "revenue": 262524000,
        "costOfRevenue": 0,
        "grossProfit": 262524000,
        "grossProfitRatio": 1,
        "researchAndDevelopmentExpenses": 0,
        "generalAndAdministrativeExpenses": 0,
        "sellingAndMarketingExpenses": 0,
        "sellingGeneralAndAdministrativeExpenses": 0,
        "otherExpenses": -75058000,
        "operatingExpenses": -75058000,
        "costAndExpenses": 88413000,
        "interestIncome": 0,
        "interestExpense": 13355000,
        "depreciationAndAmortization": 5235000,
        "ebitda": 192701000,
        "ebitdaratio": 0.7340319361,
        "operatingIncome": 187466000,
        "operatingIncomeRatio": 0.7140909022,
        "totalOtherIncomeExpensesNet": 174111000,
        "incomeBeforeTax": 174111000,
        "incomeBeforeTaxRatio": 0.6632193628,
        "incomeTaxExpense": 44718000,
        "netIncome": 129393000,
        "netIncomeRatio": 0.4928806509,
        "eps": 0.88,
        "epsdiluted": 0.87,
        "weightedAverageShsOut": 147484555,
        "weightedAverageShsOutDil": 148398588,
        "link": "https://www.sec.gov/Archives/edgar/data/814585/000081458500500004/0000814585-00-500004-index.htm",
        "finalLink": "https://www.sec.gov/Archives/edgar/data/814585/000081458500500004/0000814585-00-500004-0001.txt"
    },
    {
        "date": "2000-03-31",
        "symbol": "MBI",
        "reportedCurrency": "USD",
        "cik": "0000814585",
        "fillingDate": "2000-05-15",
        "acceptedDate": "2000-05-15 00:00:00",
        "calendarYear": "2000",
        "period": "Q1",
        "revenue": 254434000,
        "costOfRevenue": 0,
        "grossProfit": 254434000,
        "grossProfitRatio": 1,
        "researchAndDevelopmentExpenses": 0,
        "generalAndAdministrativeExpenses": 0,
        "sellingAndMarketingExpenses": 0,
        "sellingGeneralAndAdministrativeExpenses": 0,
        "otherExpenses": -61861000,
        "operatingExpenses": -61861000,
        "costAndExpenses": 75357000,
        "interestIncome": 0,
        "interestExpense": 13496000,
        "depreciationAndAmortization": 4949000,
        "ebitda": 197522000,
        "ebitdaratio": 0.7763192026,
        "operatingIncome": 192573000,
        "operatingIncomeRatio": 0.7568681859,
        "totalOtherIncomeExpensesNet": -13496000,
        "incomeBeforeTax": 179077000,
        "incomeBeforeTaxRatio": 0.7038249605,
        "incomeTaxExpense": 46757000,
        "netIncome": 132320000,
        "netIncomeRatio": 0.5200562818,
        "eps": 0.89,
        "epsdiluted": 0.89,
        "weightedAverageShsOut": 148650649,
        "weightedAverageShsOutDil": 149514064,
        "link": "https://www.sec.gov/Archives/edgar/data/814585/000081458500000004/0000814585-00-000004-index.html",
        "finalLink": "https://www.sec.gov/Archives/edgar/data/814585/000081458500000004/"
    },
    {
        "date": "1999-12-31",
        "symbol": "MBI",
        "reportedCurrency": "USD",
        "cik": "0000814585",
        "fillingDate": "2000-03-29",
        "acceptedDate": "2000-03-29 00:00:00",
        "calendarYear": "1999",
        "period": "Q4",
        "revenue": 246921000,
        "costOfRevenue": 0,
        "grossProfit": 246921000,
        "grossProfitRatio": 1,
        "researchAndDevelopmentExpenses": 0,
        "generalAndAdministrativeExpenses": 0,
        "sellingAndMarketingExpenses": 0,
        "sellingGeneralAndAdministrativeExpenses": 0,
        "otherExpenses": -71003000,
        "operatingExpenses": -71003000,
        "costAndExpenses": 403538000,
        "interestIncome": 0,
        "interestExpense": 13535000,
        "depreciationAndAmortization": 21951000,
        "ebitda": 197869000,
        "ebitdaratio": 0.8013453696,
        "operatingIncome": 175918000,
        "operatingIncomeRatio": 0.712446491,
        "totalOtherIncomeExpensesNet": 211965000,
        "incomeBeforeTax": 387883000,
        "incomeBeforeTaxRatio": 1.5708789451,
        "incomeTaxExpense": 35453000,
        "netIncome": 126930000,
        "netIncomeRatio": 0.5140510528,
        "eps": 0.85,
        "epsdiluted": 0.85,
        "weightedAverageShsOut": 148650649,
        "weightedAverageShsOutDil": 148650649,
        "link": "https://www.sec.gov/Archives/edgar/data/814585/000095012300002915/0000950123-00-002915-index.html",
        "finalLink": "https://www.sec.gov/Archives/edgar/data/814585/000095012300002915/"
    },
    {
        "date": "1999-09-30",
        "symbol": "MBI",
        "reportedCurrency": "USD",
        "cik": "0000814585",
        "fillingDate": "1999-11-12",
        "acceptedDate": "1999-11-12 00:00:00",
        "calendarYear": "1999",
        "period": "Q3",
        "revenue": 243500000,
        "costOfRevenue": 0,
        "grossProfit": 243500000,
        "grossProfitRatio": 1,
        "researchAndDevelopmentExpenses": 0,
        "generalAndAdministrativeExpenses": 0,
        "sellingAndMarketingExpenses": 0,
        "sellingGeneralAndAdministrativeExpenses": 0,
        "otherExpenses": -69900000,
        "operatingExpenses": -69900000,
        "costAndExpenses": 22600000,
        "interestIncome": 0,
        "interestExpense": 13400000,
        "depreciationAndAmortization": -2000000,
        "ebitda": 11400000,
        "ebitdaratio": 0.0468172485,
        "operatingIncome": 173600000,
        "operatingIncomeRatio": 0.712936345,
        "totalOtherIncomeExpensesNet": 133400000,
        "incomeBeforeTax": 307000000,
        "incomeBeforeTaxRatio": 1.2607802875,
        "incomeTaxExpense": 32800000,
        "netIncome": 127400000,
        "netIncomeRatio": 0.5232032854,
        "eps": 0.57,
        "epsdiluted": 0.57,
        "weightedAverageShsOut": 149275861,
        "weightedAverageShsOutDil": 149275861,
        "link": "https://www.sec.gov/Archives/edgar/data/814585/0000814585-99-000015-index.html",
        "finalLink": "https://www.sec.gov/Archives/edgar/data/814585/000081458599000015/0000814585-99-000015.txt"
    },
    {
        "date": "1999-06-30",
        "symbol": "MBI",
        "reportedCurrency": "USD",
        "cik": "0000814585",
        "fillingDate": "1999-08-13",
        "acceptedDate": "1999-08-13 00:00:00",
        "calendarYear": "1999",
        "period": "Q2",
        "revenue": 236500000,
        "costOfRevenue": 0,
        "grossProfit": 236500000,
        "grossProfitRatio": 1,
        "researchAndDevelopmentExpenses": 0,
        "generalAndAdministrativeExpenses": 0,
        "sellingAndMarketingExpenses": 0,
        "sellingGeneralAndAdministrativeExpenses": 0,
        "otherExpenses": -169600000,
        "operatingExpenses": -169600000,
        "costAndExpenses": 127700000,
        "interestIncome": 0,
        "interestExpense": 13500000,
        "depreciationAndAmortization": -900000,
        "ebitda": 12600000,
        "ebitdaratio": 0.0532769556,
        "operatingIncome": 66900000,
        "operatingIncomeRatio": 0.2828752643,
        "totalOtherIncomeExpensesNet": 0,
        "incomeBeforeTax": 196200000,
        "incomeBeforeTaxRatio": 0.8295983087,
        "incomeTaxExpense": -3400000,
        "netIncome": 56800000,
        "netIncomeRatio": 0.2401691332,
        "eps": 0.25,
        "epsdiluted": 0.25,
        "weightedAverageShsOut": 149793103,
        "weightedAverageShsOutDil": 149793103,
        "link": "https://www.sec.gov/Archives/edgar/data/814585/000081458599000010/0000814585-99-000010-index.html",
        "finalLink": "https://www.sec.gov/Archives/edgar/data/814585/000081458599000010/"
    },
    {
        "date": "1999-03-31",
        "symbol": "MBI",
        "reportedCurrency": "USD",
        "cik": "0000814585",
        "fillingDate": "1999-05-14",
        "acceptedDate": "1999-05-14 00:00:00",
        "calendarYear": "1999",
        "period": "Q1",
        "revenue": 237500000,
        "costOfRevenue": 0,
        "grossProfit": 237500000,
        "grossProfitRatio": 1,
        "researchAndDevelopmentExpenses": 0,
        "generalAndAdministrativeExpenses": 0,
        "sellingAndMarketingExpenses": 0,
        "sellingGeneralAndAdministrativeExpenses": 0,
        "otherExpenses": -212100000,
        "operatingExpenses": -212100000,
        "costAndExpenses": 22700000,
        "interestIncome": 0,
        "interestExpense": 13500000,
        "depreciationAndAmortization": -700000,
        "ebitda": 24700000,
        "ebitdaratio": 0.104,
        "operatingIncome": 25400000,
        "operatingIncomeRatio": 0.1069473684,
        "totalOtherIncomeExpensesNet": 0,
        "incomeBeforeTax": 150800000,
        "incomeBeforeTaxRatio": 0.6349473684,
        "incomeTaxExpense": 2500000,
        "netIncome": 9400000,
        "netIncomeRatio": 0.0395789474,
        "eps": 0.04,
        "epsdiluted": 0.04,
        "weightedAverageShsOut": 149517241,
        "weightedAverageShsOutDil": 149517241,
        "link": "https://www.sec.gov/Archives/edgar/data/814585/000081458599000006/0000814585-99-000006-index.html",
        "finalLink": "https://www.sec.gov/Archives/edgar/data/814585/"
    },
    {
        "date": "1998-12-31",
        "symbol": "MBI",
        "reportedCurrency": "USD",
        "cik": "0000814585",
        "fillingDate": "1999-03-30",
        "acceptedDate": "1999-03-30 00:00:00",
        "calendarYear": "1998",
        "period": "Q4",
        "revenue": 226882000,
        "costOfRevenue": 0,
        "grossProfit": 226882000,
        "grossProfitRatio": 1,
        "researchAndDevelopmentExpenses": 0,
        "generalAndAdministrativeExpenses": 0,
        "sellingAndMarketingExpenses": 0,
        "sellingGeneralAndAdministrativeExpenses": 0,
        "otherExpenses": -81924000,
        "operatingExpenses": -81924000,
        "costAndExpenses": 289544000,
        "interestIncome": 0,
        "interestExpense": 12620000,
        "depreciationAndAmortization": 21625000,
        "ebitda": 166583000,
        "ebitdaratio": 0.7342274839,
        "operatingIncome": 144958000,
        "operatingIncomeRatio": 0.6389136203,
        "totalOtherIncomeExpensesNet": 420080000,
        "incomeBeforeTax": 565038000,
        "incomeBeforeTaxRatio": 2.4904487795,
        "incomeTaxExpense": 29010000,
        "netIncome": 103328000,
        "netIncomeRatio": 0.4554261687,
        "eps": 0.66,
        "epsdiluted": 0.66,
        "weightedAverageShsOut": 149247000,
        "weightedAverageShsOutDil": 156666667,
        "link": "https://www.sec.gov/Archives/edgar/data/814585/000089155499000610/0000891554-99-000610-index.html",
        "finalLink": "https://www.sec.gov/Archives/edgar/data/814585/"
    },
    {
        "date": "1998-09-30",
        "symbol": "MBI",
        "reportedCurrency": "USD",
        "cik": "0000814585",
        "fillingDate": "1998-11-16",
        "acceptedDate": "1998-11-16 00:00:00",
        "calendarYear": "1998",
        "period": "Q3",
        "revenue": 236000000,
        "costOfRevenue": 0,
        "grossProfit": 236000000,
        "grossProfitRatio": 1,
        "researchAndDevelopmentExpenses": 0,
        "generalAndAdministrativeExpenses": 0,
        "sellingAndMarketingExpenses": 0,
        "sellingGeneralAndAdministrativeExpenses": 0,
        "otherExpenses": -81500000,
        "operatingExpenses": -81500000,
        "costAndExpenses": 17900000,
        "interestIncome": 0,
        "interestExpense": 11000000,
        "depreciationAndAmortization": -1000000,
        "ebitda": 9600000,
        "ebitdaratio": 0.0406779661,
        "operatingIncome": 154500000,
        "operatingIncomeRatio": 0.6546610169,
        "totalOtherIncomeExpensesNet": 130400000,
        "incomeBeforeTax": 284900000,
        "incomeBeforeTaxRatio": 1.2072033898,
        "incomeTaxExpense": 35300000,
        "netIncome": 108200000,
        "netIncomeRatio": 0.4584745763,
        "eps": 0.49,
        "epsdiluted": 0.48,
        "weightedAverageShsOut": 147877500,
        "weightedAverageShsOutDil": 222507000,
        "link": "https://www.sec.gov/Archives/edgar/data/814585/000081458598000006/0000814585-98-000006-index.html",
        "finalLink": "https://www.sec.gov/Archives/edgar/data/814585/"
    },
    {
        "date": "1998-06-30",
        "symbol": "MBI",
        "reportedCurrency": "USD",
        "cik": "0000814585",
        "fillingDate": "1998-08-14",
        "acceptedDate": "1998-08-14 00:00:00",
        "calendarYear": "1998",
        "period": "Q2",
        "revenue": 218000000,
        "costOfRevenue": 0,
        "grossProfit": 218000000,
        "grossProfitRatio": 1,
        "researchAndDevelopmentExpenses": 0,
        "generalAndAdministrativeExpenses": 0,
        "sellingAndMarketingExpenses": 0,
        "sellingGeneralAndAdministrativeExpenses": 0,
        "otherExpenses": -51200000,
        "operatingExpenses": -51200000,
        "costAndExpenses": 19600000,
        "interestIncome": 0,
        "interestExpense": 10600000,
        "depreciationAndAmortization": -1100000,
        "ebitda": 9800000,
        "ebitdaratio": 0.0449541284,
        "operatingIncome": 166800000,
        "operatingIncomeRatio": 0.7651376147,
        "totalOtherIncomeExpensesNet": 113900000,
        "incomeBeforeTax": 280700000,
        "incomeBeforeTaxRatio": 1.2876146789,
        "incomeTaxExpense": 40000000,
        "netIncome": 119000000,
        "netIncomeRatio": 0.5458715596,
        "eps": 0.53,
        "epsdiluted": 0.53,
        "weightedAverageShsOut": 147877500,
        "weightedAverageShsOutDil": 219262500,
        "link": "https://www.sec.gov/Archives/edgar/data/814585/000081458598000004/0000814585-98-000004-index.html",
        "finalLink": "https://www.sec.gov/Archives/edgar/data/814585/"
    },
    {
        "date": "1998-03-31",
        "symbol": "MBI",
        "reportedCurrency": "USD",
        "cik": "0000814585",
        "fillingDate": "1998-05-15",
        "acceptedDate": "1998-05-15 00:00:00",
        "calendarYear": "1998",
        "period": "Q1",
        "revenue": 218500000,
        "costOfRevenue": 0,
        "grossProfit": 218500000,
        "grossProfitRatio": 1,
        "researchAndDevelopmentExpenses": 0,
        "generalAndAdministrativeExpenses": 0,
        "sellingAndMarketingExpenses": 0,
        "sellingGeneralAndAdministrativeExpenses": 0,
        "otherExpenses": -79800000,
        "operatingExpenses": -79800000,
        "costAndExpenses": 19800000,
        "interestIncome": 0,
        "interestExpense": 10400000,
        "depreciationAndAmortization": -2300000,
        "ebitda": 8100000,
        "ebitdaratio": 0.0370709382,
        "operatingIncome": 138700000,
        "operatingIncomeRatio": 0.6347826087,
        "totalOtherIncomeExpensesNet": 119400000,
        "incomeBeforeTax": 258100000,
        "incomeBeforeTaxRatio": 1.1812356979,
        "incomeTaxExpense": 28000000,
        "netIncome": 102100000,
        "netIncomeRatio": 0.4672768879,
        "eps": 0.46,
        "epsdiluted": 0.45,
        "weightedAverageShsOut": 146508000,
        "weightedAverageShsOutDil": 146508000,
        "link": "https://www.sec.gov/Archives/edgar/data/814585/000081458598000001/0000814585-98-000001-index.html",
        "finalLink": "https://www.sec.gov/Archives/edgar/data/814585/"
    },
    {
        "date": "1997-12-31",
        "symbol": "MBI",
        "reportedCurrency": "USD",
        "cik": "0000814585",
        "fillingDate": "1998-03-30",
        "acceptedDate": "1998-03-30 00:00:00",
        "calendarYear": "1997",
        "period": "Q4",
        "revenue": 180382000,
        "costOfRevenue": 0,
        "grossProfit": 180382000,
        "grossProfitRatio": 1,
        "researchAndDevelopmentExpenses": 0,
        "generalAndAdministrativeExpenses": 0,
        "sellingAndMarketingExpenses": 0,
        "sellingGeneralAndAdministrativeExpenses": 0,
        "otherExpenses": -39913000,
        "operatingExpenses": -39913000,
        "costAndExpenses": 126513000,
        "interestIncome": 0,
        "interestExpense": 10200000,
        "depreciationAndAmortization": 18339000,
        "ebitda": 158808000,
        "ebitdaratio": 0.8803982659,
        "operatingIncome": 140469000,
        "operatingIncomeRatio": 0.7787306937,
        "totalOtherIncomeExpensesNet": 339100000,
        "incomeBeforeTax": 479569000,
        "incomeBeforeTaxRatio": 2.6586300185,
        "incomeTaxExpense": 32593000,
        "netIncome": 97676000,
        "netIncomeRatio": 0.5414952711,
        "eps": 0.67,
        "epsdiluted": 0.67,
        "weightedAverageShsOut": 146175000,
        "weightedAverageShsOutDil": 146175000,
        "link": "https://www.sec.gov/Archives/edgar/data/814585/000095013098001576/0000950130-98-001576-index.html",
        "finalLink": "https://www.sec.gov/Archives/edgar/data/814585/"
    },
    {
        "date": "1997-09-30",
        "symbol": "MBI",
        "reportedCurrency": "USD",
        "cik": "0000814585",
        "fillingDate": "1997-11-14",
        "acceptedDate": "1997-11-14 00:00:00",
        "calendarYear": "1997",
        "period": "Q3",
        "revenue": 166700000,
        "costOfRevenue": 0,
        "grossProfit": 166700000,
        "grossProfitRatio": 1,
        "researchAndDevelopmentExpenses": 0,
        "generalAndAdministrativeExpenses": 0,
        "sellingAndMarketingExpenses": 0,
        "sellingGeneralAndAdministrativeExpenses": 0,
        "otherExpenses": -34700000,
        "operatingExpenses": -34700000,
        "costAndExpenses": 17000000,
        "interestIncome": 0,
        "interestExpense": 10000000,
        "depreciationAndAmortization": -3000000,
        "ebitda": 8900000,
        "ebitdaratio": 0.0533893221,
        "operatingIncome": 132000000,
        "operatingIncomeRatio": 0.7918416317,
        "totalOtherIncomeExpensesNet": 0,
        "incomeBeforeTax": 224500000,
        "incomeBeforeTaxRatio": 1.3467306539,
        "incomeTaxExpense": 25400000,
        "netIncome": 106600000,
        "netIncomeRatio": 0.6394721056,
        "eps": 0.24,
        "epsdiluted": 0.24,
        "weightedAverageShsOut": 133968516,
        "weightedAverageShsOutDil": 133968516,
        "link": "https://www.sec.gov/Archives/edgar/data/814585/0000814585-97-000010-index.html",
        "finalLink": "https://www.sec.gov/Archives/edgar/data/814585/0000814585-97-000010.txt"
    },
    {
        "date": "1997-06-30",
        "symbol": "MBI",
        "reportedCurrency": "USD",
        "cik": "0000814585",
        "fillingDate": "1997-08-14",
        "acceptedDate": "1997-08-14 00:00:00",
        "calendarYear": "1997",
        "period": "Q2",
        "revenue": 153000000,
        "costOfRevenue": 0,
        "grossProfit": 153000000,
        "grossProfitRatio": 1,
        "researchAndDevelopmentExpenses": 0,
        "generalAndAdministrativeExpenses": 0,
        "sellingAndMarketingExpenses": 0,
        "sellingGeneralAndAdministrativeExpenses": 0,
        "otherExpenses": -32000000,
        "operatingExpenses": -32000000,
        "costAndExpenses": 15600000,
        "interestIncome": 0,
        "interestExpense": 8800000,
        "depreciationAndAmortization": -1500000,
        "ebitda": 7300000,
        "ebitdaratio": 0.0477124183,
        "operatingIncome": 121000000,
        "operatingIncomeRatio": 0.7908496732,
        "totalOtherIncomeExpensesNet": 79800000,
        "incomeBeforeTax": 200800000,
        "incomeBeforeTaxRatio": 1.3124183007,
        "incomeTaxExpense": 23200000,
        "netIncome": 89000000,
        "netIncomeRatio": 0.5816993464,
        "eps": 0.23,
        "epsdiluted": 0.23,
        "weightedAverageShsOut": 130164918,
        "weightedAverageShsOutDil": 130164918,
        "link": "https://www.sec.gov/Archives/edgar/data/814585/000081458597000007/0000814585-97-000007-index.html",
        "finalLink": "https://www.sec.gov/Archives/edgar/data/814585/"
    },
    {
        "date": "1997-03-31",
        "symbol": "MBI",
        "reportedCurrency": "USD",
        "cik": "0000814585",
        "fillingDate": "1997-05-15",
        "acceptedDate": "1997-05-15 00:00:00",
        "calendarYear": "1997",
        "period": "Q1",
        "revenue": 153900000,
        "costOfRevenue": 0,
        "grossProfit": 153900000,
        "grossProfitRatio": 1,
        "researchAndDevelopmentExpenses": 0,
        "generalAndAdministrativeExpenses": 0,
        "sellingAndMarketingExpenses": 0,
        "sellingGeneralAndAdministrativeExpenses": 0,
        "otherExpenses": -30200000,
        "operatingExpenses": -30200000,
        "costAndExpenses": 15300000,
        "interestIncome": 0,
        "interestExpense": 8600000,
        "depreciationAndAmortization": -2000000,
        "ebitda": 6900000,
        "ebitdaratio": 0.044834308,
        "operatingIncome": 123700000,
        "operatingIncomeRatio": 0.803768681,
        "totalOtherIncomeExpensesNet": 82500000,
        "incomeBeforeTax": 206200000,
        "incomeBeforeTaxRatio": 1.3398310591,
        "incomeTaxExpense": 24200000,
        "netIncome": 96900000,
        "netIncomeRatio": 0.6296296296,
        "eps": 0.23,
        "epsdiluted": 0.22,
        "weightedAverageShsOut": 129937032,
        "weightedAverageShsOutDil": 129937032,
        "link": "https://www.sec.gov/Archives/edgar/data/814585/000081458597000003/0000814585-97-000003-index.html",
        "finalLink": "https://www.sec.gov/Archives/edgar/data/814585/"
    },
    {
        "date": "1996-12-31",
        "symbol": "MBI",
        "reportedCurrency": "USD",
        "cik": "0000814585",
        "fillingDate": "1997-03-28",
        "acceptedDate": "1997-03-28 00:00:00",
        "calendarYear": "1996",
        "period": "Q4",
        "revenue": 140337000,
        "costOfRevenue": 0,
        "grossProfit": 140337000,
        "grossProfitRatio": 1,
        "researchAndDevelopmentExpenses": 0,
        "generalAndAdministrativeExpenses": 0,
        "sellingAndMarketingExpenses": 0,
        "sellingGeneralAndAdministrativeExpenses": 0,
        "otherExpenses": -28407000,
        "operatingExpenses": -28407000,
        "costAndExpenses": 94107000,
        "interestIncome": 0,
        "interestExpense": 8500000,
        "depreciationAndAmortization": 19005000,
        "ebitda": 130935000,
        "ebitdaratio": 0.9330041258,
        "operatingIncome": 111930000,
        "operatingIncomeRatio": 0.7975801107,
        "totalOtherIncomeExpensesNet": 296200000,
        "incomeBeforeTax": 408130000,
        "incomeBeforeTaxRatio": 2.9082137996,
        "incomeTaxExpense": 21967000,
        "netIncome": 81463000,
        "netIncomeRatio": 0.5804812701,
        "eps": 0.63,
        "epsdiluted": 0.63,
        "weightedAverageShsOut": 129817092,
        "weightedAverageShsOutDil": 129857143,
        "link": "https://www.sec.gov/Archives/edgar/data/814585/000095013097001304/0000950130-97-001304-index.html",
        "finalLink": "https://www.sec.gov/Archives/edgar/data/814585/"
    },
    {
        "date": "1996-09-30",
        "symbol": "MBI",
        "reportedCurrency": "USD",
        "cik": "0000814585",
        "fillingDate": "1996-11-14",
        "acceptedDate": "1996-11-14 00:00:00",
        "calendarYear": "1996",
        "period": "Q3",
        "revenue": 140000000,
        "costOfRevenue": 0,
        "grossProfit": 140000000,
        "grossProfitRatio": 1,
        "researchAndDevelopmentExpenses": 0,
        "generalAndAdministrativeExpenses": 0,
        "sellingAndMarketingExpenses": 0,
        "sellingGeneralAndAdministrativeExpenses": 0,
        "otherExpenses": -26200000,
        "operatingExpenses": -26200000,
        "costAndExpenses": 15000000,
        "interestIncome": 0,
        "interestExpense": 8600000,
        "depreciationAndAmortization": -4800000,
        "ebitda": 3800000,
        "ebitdaratio": 0.0271428571,
        "operatingIncome": 113800000,
        "operatingIncomeRatio": 0.8128571429,
        "totalOtherIncomeExpensesNet": 75500000,
        "incomeBeforeTax": 189300000,
        "incomeBeforeTaxRatio": 1.3521428571,
        "incomeTaxExpense": 21900000,
        "netIncome": 83300000,
        "netIncomeRatio": 0.595,
        "eps": 0.22,
        "epsdiluted": 0.21,
        "weightedAverageShsOut": 129502248,
        "weightedAverageShsOutDil": 129502248,
        "link": "https://www.sec.gov/Archives/edgar/data/814585/000081458596000012/0000814585-96-000012-index.html",
        "finalLink": "https://www.sec.gov/Archives/edgar/data/814585/"
    },
    {
        "date": "1996-06-30",
        "symbol": "MBI",
        "reportedCurrency": "USD",
        "cik": "0000814585",
        "fillingDate": "1996-08-14",
        "acceptedDate": "1996-08-14 00:00:00",
        "calendarYear": "1996",
        "period": "Q2",
        "revenue": 135000000,
        "costOfRevenue": 0,
        "grossProfit": 135000000,
        "grossProfitRatio": 1,
        "researchAndDevelopmentExpenses": 0,
        "generalAndAdministrativeExpenses": 0,
        "sellingAndMarketingExpenses": 0,
        "sellingGeneralAndAdministrativeExpenses": 0,
        "otherExpenses": -26000000,
        "operatingExpenses": -26000000,
        "costAndExpenses": 14200000,
        "interestIncome": 0,
        "interestExpense": 8200000,
        "depreciationAndAmortization": -2600000,
        "ebitda": 5600000,
        "ebitdaratio": 0.0414814815,
        "operatingIncome": 109000000,
        "operatingIncomeRatio": 0.8074074074,
        "totalOtherIncomeExpensesNet": 72900000,
        "incomeBeforeTax": 181900000,
        "incomeBeforeTaxRatio": 1.3474074074,
        "incomeTaxExpense": 21100000,
        "netIncome": 79700000,
        "netIncomeRatio": 0.5903703704,
        "eps": 0.21,
        "epsdiluted": 0.2,
        "weightedAverageShsOut": 128950524,
        "weightedAverageShsOutDil": 128950524,
        "link": "https://www.sec.gov/Archives/edgar/data/814585/000081458596000010/0000814585-96-000010-index.html",
        "finalLink": "https://www.sec.gov/Archives/edgar/data/814585/"
    },
    {
        "date": "1996-03-31",
        "symbol": "MBI",
        "reportedCurrency": "USD",
        "cik": "0000814585",
        "fillingDate": "1996-05-14",
        "acceptedDate": "1996-05-14 00:00:00",
        "calendarYear": "1996",
        "period": "Q1",
        "revenue": 130200000,
        "costOfRevenue": 0,
        "grossProfit": 130200000,
        "grossProfitRatio": 1,
        "researchAndDevelopmentExpenses": 0,
        "generalAndAdministrativeExpenses": 0,
        "sellingAndMarketingExpenses": 0,
        "sellingGeneralAndAdministrativeExpenses": 0,
        "otherExpenses": -23600000,
        "operatingExpenses": -23600000,
        "costAndExpenses": 14000000,
        "interestIncome": 0,
        "interestExpense": 8100000,
        "depreciationAndAmortization": -2200000,
        "ebitda": 5900000,
        "ebitdaratio": 0.0453149002,
        "operatingIncome": 106600000,
        "operatingIncomeRatio": 0.8187403994,
        "totalOtherIncomeExpensesNet": 69800000,
        "incomeBeforeTax": 176400000,
        "incomeBeforeTaxRatio": 1.3548387097,
        "incomeTaxExpense": 20900000,
        "netIncome": 77600000,
        "netIncomeRatio": 0.5960061444,
        "eps": 0.2,
        "epsdiluted": 0.2,
        "weightedAverageShsOut": 128503749,
        "weightedAverageShsOutDil": 128503749,
        "link": "https://www.sec.gov/Archives/edgar/data/814585/000081458596000003/0000814585-96-000003-index.html",
        "finalLink": "https://www.sec.gov/Archives/edgar/data/814585/"
    },
    {
        "date": "1995-12-31",
        "symbol": "MBI",
        "reportedCurrency": "USD",
        "cik": "0000814585",
        "fillingDate": "1996-03-29",
        "acceptedDate": "1996-03-29 00:00:00",
        "calendarYear": "1995",
        "period": "Q4",
        "revenue": 118822000,
        "costOfRevenue": 0,
        "grossProfit": 118822000,
        "grossProfitRatio": 1,
        "researchAndDevelopmentExpenses": 0,
        "generalAndAdministrativeExpenses": 0,
        "sellingAndMarketingExpenses": 0,
        "sellingGeneralAndAdministrativeExpenses": 0,
        "otherExpenses": -24892000,
        "operatingExpenses": -24892000,
        "costAndExpenses": 80092000,
        "interestIncome": 0,
        "interestExpense": 7100000,
        "depreciationAndAmortization": 15967000,
        "ebitda": 109897000,
        "ebitdaratio": 0.9248876471,
        "operatingIncome": 93930000,
        "operatingIncomeRatio": 0.7905101749,
        "totalOtherIncomeExpensesNet": 251100000,
        "incomeBeforeTax": 345030000,
        "incomeBeforeTaxRatio": 2.9037551968,
        "incomeTaxExpense": 18511000,
        "netIncome": 68319000,
        "netIncomeRatio": 0.5749692818,
        "eps": 0.54,
        "epsdiluted": 0.54,
        "weightedAverageShsOut": 125949024,
        "weightedAverageShsOutDil": 127213115,
        "link": "https://www.sec.gov/Archives/edgar/data/814585/000081458596000001/0000814585-96-000001-index.html",
        "finalLink": "https://www.sec.gov/Archives/edgar/data/814585/"
    },
    {
        "date": "1995-09-30",
        "symbol": "MBI",
        "reportedCurrency": "USD",
        "cik": "0000814585",
        "fillingDate": "1995-11-06",
        "acceptedDate": "1995-11-06 00:00:00",
        "calendarYear": "1995",
        "period": "Q3",
        "revenue": 118700000,
        "costOfRevenue": 0,
        "grossProfit": 118700000,
        "grossProfitRatio": 1,
        "researchAndDevelopmentExpenses": 0,
        "generalAndAdministrativeExpenses": 0,
        "sellingAndMarketingExpenses": 0,
        "sellingGeneralAndAdministrativeExpenses": 0,
        "otherExpenses": -22600000,
        "operatingExpenses": -22600000,
        "costAndExpenses": 12600000,
        "interestIncome": 0,
        "interestExpense": 7100000,
        "depreciationAndAmortization": -10600000,
        "ebitda": -3500000,
        "ebitdaratio": -0.0294860994,
        "operatingIncome": 96100000,
        "operatingIncomeRatio": 0.8096040438,
        "totalOtherIncomeExpensesNet": 63100000,
        "incomeBeforeTax": 159200000,
        "incomeBeforeTaxRatio": 1.3411962932,
        "incomeTaxExpense": 19200000,
        "netIncome": 69800000,
        "netIncomeRatio": 0.5880370682,
        "eps": 0.18,
        "epsdiluted": 0.18,
        "weightedAverageShsOut": 125424288,
        "weightedAverageShsOutDil": 125424288,
        "link": "https://www.sec.gov/Archives/edgar/data/814585/000081458595000006/0000814585-95-000006-index.html",
        "finalLink": "https://www.sec.gov/Archives/edgar/data/814585/"
    },
    {
        "date": "1995-06-30",
        "symbol": "MBI",
        "reportedCurrency": "USD",
        "cik": "0000814585",
        "fillingDate": "1995-08-14",
        "acceptedDate": "1995-08-14 00:00:00",
        "calendarYear": "1995",
        "period": "Q2",
        "revenue": 113900000,
        "costOfRevenue": 0,
        "grossProfit": 113900000,
        "grossProfitRatio": 1,
        "researchAndDevelopmentExpenses": 0,
        "generalAndAdministrativeExpenses": 0,
        "sellingAndMarketingExpenses": 0,
        "sellingGeneralAndAdministrativeExpenses": 0,
        "otherExpenses": -21000000,
        "operatingExpenses": -21000000,
        "costAndExpenses": 12200000,
        "interestIncome": 0,
        "interestExpense": 7100000,
        "depreciationAndAmortization": 2000000,
        "ebitda": 9100000,
        "ebitdaratio": 0.0798946444,
        "operatingIncome": 92900000,
        "operatingIncomeRatio": 0.8156277436,
        "totalOtherIncomeExpensesNet": 60000000,
        "incomeBeforeTax": 152900000,
        "incomeBeforeTaxRatio": 1.342405619,
        "incomeTaxExpense": 18500000,
        "netIncome": 67300000,
        "netIncomeRatio": 0.5908691835,
        "eps": 0.18,
        "epsdiluted": 0.18,
        "weightedAverageShsOut": 125142429,
        "weightedAverageShsOutDil": 125142429,
        "link": "https://www.sec.gov/Archives/edgar/data/814585/000081458595000005/0000814585-95-000005-index.html",
        "finalLink": "https://www.sec.gov/Archives/edgar/data/814585/"
    },
    {
        "date": "1995-03-31",
        "symbol": "MBI",
        "reportedCurrency": "USD",
        "cik": "0000814585",
        "fillingDate": "1995-05-15",
        "acceptedDate": "1995-05-15 00:00:00",
        "calendarYear": "1995",
        "period": "Q1",
        "revenue": 110800000,
        "costOfRevenue": 0,
        "grossProfit": 110800000,
        "grossProfitRatio": 1,
        "researchAndDevelopmentExpenses": 0,
        "generalAndAdministrativeExpenses": 0,
        "sellingAndMarketingExpenses": 0,
        "sellingGeneralAndAdministrativeExpenses": 0,
        "otherExpenses": -20200000,
        "operatingExpenses": -20200000,
        "costAndExpenses": 12200000,
        "interestIncome": 0,
        "interestExpense": 7100000,
        "depreciationAndAmortization": 1800000,
        "ebitda": 8900000,
        "ebitdaratio": 0.0803249097,
        "operatingIncome": 90600000,
        "operatingIncomeRatio": 0.8176895307,
        "totalOtherIncomeExpensesNet": 59700000,
        "incomeBeforeTax": 150300000,
        "incomeBeforeTaxRatio": 1.3564981949,
        "incomeTaxExpense": 17500000,
        "netIncome": 66000000,
        "netIncomeRatio": 0.59566787,
        "eps": 0.18,
        "epsdiluted": 0.18,
        "weightedAverageShsOut": 124878561,
        "weightedAverageShsOutDil": 124878561,
        "link": "https://www.sec.gov/Archives/edgar/data/814585/000081458595000003/0000814585-95-000003-index.html",
        "finalLink": "https://www.sec.gov/Archives/edgar/data/814585/"
    },
    {
        "date": "1994-12-31",
        "symbol": "MBI",
        "reportedCurrency": "USD",
        "cik": "0000814585",
        "fillingDate": "1995-03-31",
        "acceptedDate": "1995-03-31 00:00:00",
        "calendarYear": "1994",
        "period": "Q4",
        "revenue": 109836000,
        "costOfRevenue": 0,
        "grossProfit": 109836000,
        "grossProfitRatio": 1,
        "researchAndDevelopmentExpenses": 0,
        "generalAndAdministrativeExpenses": 0,
        "sellingAndMarketingExpenses": 0,
        "sellingGeneralAndAdministrativeExpenses": 0,
        "otherExpenses": -21814000,
        "operatingExpenses": -21814000,
        "costAndExpenses": 73614000,
        "interestIncome": 0,
        "interestExpense": 7000000,
        "depreciationAndAmortization": 2108000,
        "ebitda": 90130000,
        "ebitdaratio": 0.8205870571,
        "operatingIncome": 88022000,
        "operatingIncomeRatio": 0.8013948068,
        "totalOtherIncomeExpensesNet": 241400000,
        "incomeBeforeTax": 329422000,
        "incomeBeforeTaxRatio": 2.9992170145,
        "incomeTaxExpense": 16513000,
        "netIncome": 64509000,
        "netIncomeRatio": 0.5873210969,
        "eps": 0.52,
        "epsdiluted": 0.52,
        "weightedAverageShsOut": 124528302,
        "weightedAverageShsOutDil": 124528302,
        "link": "https://www.sec.gov/Archives/edgar/data/814585/000081458595000002/0000814585-95-000002-index.html",
        "finalLink": "https://www.sec.gov/Archives/edgar/data/814585/"
    },
    {
        "date": "1994-09-30",
        "symbol": "MBI",
        "reportedCurrency": "USD",
        "cik": "0000814585",
        "fillingDate": "1994-11-15",
        "acceptedDate": "1994-11-15 00:00:00",
        "calendarYear": "1994",
        "period": "Q3",
        "revenue": 110000000,
        "costOfRevenue": 0,
        "grossProfit": 110000000,
        "grossProfitRatio": 1,
        "researchAndDevelopmentExpenses": 0,
        "generalAndAdministrativeExpenses": 0,
        "sellingAndMarketingExpenses": 0,
        "sellingGeneralAndAdministrativeExpenses": 0,
        "otherExpenses": -20600000,
        "operatingExpenses": -20600000,
        "costAndExpenses": 12000000,
        "interestIncome": 0,
        "interestExpense": 6800000,
        "depreciationAndAmortization": 2000000,
        "ebitda": 8800000,
        "ebitdaratio": 0.08,
        "operatingIncome": 89400000,
        "operatingIncomeRatio": 0.8127272727,
        "totalOtherIncomeExpensesNet": 55300000,
        "incomeBeforeTax": 144700000,
        "incomeBeforeTaxRatio": 1.3154545455,
        "incomeTaxExpense": 17600000,
        "netIncome": 65000000,
        "netIncomeRatio": 0.5909090909,
        "eps": 0.17,
        "epsdiluted": 0.17,
        "weightedAverageShsOut": 125079460,
        "weightedAverageShsOutDil": 125079460,
        "link": "https://www.sec.gov/Archives/edgar/data/814585/000081458594000034/0000814585-94-000034-index.html",
        "finalLink": "https://www.sec.gov/Archives/edgar/data/814585/"
    },
    {
        "date": "1994-06-30",
        "symbol": "MBI",
        "reportedCurrency": "USD",
        "cik": "0000814585",
        "fillingDate": "1994-08-12",
        "acceptedDate": "1994-08-12 00:00:00",
        "calendarYear": "1994",
        "period": "Q2",
        "revenue": 110100000,
        "costOfRevenue": 0,
        "grossProfit": 110100000,
        "grossProfitRatio": 1,
        "researchAndDevelopmentExpenses": 0,
        "generalAndAdministrativeExpenses": 0,
        "sellingAndMarketingExpenses": 0,
        "sellingGeneralAndAdministrativeExpenses": 0,
        "otherExpenses": -20300000,
        "operatingExpenses": -20300000,
        "costAndExpenses": 11800000,
        "interestIncome": 0,
        "interestExpense": 6700000,
        "depreciationAndAmortization": 2100000,
        "ebitda": 8800000,
        "ebitdaratio": 0.0799273388,
        "operatingIncome": 89800000,
        "operatingIncomeRatio": 0.8156221617,
        "totalOtherIncomeExpensesNet": 56400000,
        "incomeBeforeTax": 146200000,
        "incomeBeforeTaxRatio": 1.3278837421,
        "incomeTaxExpense": 18100000,
        "netIncome": 65000000,
        "netIncomeRatio": 0.5903723887,
        "eps": 0.17,
        "epsdiluted": 0.17,
        "weightedAverageShsOut": 124971514,
        "weightedAverageShsOutDil": 124971514,
        "link": "https://www.sec.gov/Archives/edgar/data/814585/000081458594000025/0000814585-94-000025-index.html",
        "finalLink": "https://www.sec.gov/Archives/edgar/data/814585/"
    },
    {
        "date": "1994-03-31",
        "symbol": "MBI",
        "reportedCurrency": "USD",
        "cik": "0000814585",
        "fillingDate": "1994-05-13",
        "acceptedDate": "1994-05-13 00:00:00",
        "calendarYear": "1994",
        "period": "Q1",
        "revenue": 109600000,
        "costOfRevenue": 0,
        "grossProfit": 109600000,
        "grossProfitRatio": 1,
        "researchAndDevelopmentExpenses": 0,
        "generalAndAdministrativeExpenses": 0,
        "sellingAndMarketingExpenses": 0,
        "sellingGeneralAndAdministrativeExpenses": 0,
        "otherExpenses": -20000000,
        "operatingExpenses": -20000000,
        "costAndExpenses": 12700000,
        "interestIncome": 0,
        "interestExpense": 6700000,
        "depreciationAndAmortization": 2000000,
        "ebitda": 8700000,
        "ebitdaratio": 0.079379562,
        "operatingIncome": 89600000,
        "operatingIncomeRatio": 0.8175182482,
        "totalOtherIncomeExpensesNet": 55100000,
        "incomeBeforeTax": 144700000,
        "incomeBeforeTaxRatio": 1.3202554745,
        "incomeTaxExpense": 17200000,
        "netIncome": 65700000,
        "netIncomeRatio": 0.5994525547,
        "eps": 0.17,
        "epsdiluted": 0.17,
        "weightedAverageShsOut": 124971514,
        "weightedAverageShsOutDil": 124971514,
        "link": "https://www.sec.gov/Archives/edgar/data/814585/000081458594000023/0000814585-94-000023-index.html",
        "finalLink": "https://www.sec.gov/Archives/edgar/data/814585/"
    },
    {
        "date": "1993-12-31",
        "symbol": "MBI",
        "reportedCurrency": "USD",
        "cik": "0000814585",
        "fillingDate": "1993-12-31",
        "acceptedDate": "1993-12-30 19:00:00",
        "calendarYear": "1993",
        "period": "Q4",
        "revenue": 109500000,
        "costOfRevenue": 0,
        "grossProfit": 109500000,
        "grossProfitRatio": 1,
        "researchAndDevelopmentExpenses": 0,
        "generalAndAdministrativeExpenses": 0,
        "sellingAndMarketingExpenses": 0,
        "sellingGeneralAndAdministrativeExpenses": 0,
        "otherExpenses": -21000000,
        "operatingExpenses": -21000000,
        "costAndExpenses": 13300000,
        "interestIncome": 0,
        "interestExpense": 6700000,
        "depreciationAndAmortization": 2100000,
        "ebitda": 8800000,
        "ebitdaratio": 0.0803652968,
        "operatingIncome": 88500000,
        "operatingIncomeRatio": 0.8082191781,
        "totalOtherIncomeExpensesNet": 51800000,
        "incomeBeforeTax": 140300000,
        "incomeBeforeTaxRatio": 1.2812785388,
        "incomeTaxExpense": 19100000,
        "netIncome": 62700000,
        "netIncomeRatio": 0.5726027397,
        "eps": 0.49,
        "epsdiluted": 0.49,
        "weightedAverageShsOut": 125379310,
        "weightedAverageShsOutDil": 127234043,
        "link": "",
        "finalLink": ""
    },
    {
        "date": "1993-09-30",
        "symbol": "MBI",
        "reportedCurrency": "USD",
        "cik": "0000814585",
        "fillingDate": "1993-09-30",
        "acceptedDate": "1993-09-29 20:00:00",
        "calendarYear": "1993",
        "period": "Q3",
        "revenue": 110200000,
        "costOfRevenue": 0,
        "grossProfit": 110200000,
        "grossProfitRatio": 1,
        "researchAndDevelopmentExpenses": 0,
        "generalAndAdministrativeExpenses": 0,
        "sellingAndMarketingExpenses": 0,
        "sellingGeneralAndAdministrativeExpenses": 0,
        "otherExpenses": -19100000,
        "operatingExpenses": -19100000,
        "costAndExpenses": 13100000,
        "interestIncome": 0,
        "interestExpense": 6700000,
        "depreciationAndAmortization": 1800000,
        "ebitda": 8500000,
        "ebitdaratio": 0.0771324864,
        "operatingIncome": 91100000,
        "operatingIncomeRatio": 0.8266787659,
        "totalOtherIncomeExpensesNet": 49000000,
        "incomeBeforeTax": 140100000,
        "incomeBeforeTaxRatio": 1.2713248639,
        "incomeTaxExpense": 24600000,
        "netIncome": 59800000,
        "netIncomeRatio": 0.5426497278,
        "eps": 0.16,
        "epsdiluted": 0.16,
        "weightedAverageShsOut": 126023988,
        "weightedAverageShsOutDil": 126023988,
        "link": "",
        "finalLink": ""
    },
    {
        "date": "1993-06-30",
        "symbol": "MBI",
        "reportedCurrency": "USD",
        "cik": "0000814585",
        "fillingDate": "1993-06-30",
        "acceptedDate": "1993-06-29 20:00:00",
        "calendarYear": "1993",
        "period": "Q2",
        "revenue": 108900000,
        "costOfRevenue": 0,
        "grossProfit": 108900000,
        "grossProfitRatio": 1,
        "researchAndDevelopmentExpenses": 0,
        "generalAndAdministrativeExpenses": 0,
        "sellingAndMarketingExpenses": 0,
        "sellingGeneralAndAdministrativeExpenses": 0,
        "otherExpenses": -19800000,
        "operatingExpenses": -19800000,
        "costAndExpenses": 13000000,
        "interestIncome": 0,
        "interestExpense": 6700000,
        "depreciationAndAmortization": 1600000,
        "ebitda": 8300000,
        "ebitdaratio": 0.0762167126,
        "operatingIncome": 89100000,
        "operatingIncomeRatio": 0.8181818182,
        "totalOtherIncomeExpensesNet": 50000000,
        "incomeBeforeTax": 139100000,
        "incomeBeforeTaxRatio": 1.277318641,
        "incomeTaxExpense": 18600000,
        "netIncome": 63800000,
        "netIncomeRatio": 0.5858585859,
        "eps": 0.17,
        "epsdiluted": 0.17,
        "weightedAverageShsOut": 125853073,
        "weightedAverageShsOutDil": 125853073,
        "link": "",
        "finalLink": ""
    },
    {
        "date": "1993-03-31",
        "symbol": "MBI",
        "reportedCurrency": "USD",
        "cik": "0000814585",
        "fillingDate": "1993-03-31",
        "acceptedDate": "1993-03-30 19:00:00",
        "calendarYear": "1993",
        "period": "Q1",
        "revenue": 100300000,
        "costOfRevenue": 0,
        "grossProfit": 100300000,
        "grossProfitRatio": 1,
        "researchAndDevelopmentExpenses": 0,
        "generalAndAdministrativeExpenses": 0,
        "sellingAndMarketingExpenses": 0,
        "sellingGeneralAndAdministrativeExpenses": 0,
        "otherExpenses": -5300000,
        "operatingExpenses": -5300000,
        "costAndExpenses": 12900000,
        "interestIncome": 0,
        "interestExpense": 6700000,
        "depreciationAndAmortization": 1800000,
        "ebitda": 8500000,
        "ebitdaratio": 0.0847457627,
        "operatingIncome": 95000000,
        "operatingIncomeRatio": 0.9471585244,
        "totalOtherIncomeExpensesNet": 46800000,
        "incomeBeforeTax": 141800000,
        "incomeBeforeTaxRatio": 1.4137587238,
        "incomeTaxExpense": 15700000,
        "netIncome": 72600000,
        "netIncomeRatio": 0.7238285145,
        "eps": 0.19,
        "epsdiluted": 0.19,
        "weightedAverageShsOut": 125751124,
        "weightedAverageShsOutDil": 125751124,
        "link": "",
        "finalLink": ""
    },
    {
        "date": "1992-12-31",
        "symbol": "MBI",
        "reportedCurrency": "USD",
        "cik": "0000814585",
        "fillingDate": "1992-12-31",
        "acceptedDate": "1992-12-30 19:00:00",
        "calendarYear": "1992",
        "period": "Q4",
        "revenue": 88900000,
        "costOfRevenue": 0,
        "grossProfit": 88900000,
        "grossProfitRatio": 1,
        "researchAndDevelopmentExpenses": 0,
        "generalAndAdministrativeExpenses": 0,
        "sellingAndMarketingExpenses": 0,
        "sellingGeneralAndAdministrativeExpenses": 0,
        "otherExpenses": -18000000,
        "operatingExpenses": -18000000,
        "costAndExpenses": 1500000,
        "interestIncome": 0,
        "interestExpense": 6500000,
        "depreciationAndAmortization": 6500000,
        "ebitda": 13000000,
        "ebitdaratio": 0.146231721,
        "operatingIncome": 70900000,
        "operatingIncomeRatio": 0.7975253093,
        "totalOtherIncomeExpensesNet": 45900000,
        "incomeBeforeTax": 116800000,
        "incomeBeforeTaxRatio": 1.3138357705,
        "incomeTaxExpense": 15500000,
        "netIncome": 48900000,
        "netIncomeRatio": 0.550056243,
        "eps": 0.4,
        "epsdiluted": 0.4,
        "weightedAverageShsOut": 121500000,
        "weightedAverageShsOutDil": 121500000,
        "link": "",
        "finalLink": ""
    },
    {
        "date": "1992-09-30",
        "symbol": "MBI",
        "reportedCurrency": "USD",
        "cik": "0000814585",
        "fillingDate": "1992-09-30",
        "acceptedDate": "1992-09-29 20:00:00",
        "calendarYear": "1992",
        "period": "Q3",
        "revenue": 82300000,
        "costOfRevenue": 0,
        "grossProfit": 82300000,
        "grossProfitRatio": 1,
        "researchAndDevelopmentExpenses": 0,
        "generalAndAdministrativeExpenses": 0,
        "sellingAndMarketingExpenses": 0,
        "sellingGeneralAndAdministrativeExpenses": 0,
        "otherExpenses": -15100000,
        "operatingExpenses": -15100000,
        "costAndExpenses": 12500000,
        "interestIncome": 0,
        "interestExpense": 4700000,
        "depreciationAndAmortization": 500000,
        "ebitda": 5200000,
        "ebitdaratio": 0.0631834751,
        "operatingIncome": 67200000,
        "operatingIncomeRatio": 0.8165249089,
        "totalOtherIncomeExpensesNet": 41700000,
        "incomeBeforeTax": 108900000,
        "incomeBeforeTaxRatio": 1.3232077764,
        "incomeTaxExpense": 13900000,
        "netIncome": 48600000,
        "netIncomeRatio": 0.5905224787,
        "eps": 0.13,
        "epsdiluted": 0.13,
        "weightedAverageShsOut": 120794603,
        "weightedAverageShsOutDil": 120794603,
        "link": "",
        "finalLink": ""
    },
    {
        "date": "1992-06-30",
        "symbol": "MBI",
        "reportedCurrency": "USD",
        "cik": "0000814585",
        "fillingDate": "1992-06-30",
        "acceptedDate": "1992-06-29 20:00:00",
        "calendarYear": "1992",
        "period": "Q2",
        "revenue": 81300000,
        "costOfRevenue": 0,
        "grossProfit": 81300000,
        "grossProfitRatio": 1,
        "researchAndDevelopmentExpenses": 0,
        "generalAndAdministrativeExpenses": 0,
        "sellingAndMarketingExpenses": 0,
        "sellingGeneralAndAdministrativeExpenses": 0,
        "otherExpenses": -15400000,
        "operatingExpenses": -15400000,
        "costAndExpenses": 11900000,
        "interestIncome": 0,
        "interestExpense": 4700000,
        "depreciationAndAmortization": -1200000,
        "ebitda": 3500000,
        "ebitdaratio": 0.0430504305,
        "operatingIncome": 65900000,
        "operatingIncomeRatio": 0.8105781058,
        "totalOtherIncomeExpensesNet": 40800000,
        "incomeBeforeTax": 106700000,
        "incomeBeforeTaxRatio": 1.3124231242,
        "incomeTaxExpense": 13300000,
        "netIncome": 47900000,
        "netIncomeRatio": 0.5891758918,
        "eps": 0.13,
        "epsdiluted": 0.13,
        "weightedAverageShsOut": 120587706,
        "weightedAverageShsOutDil": 120587706,
        "link": "",
        "finalLink": ""
    },
    {
        "date": "1992-03-31",
        "symbol": "MBI",
        "reportedCurrency": "USD",
        "cik": "0000814585",
        "fillingDate": "1992-03-31",
        "acceptedDate": "1992-03-30 19:00:00",
        "calendarYear": "1992",
        "period": "Q1",
        "revenue": 75400000,
        "costOfRevenue": 0,
        "grossProfit": 75400000,
        "grossProfitRatio": 1,
        "researchAndDevelopmentExpenses": 0,
        "generalAndAdministrativeExpenses": 0,
        "sellingAndMarketingExpenses": 0,
        "sellingGeneralAndAdministrativeExpenses": 0,
        "otherExpenses": -14500000,
        "operatingExpenses": -14500000,
        "costAndExpenses": 12800000,
        "interestIncome": 0,
        "interestExpense": 4700000,
        "depreciationAndAmortization": 2400000,
        "ebitda": 7100000,
        "ebitdaratio": 0.0941644562,
        "operatingIncome": 60900000,
        "operatingIncomeRatio": 0.8076923077,
        "totalOtherIncomeExpensesNet": 36600000,
        "incomeBeforeTax": 97500000,
        "incomeBeforeTaxRatio": 1.2931034483,
        "incomeTaxExpense": 13000000,
        "netIncome": 43200000,
        "netIncomeRatio": 0.5729442971,
        "eps": 0.12,
        "epsdiluted": 0.12,
        "weightedAverageShsOut": 120359820,
        "weightedAverageShsOutDil": 120359820,
        "link": "",
        "finalLink": ""
    },
    {
        "date": "1991-12-31",
        "symbol": "MBI",
        "reportedCurrency": "USD",
        "cik": "0000814585",
        "fillingDate": "1991-12-31",
        "acceptedDate": "1991-12-30 19:00:00",
        "calendarYear": "1991",
        "period": "Q4",
        "revenue": 74600000,
        "costOfRevenue": 0,
        "grossProfit": 74600000,
        "grossProfitRatio": 1,
        "researchAndDevelopmentExpenses": 0,
        "generalAndAdministrativeExpenses": 0,
        "sellingAndMarketingExpenses": 0,
        "sellingGeneralAndAdministrativeExpenses": 0,
        "otherExpenses": -16400000,
        "operatingExpenses": -16400000,
        "costAndExpenses": 11500000,
        "interestIncome": 0,
        "interestExpense": 4800000,
        "depreciationAndAmortization": 6000000,
        "ebitda": 10800000,
        "ebitdaratio": 0.144772118,
        "operatingIncome": 58200000,
        "operatingIncomeRatio": 0.7801608579,
        "totalOtherIncomeExpensesNet": 35300000,
        "incomeBeforeTax": 93500000,
        "incomeBeforeTaxRatio": 1.2533512064,
        "incomeTaxExpense": 13100000,
        "netIncome": 40300000,
        "netIncomeRatio": 0.5402144772,
        "eps": 0.35,
        "epsdiluted": 0.35,
        "weightedAverageShsOut": 115000000,
        "weightedAverageShsOutDil": 115000000,
        "link": "",
        "finalLink": ""
    },
    {
        "date": "1991-09-30",
        "symbol": "MBI",
        "reportedCurrency": "USD",
        "cik": "0000814585",
        "fillingDate": "1991-09-30",
        "acceptedDate": "1991-09-29 20:00:00",
        "calendarYear": "1991",
        "period": "Q3",
        "revenue": 67400000,
        "costOfRevenue": 0,
        "grossProfit": 67400000,
        "grossProfitRatio": 1,
        "researchAndDevelopmentExpenses": 0,
        "generalAndAdministrativeExpenses": 0,
        "sellingAndMarketingExpenses": 0,
        "sellingGeneralAndAdministrativeExpenses": 0,
        "otherExpenses": -11000000,
        "operatingExpenses": -11000000,
        "costAndExpenses": 10500000,
        "interestIncome": 0,
        "interestExpense": 4700000,
        "depreciationAndAmortization": -3900000,
        "ebitda": 800000,
        "ebitdaratio": 0.0118694362,
        "operatingIncome": 56400000,
        "operatingIncomeRatio": 0.8367952522,
        "totalOtherIncomeExpensesNet": 36700000,
        "incomeBeforeTax": 93100000,
        "incomeBeforeTaxRatio": 1.381305638,
        "incomeTaxExpense": 12600000,
        "netIncome": 39100000,
        "netIncomeRatio": 0.5801186944,
        "eps": 0.11,
        "epsdiluted": 0.11,
        "weightedAverageShsOut": 115331334,
        "weightedAverageShsOutDil": 115331334,
        "link": "",
        "finalLink": ""
    },
    {
        "date": "1991-06-30",
        "symbol": "MBI",
        "reportedCurrency": "USD",
        "cik": "0000814585",
        "fillingDate": "1991-06-30",
        "acceptedDate": "1991-06-29 20:00:00",
        "calendarYear": "1991",
        "period": "Q2",
        "revenue": 64600000,
        "costOfRevenue": 0,
        "grossProfit": 64600000,
        "grossProfitRatio": 1,
        "researchAndDevelopmentExpenses": 0,
        "generalAndAdministrativeExpenses": 0,
        "sellingAndMarketingExpenses": 0,
        "sellingGeneralAndAdministrativeExpenses": 0,
        "otherExpenses": -10700000,
        "operatingExpenses": -10700000,
        "costAndExpenses": 9900000,
        "interestIncome": 0,
        "interestExpense": 4800000,
        "depreciationAndAmortization": 2600000,
        "ebitda": 7400000,
        "ebitdaratio": 0.1145510836,
        "operatingIncome": 53900000,
        "operatingIncomeRatio": 0.8343653251,
        "totalOtherIncomeExpensesNet": 33100000,
        "incomeBeforeTax": 87000000,
        "incomeBeforeTaxRatio": 1.346749226,
        "incomeTaxExpense": 12000000,
        "netIncome": 37100000,
        "netIncomeRatio": 0.5743034056,
        "eps": 0.11,
        "epsdiluted": 0.11,
        "weightedAverageShsOut": 114962519,
        "weightedAverageShsOutDil": 114962519,
        "link": "",
        "finalLink": ""
    },
    {
        "date": "1991-03-31",
        "symbol": "MBI",
        "reportedCurrency": "USD",
        "cik": "0000814585",
        "fillingDate": "1991-03-31",
        "acceptedDate": "1991-03-30 19:00:00",
        "calendarYear": "1991",
        "period": "Q1",
        "revenue": 62300000,
        "costOfRevenue": 0,
        "grossProfit": 62300000,
        "grossProfitRatio": 1,
        "researchAndDevelopmentExpenses": 0,
        "generalAndAdministrativeExpenses": 0,
        "sellingAndMarketingExpenses": 0,
        "sellingGeneralAndAdministrativeExpenses": 0,
        "otherExpenses": -22400000,
        "operatingExpenses": -22400000,
        "costAndExpenses": 11000000,
        "interestIncome": 0,
        "interestExpense": 4400000,
        "depreciationAndAmortization": 2700000,
        "ebitda": 7100000,
        "ebitdaratio": 0.113964687,
        "operatingIncome": 39900000,
        "operatingIncomeRatio": 0.6404494382,
        "totalOtherIncomeExpensesNet": 31700000,
        "incomeBeforeTax": 71600000,
        "incomeBeforeTaxRatio": 1.1492776886,
        "incomeTaxExpense": 7300000,
        "netIncome": 28200000,
        "netIncomeRatio": 0.4526484751,
        "eps": 0.0833,
        "epsdiluted": 0.0833,
        "weightedAverageShsOut": 114908546,
        "weightedAverageShsOutDil": 114908546,
        "link": "",
        "finalLink": ""
    },
    {
        "date": "1990-12-31",
        "symbol": "MBI",
        "reportedCurrency": "USD",
        "cik": "0000814585",
        "fillingDate": "1990-12-31",
        "acceptedDate": "1990-12-30 19:00:00",
        "calendarYear": "1990",
        "period": "Q4",
        "revenue": 57000000,
        "costOfRevenue": 0,
        "grossProfit": 57000000,
        "grossProfitRatio": 1,
        "researchAndDevelopmentExpenses": 0,
        "generalAndAdministrativeExpenses": 0,
        "sellingAndMarketingExpenses": 0,
        "sellingGeneralAndAdministrativeExpenses": 0,
        "otherExpenses": -13800000,
        "operatingExpenses": -13800000,
        "costAndExpenses": 11600000,
        "interestIncome": 0,
        "interestExpense": 4300000,
        "depreciationAndAmortization": 2600000,
        "ebitda": 6900000,
        "ebitdaratio": 0.1210526316,
        "operatingIncome": 43200000,
        "operatingIncomeRatio": 0.7578947368,
        "totalOtherIncomeExpensesNet": 30100000,
        "incomeBeforeTax": 73300000,
        "incomeBeforeTaxRatio": 1.2859649123,
        "incomeTaxExpense": 9100000,
        "netIncome": 29800000,
        "netIncomeRatio": 0.5228070175,
        "eps": 0.26,
        "epsdiluted": 0.26,
        "weightedAverageShsOut": 112464768,
        "weightedAverageShsOutDil": 114827586,
        "link": "",
        "finalLink": ""
    },
    {
        "date": "1990-09-30",
        "symbol": "MBI",
        "reportedCurrency": "USD",
        "cik": "0000814585",
        "fillingDate": "1990-09-30",
        "acceptedDate": "1990-09-29 20:00:00",
        "calendarYear": "1990",
        "period": "Q3",
        "revenue": 56300000,
        "costOfRevenue": 0,
        "grossProfit": 56300000,
        "grossProfitRatio": 1,
        "researchAndDevelopmentExpenses": 0,
        "generalAndAdministrativeExpenses": 0,
        "sellingAndMarketingExpenses": 0,
        "sellingGeneralAndAdministrativeExpenses": 0,
        "otherExpenses": -8300000,
        "operatingExpenses": -8300000,
        "costAndExpenses": 6200000,
        "interestIncome": 0,
        "interestExpense": 4200000,
        "depreciationAndAmortization": 3500000,
        "ebitda": 7700000,
        "ebitdaratio": 0.1367673179,
        "operatingIncome": 48000000,
        "operatingIncomeRatio": 0.8525754885,
        "totalOtherIncomeExpensesNet": 29600000,
        "incomeBeforeTax": 77600000,
        "incomeBeforeTaxRatio": 1.378330373,
        "incomeTaxExpense": 10500000,
        "netIncome": 33300000,
        "netIncomeRatio": 0.5914742451,
        "eps": 0.0967,
        "epsdiluted": 0.0967,
        "weightedAverageShsOut": 115142429,
        "weightedAverageShsOutDil": 115142429,
        "link": "",
        "finalLink": ""
    },
    {
        "date": "1990-06-30",
        "symbol": "MBI",
        "reportedCurrency": "USD",
        "cik": "0000814585",
        "fillingDate": "1990-06-30",
        "acceptedDate": "1990-06-29 20:00:00",
        "calendarYear": "1990",
        "period": "Q2",
        "revenue": 55700000,
        "costOfRevenue": 0,
        "grossProfit": 55700000,
        "grossProfitRatio": 1,
        "researchAndDevelopmentExpenses": 0,
        "generalAndAdministrativeExpenses": 0,
        "sellingAndMarketingExpenses": 0,
        "sellingGeneralAndAdministrativeExpenses": 0,
        "otherExpenses": -9300000,
        "operatingExpenses": -9300000,
        "costAndExpenses": 12700000,
        "interestIncome": 0,
        "interestExpense": 4400000,
        "depreciationAndAmortization": 3500000,
        "ebitda": 7900000,
        "ebitdaratio": 0.1418312388,
        "operatingIncome": 46400000,
        "operatingIncomeRatio": 0.8330341113,
        "totalOtherIncomeExpensesNet": 29100000,
        "incomeBeforeTax": 75500000,
        "incomeBeforeTaxRatio": 1.355475763,
        "incomeTaxExpense": 9800000,
        "netIncome": 32200000,
        "netIncomeRatio": 0.5780969479,
        "eps": 0.0967,
        "epsdiluted": 0.0967,
        "weightedAverageShsOut": 112314843,
        "weightedAverageShsOutDil": 112314843,
        "link": "",
        "finalLink": ""
    },
    {
        "date": "1990-03-31",
        "symbol": "MBI",
        "reportedCurrency": "USD",
        "cik": "0000814585",
        "fillingDate": "1990-03-31",
        "acceptedDate": "1990-03-30 19:00:00",
        "calendarYear": "1990",
        "period": "Q1",
        "revenue": 54700000,
        "costOfRevenue": 0,
        "grossProfit": 54700000,
        "grossProfitRatio": 1,
        "researchAndDevelopmentExpenses": 0,
        "generalAndAdministrativeExpenses": 0,
        "sellingAndMarketingExpenses": 0,
        "sellingGeneralAndAdministrativeExpenses": 0,
        "otherExpenses": -9700000,
        "operatingExpenses": -9700000,
        "costAndExpenses": 10300000,
        "interestIncome": 0,
        "interestExpense": 4400000,
        "depreciationAndAmortization": 3300000,
        "ebitda": 7700000,
        "ebitdaratio": 0.1407678245,
        "operatingIncome": 45000000,
        "operatingIncomeRatio": 0.8226691042,
        "totalOtherIncomeExpensesNet": 28100000,
        "incomeBeforeTax": 73100000,
        "incomeBeforeTaxRatio": 1.3363802559,
        "incomeTaxExpense": 9300000,
        "netIncome": 31300000,
        "netIncomeRatio": 0.5722120658,
        "eps": 0.0933,
        "epsdiluted": 0.0933,
        "weightedAverageShsOut": 114908546,
        "weightedAverageShsOutDil": 114908546,
        "link": "",
        "finalLink": ""
    },
    {
        "date": "1989-12-31",
        "symbol": "MBI",
        "reportedCurrency": "USD",
        "cik": "0000814585",
        "fillingDate": "1989-12-31",
        "acceptedDate": "1989-12-30 19:00:00",
        "calendarYear": "1989",
        "period": "Q4",
        "revenue": 44000000,
        "costOfRevenue": 0,
        "grossProfit": 44000000,
        "grossProfitRatio": 1,
        "researchAndDevelopmentExpenses": 0,
        "generalAndAdministrativeExpenses": 0,
        "sellingAndMarketingExpenses": 0,
        "sellingGeneralAndAdministrativeExpenses": 0,
        "otherExpenses": -9000000,
        "operatingExpenses": -9000000,
        "costAndExpenses": 7900000,
        "interestIncome": 0,
        "interestExpense": 0,
        "depreciationAndAmortization": 2800000,
        "ebitda": 0,
        "ebitdaratio": 0,
        "operatingIncome": 35000000,
        "operatingIncomeRatio": 0.7954545455,
        "totalOtherIncomeExpensesNet": 0,
        "incomeBeforeTax": 55800000,
        "incomeBeforeTaxRatio": 1.2681818182,
        "incomeTaxExpense": 9200000,
        "netIncome": 25800000,
        "netIncomeRatio": 0.5863636364,
        "eps": 0.23,
        "epsdiluted": 0.23,
        "weightedAverageShsOut": 113043478,
        "weightedAverageShsOutDil": 113043478,
        "link": "",
        "finalLink": ""
    },
    {
        "date": "1989-09-30",
        "symbol": "MBI",
        "reportedCurrency": "USD",
        "cik": "0000814585",
        "fillingDate": "1989-09-30",
        "acceptedDate": "1989-09-29 20:00:00",
        "calendarYear": "1989",
        "period": "Q3",
        "revenue": 44500000,
        "costOfRevenue": 0,
        "grossProfit": 44500000,
        "grossProfitRatio": 1,
        "researchAndDevelopmentExpenses": 0,
        "generalAndAdministrativeExpenses": 0,
        "sellingAndMarketingExpenses": 0,
        "sellingGeneralAndAdministrativeExpenses": 0,
        "otherExpenses": -11000000,
        "operatingExpenses": -11000000,
        "costAndExpenses": 5900000,
        "interestIncome": 0,
        "interestExpense": 0,
        "depreciationAndAmortization": 2900000,
        "ebitda": 0,
        "ebitdaratio": 0,
        "operatingIncome": 33500000,
        "operatingIncomeRatio": 0.7528089888,
        "totalOtherIncomeExpensesNet": 0,
        "incomeBeforeTax": 54400000,
        "incomeBeforeTaxRatio": 1.2224719101,
        "incomeTaxExpense": 7500000,
        "netIncome": 26000000,
        "netIncomeRatio": 0.5842696629,
        "eps": 0.0767,
        "epsdiluted": 0.0767,
        "weightedAverageShsOut": 110221889,
        "weightedAverageShsOutDil": 110221889,
        "link": "",
        "finalLink": ""
    },
    {
        "date": "1989-06-30",
        "symbol": "MBI",
        "reportedCurrency": "USD",
        "cik": "0000814585",
        "fillingDate": "1989-06-30",
        "acceptedDate": "1989-06-29 20:00:00",
        "calendarYear": "1989",
        "period": "Q2",
        "revenue": 42200000,
        "costOfRevenue": 0,
        "grossProfit": 42200000,
        "grossProfitRatio": 1,
        "researchAndDevelopmentExpenses": 0,
        "generalAndAdministrativeExpenses": 0,
        "sellingAndMarketingExpenses": 0,
        "sellingGeneralAndAdministrativeExpenses": 0,
        "otherExpenses": -9100000,
        "operatingExpenses": -9100000,
        "costAndExpenses": 5100000,
        "interestIncome": 0,
        "interestExpense": 0,
        "depreciationAndAmortization": 0,
        "ebitda": 33100000,
        "ebitdaratio": 0.7843601896,
        "operatingIncome": 33100000,
        "operatingIncomeRatio": 0.7843601896,
        "totalOtherIncomeExpensesNet": 19400000,
        "incomeBeforeTax": 52500000,
        "incomeBeforeTaxRatio": 1.2440758294,
        "incomeTaxExpense": 8200000,
        "netIncome": 24900000,
        "netIncomeRatio": 0.5900473934,
        "eps": 0.0767,
        "epsdiluted": 0.0767,
        "weightedAverageShsOut": 110221889,
        "weightedAverageShsOutDil": 110221889,
        "link": "",
        "finalLink": ""
    },
    {
        "date": "1989-03-31",
        "symbol": "MBI",
        "reportedCurrency": "USD",
        "cik": "0000814585",
        "fillingDate": "1989-03-31",
        "acceptedDate": "1989-03-30 19:00:00",
        "calendarYear": "1989",
        "period": "Q1",
        "revenue": 41000000,
        "costOfRevenue": 0,
        "grossProfit": 41000000,
        "grossProfitRatio": 1,
        "researchAndDevelopmentExpenses": 0,
        "generalAndAdministrativeExpenses": 0,
        "sellingAndMarketingExpenses": 0,
        "sellingGeneralAndAdministrativeExpenses": 0,
        "otherExpenses": -15500000,
        "operatingExpenses": -15500000,
        "costAndExpenses": -15500000,
        "interestIncome": 0,
        "interestExpense": 0,
        "depreciationAndAmortization": 0,
        "ebitda": 25500000,
        "ebitdaratio": 0.6219512195,
        "operatingIncome": 25500000,
        "operatingIncomeRatio": 0.6219512195,
        "totalOtherIncomeExpensesNet": 0,
        "incomeBeforeTax": 0,
        "incomeBeforeTaxRatio": 0,
        "incomeTaxExpense": -25500000,
        "netIncome": 25500000,
        "netIncomeRatio": 0.6219512195,
        "eps": 0.0767,
        "epsdiluted": 0.0767,
        "weightedAverageShsOut": 112356822,
        "weightedAverageShsOutDil": 112356822,
        "link": "",
        "finalLink": ""
    },
    {
        "date": "1988-12-31",
        "symbol": "MBI",
        "reportedCurrency": "USD",
        "cik": "0000814585",
        "fillingDate": "1988-12-31",
        "acceptedDate": "1988-12-30 19:00:00",
        "calendarYear": "1988",
        "period": "Q4",
        "revenue": 42700000,
        "costOfRevenue": 0,
        "grossProfit": 42700000,
        "grossProfitRatio": 1,
        "researchAndDevelopmentExpenses": 0,
        "generalAndAdministrativeExpenses": 0,
        "sellingAndMarketingExpenses": 0,
        "sellingGeneralAndAdministrativeExpenses": 0,
        "otherExpenses": -19100000,
        "operatingExpenses": -19100000,
        "costAndExpenses": -19100000,
        "interestIncome": 0,
        "interestExpense": 0,
        "depreciationAndAmortization": 0,
        "ebitda": 23600000,
        "ebitdaratio": 0.5526932084,
        "operatingIncome": 23600000,
        "operatingIncomeRatio": 0.5526932084,
        "totalOtherIncomeExpensesNet": 0,
        "incomeBeforeTax": 0,
        "incomeBeforeTaxRatio": 0,
        "incomeTaxExpense": -23600000,
        "netIncome": 23600000,
        "netIncomeRatio": 0.5526932084,
        "eps": 0.22,
        "epsdiluted": 0.22,
        "weightedAverageShsOut": 109047619,
        "weightedAverageShsOutDil": 109047619,
        "link": "",
        "finalLink": ""
    },
    {
        "date": "1988-09-30",
        "symbol": "MBI",
        "reportedCurrency": "USD",
        "cik": "0000814585",
        "fillingDate": "1988-09-30",
        "acceptedDate": "1988-09-29 20:00:00",
        "calendarYear": "1988",
        "period": "Q3",
        "revenue": 36600000,
        "costOfRevenue": 0,
        "grossProfit": 36600000,
        "grossProfitRatio": 1,
        "researchAndDevelopmentExpenses": 0,
        "generalAndAdministrativeExpenses": 0,
        "sellingAndMarketingExpenses": 0,
        "sellingGeneralAndAdministrativeExpenses": 0,
        "otherExpenses": -13700000,
        "operatingExpenses": -13700000,
        "costAndExpenses": -13700000,
        "interestIncome": 0,
        "interestExpense": 0,
        "depreciationAndAmortization": 0,
        "ebitda": 22900000,
        "ebitdaratio": 0.6256830601,
        "operatingIncome": 22900000,
        "operatingIncomeRatio": 0.6256830601,
        "totalOtherIncomeExpensesNet": 0,
        "incomeBeforeTax": 0,
        "incomeBeforeTaxRatio": 0,
        "incomeTaxExpense": -22900000,
        "netIncome": 22900000,
        "netIncomeRatio": 0.6256830601,
        "eps": 0.07,
        "epsdiluted": 0.07,
        "weightedAverageShsOut": 112356822,
        "weightedAverageShsOutDil": 112356822,
        "link": "",
        "finalLink": ""
    },
    {
        "date": "1988-06-30",
        "symbol": "MBI",
        "reportedCurrency": "USD",
        "cik": "0000814585",
        "fillingDate": "1988-06-30",
        "acceptedDate": "1988-06-29 20:00:00",
        "calendarYear": "1988",
        "period": "Q2",
        "revenue": 35000000,
        "costOfRevenue": 0,
        "grossProfit": 35000000,
        "grossProfitRatio": 1,
        "researchAndDevelopmentExpenses": 0,
        "generalAndAdministrativeExpenses": 0,
        "sellingAndMarketingExpenses": 0,
        "sellingGeneralAndAdministrativeExpenses": 0,
        "otherExpenses": -12600000,
        "operatingExpenses": -12600000,
        "costAndExpenses": -12600000,
        "interestIncome": 0,
        "interestExpense": 0,
        "depreciationAndAmortization": 0,
        "ebitda": 22400000,
        "ebitdaratio": 0.64,
        "operatingIncome": 22400000,
        "operatingIncomeRatio": 0.64,
        "totalOtherIncomeExpensesNet": 0,
        "incomeBeforeTax": 0,
        "incomeBeforeTaxRatio": 0,
        "incomeTaxExpense": -22400000,
        "netIncome": 22400000,
        "netIncomeRatio": 0.64,
        "eps": 0.0667,
        "epsdiluted": 0.0667,
        "weightedAverageShsOut": 112356822,
        "weightedAverageShsOutDil": 112356822,
        "link": "",
        "finalLink": ""
    },
    {
        "date": "1988-03-31",
        "symbol": "MBI",
        "reportedCurrency": "USD",
        "cik": "0000814585",
        "fillingDate": "1988-03-31",
        "acceptedDate": "1988-03-30 19:00:00",
        "calendarYear": "1988",
        "period": "Q1",
        "revenue": 36500000,
        "costOfRevenue": 0,
        "grossProfit": 36500000,
        "grossProfitRatio": 1,
        "researchAndDevelopmentExpenses": 0,
        "generalAndAdministrativeExpenses": 0,
        "sellingAndMarketingExpenses": 0,
        "sellingGeneralAndAdministrativeExpenses": 0,
        "otherExpenses": -13300000,
        "operatingExpenses": -13300000,
        "costAndExpenses": -13300000,
        "interestIncome": 0,
        "interestExpense": 0,
        "depreciationAndAmortization": 0,
        "ebitda": 23200000,
        "ebitdaratio": 0.6356164384,
        "operatingIncome": 23200000,
        "operatingIncomeRatio": 0.6356164384,
        "totalOtherIncomeExpensesNet": 0,
        "incomeBeforeTax": 0,
        "incomeBeforeTaxRatio": 0,
        "incomeTaxExpense": -23200000,
        "netIncome": 23200000,
        "netIncomeRatio": 0.6356164384,
        "eps": 0.07,
        "epsdiluted": 0.07,
        "weightedAverageShsOut": 112356822,
        "weightedAverageShsOutDil": 112356822,
        "link": "",
        "finalLink": ""
    },
    {
        "date": "1987-12-31",
        "symbol": "MBI",
        "reportedCurrency": "USD",
        "cik": "0000814585",
        "fillingDate": "1987-12-31",
        "acceptedDate": "1987-12-30 19:00:00",
        "calendarYear": "1987",
        "period": "Q4",
        "revenue": 33300000,
        "costOfRevenue": 0,
        "grossProfit": 33300000,
        "grossProfitRatio": 1,
        "researchAndDevelopmentExpenses": 0,
        "generalAndAdministrativeExpenses": 0,
        "sellingAndMarketingExpenses": 0,
        "sellingGeneralAndAdministrativeExpenses": 0,
        "otherExpenses": -15600000,
        "operatingExpenses": -15600000,
        "costAndExpenses": -15600000,
        "interestIncome": 0,
        "interestExpense": 0,
        "depreciationAndAmortization": 0,
        "ebitda": 17700000,
        "ebitdaratio": 0.5315315315,
        "operatingIncome": 17700000,
        "operatingIncomeRatio": 0.5315315315,
        "totalOtherIncomeExpensesNet": 0,
        "incomeBeforeTax": 0,
        "incomeBeforeTaxRatio": 0,
        "incomeTaxExpense": -17700000,
        "netIncome": 17700000,
        "netIncomeRatio": 0.5315315315,
        "eps": 0.16,
        "epsdiluted": 0.16,
        "weightedAverageShsOut": 111333333,
        "weightedAverageShsOutDil": 111333333,
        "link": "",
        "finalLink": ""
    },
    {
        "date": "1987-09-30",
        "symbol": "MBI",
        "reportedCurrency": "USD",
        "cik": "0000814585",
        "fillingDate": "1987-09-30",
        "acceptedDate": "1987-09-29 20:00:00",
        "calendarYear": "1987",
        "period": "Q3",
        "revenue": 32100000,
        "costOfRevenue": 0,
        "grossProfit": 32100000,
        "grossProfitRatio": 1,
        "researchAndDevelopmentExpenses": 0,
        "generalAndAdministrativeExpenses": 0,
        "sellingAndMarketingExpenses": 0,
        "sellingGeneralAndAdministrativeExpenses": 0,
        "otherExpenses": -15400000,
        "operatingExpenses": -15400000,
        "costAndExpenses": -15400000,
        "interestIncome": 0,
        "interestExpense": 0,
        "depreciationAndAmortization": 0,
        "ebitda": 16700000,
        "ebitdaratio": 0.5202492212,
        "operatingIncome": 16700000,
        "operatingIncomeRatio": 0.5202492212,
        "totalOtherIncomeExpensesNet": 0,
        "incomeBeforeTax": 0,
        "incomeBeforeTaxRatio": 0,
        "incomeTaxExpense": -16700000,
        "netIncome": 16700000,
        "netIncomeRatio": 0.5202492212,
        "eps": 0.05,
        "epsdiluted": 0.05,
        "weightedAverageShsOut": 112533733,
        "weightedAverageShsOutDil": 112533733,
        "link": "",
        "finalLink": ""
    },
    {
        "date": "1987-06-30",
        "symbol": "MBI",
        "reportedCurrency": "USD",
        "cik": "0000814585",
        "fillingDate": "1987-06-30",
        "acceptedDate": "1987-06-29 20:00:00",
        "calendarYear": "1987",
        "period": "Q2",
        "revenue": 33300000,
        "costOfRevenue": 0,
        "grossProfit": 33300000,
        "grossProfitRatio": 1,
        "researchAndDevelopmentExpenses": 0,
        "generalAndAdministrativeExpenses": 0,
        "sellingAndMarketingExpenses": 0,
        "sellingGeneralAndAdministrativeExpenses": 0,
        "otherExpenses": -14300000,
        "operatingExpenses": -14300000,
        "costAndExpenses": -14300000,
        "interestIncome": 0,
        "interestExpense": 0,
        "depreciationAndAmortization": 0,
        "ebitda": 19000000,
        "ebitdaratio": 0.5705705706,
        "operatingIncome": 19000000,
        "operatingIncomeRatio": 0.5705705706,
        "totalOtherIncomeExpensesNet": 0,
        "incomeBeforeTax": 0,
        "incomeBeforeTaxRatio": 0,
        "incomeTaxExpense": -19000000,
        "netIncome": 19000000,
        "netIncomeRatio": 0.5705705706,
        "eps": 0.0567,
        "epsdiluted": 0.0567,
        "weightedAverageShsOut": 112533732,
        "weightedAverageShsOutDil": 112533732,
        "link": "",
        "finalLink": ""
    },
    {
        "date": "1987-03-31",
        "symbol": "MBI",
        "reportedCurrency": "USD",
        "cik": "0000814585",
        "fillingDate": "1987-03-31",
        "acceptedDate": "1987-03-30 19:00:00",
        "calendarYear": "1987",
        "period": "Q1",
        "revenue": 36700000,
        "costOfRevenue": 0,
        "grossProfit": 36700000,
        "grossProfitRatio": 1,
        "researchAndDevelopmentExpenses": 0,
        "generalAndAdministrativeExpenses": 0,
        "sellingAndMarketingExpenses": 0,
        "sellingGeneralAndAdministrativeExpenses": 0,
        "otherExpenses": -16300000,
        "operatingExpenses": -16300000,
        "costAndExpenses": -16300000,
        "interestIncome": 0,
        "interestExpense": 0,
        "depreciationAndAmortization": 0,
        "ebitda": 20400000,
        "ebitdaratio": 0.5558583106,
        "operatingIncome": 20400000,
        "operatingIncomeRatio": 0.5558583106,
        "totalOtherIncomeExpensesNet": 0,
        "incomeBeforeTax": 0,
        "incomeBeforeTaxRatio": 0,
        "incomeTaxExpense": -20400000,
        "netIncome": 20400000,
        "netIncomeRatio": 0.5558583106,
        "eps": 0.06,
        "epsdiluted": 0.06,
        "weightedAverageShsOut": 112533732,
        "weightedAverageShsOutDil": 112533732,
        "link": "",
        "finalLink": ""
    }
]