[
    {
        "date": "2025-06-30",
        "symbol": "MCD",
        "reportedCurrency": "USD",
        "cik": "0000063908",
        "fillingDate": "2025-08-06",
        "acceptedDate": "2025-08-06 12:17:04",
        "calendarYear": "2025",
        "period": "Q2",
        "revenue": 6843000000,
        "costOfRevenue": 2881000000,
        "grossProfit": 3962000000,
        "grossProfitRatio": 0.5789858249,
        "researchAndDevelopmentExpenses": 0,
        "generalAndAdministrativeExpenses": 0,
        "sellingAndMarketingExpenses": 0,
        "sellingGeneralAndAdministrativeExpenses": 595000000,
        "otherExpenses": 135000000,
        "operatingExpenses": 730000000,
        "costAndExpenses": 3611000000,
        "interestIncome": 20000000,
        "interestExpense": 390000000,
        "depreciationAndAmortization": 544000000,
        "ebitda": 3795000000,
        "ebitdaratio": 0.554581324,
        "operatingIncome": 3232000000,
        "operatingIncomeRatio": 0.4723074675,
        "totalOtherIncomeExpensesNet": -371000000,
        "incomeBeforeTax": 2861000000,
        "incomeBeforeTaxRatio": 0.4180914803,
        "incomeTaxExpense": 608000000,
        "netIncome": 2253000000,
        "netIncomeRatio": 0.3292415607,
        "eps": 3.15,
        "epsdiluted": 3.14,
        "weightedAverageShsOut": 714500000,
        "weightedAverageShsOutDil": 717600000,
        "link": "https://www.sec.gov/Archives/edgar/data/63908/000006390825000039/0000063908-25-000039-index.htm",
        "finalLink": "https://www.sec.gov/Archives/edgar/data/63908/000006390825000039/mcd-20250630.htm"
    },
    {
        "date": "2025-03-31",
        "symbol": "MCD",
        "reportedCurrency": "USD",
        "cik": "0000063908",
        "fillingDate": "2025-05-12",
        "acceptedDate": "2025-05-12 13:15:39",
        "calendarYear": "2025",
        "period": "Q1",
        "revenue": 5955000000,
        "costOfRevenue": 2619000000,
        "grossProfit": 3336000000,
        "grossProfitRatio": 0.5602015113,
        "researchAndDevelopmentExpenses": 0,
        "generalAndAdministrativeExpenses": 0,
        "sellingAndMarketingExpenses": 0,
        "sellingGeneralAndAdministrativeExpenses": 575000000,
        "otherExpenses": 113000000,
        "operatingExpenses": 688000000,
        "costAndExpenses": 3307000000,
        "interestIncome": 17000000,
        "interestExpense": 376000000,
        "depreciationAndAmortization": 520000000,
        "ebitda": 3226000000,
        "ebitdaratio": 0.541729639,
        "operatingIncome": 2648000000,
        "operatingIncomeRatio": 0.4446683459,
        "totalOtherIncomeExpensesNet": -318000000,
        "incomeBeforeTax": 2330000000,
        "incomeBeforeTaxRatio": 0.3912678421,
        "incomeTaxExpense": 461000000,
        "netIncome": 1868000000,
        "netIncomeRatio": 0.3136859782,
        "eps": 2.61,
        "epsdiluted": 2.6,
        "weightedAverageShsOut": 714900000,
        "weightedAverageShsOutDil": 718200000,
        "link": "https://www.sec.gov/Archives/edgar/data/63908/000006390825000025/0000063908-25-000025-index.htm",
        "finalLink": "https://www.sec.gov/Archives/edgar/data/63908/000006390825000025/mcd-20250331.htm"
    },
    {
        "date": "2024-12-31",
        "symbol": "MCD",
        "reportedCurrency": "USD",
        "cik": "0000063908",
        "fillingDate": "2025-02-25",
        "acceptedDate": "2025-02-25 13:19:01",
        "calendarYear": "2024",
        "period": "Q4",
        "revenue": 6388000000,
        "costOfRevenue": 2709000000,
        "grossProfit": 3679000000,
        "grossProfitRatio": 0.5759236068,
        "researchAndDevelopmentExpenses": 0,
        "generalAndAdministrativeExpenses": 0,
        "sellingAndMarketingExpenses": 0,
        "sellingGeneralAndAdministrativeExpenses": 664000000,
        "otherExpenses": 147000000,
        "operatingExpenses": 811000000,
        "costAndExpenses": 3520000000,
        "interestIncome": 18000000,
        "interestExpense": 380000000,
        "depreciationAndAmortization": 553000000,
        "ebitda": 3471000000,
        "ebitdaratio": 0.5433625548,
        "operatingIncome": 2868000000,
        "operatingIncomeRatio": 0.4489668128,
        "totalOtherIncomeExpensesNet": -330000000,
        "incomeBeforeTax": 2538000000,
        "incomeBeforeTaxRatio": 0.3973074515,
        "incomeTaxExpense": 521000000,
        "netIncome": 2016000000,
        "netIncomeRatio": 0.3155917345,
        "eps": 2.82,
        "epsdiluted": 2.8,
        "weightedAverageShsOut": 715200000,
        "weightedAverageShsOutDil": 719700000,
        "link": "https://www.sec.gov/Archives/edgar/data/63908/000006390825000012/0000063908-25-000012-index.htm",
        "finalLink": "https://www.sec.gov/Archives/edgar/data/63908/000006390825000012/mcd-20241231.htm"
    },
    {
        "date": "2024-09-30",
        "symbol": "MCD",
        "reportedCurrency": "USD",
        "cik": "0000063908",
        "fillingDate": "2024-11-07",
        "acceptedDate": "2024-11-07 12:44:41",
        "calendarYear": "2024",
        "period": "Q3",
        "revenue": 6874000000,
        "costOfRevenue": 2998000000,
        "grossProfit": 3876000000,
        "grossProfitRatio": 0.5638638347,
        "researchAndDevelopmentExpenses": 0,
        "generalAndAdministrativeExpenses": 0,
        "sellingAndMarketingExpenses": 0,
        "sellingGeneralAndAdministrativeExpenses": 536000000,
        "otherExpenses": 152000000,
        "operatingExpenses": 688000000,
        "costAndExpenses": 3686000000,
        "interestIncome": 18000000,
        "interestExpense": 381000000,
        "depreciationAndAmortization": 532000000,
        "ebitda": 3756000000,
        "ebitdaratio": 0.5464067501,
        "operatingIncome": 3188000000,
        "operatingIncomeRatio": 0.4637765493,
        "totalOtherIncomeExpensesNet": -345000000,
        "incomeBeforeTax": 2843000000,
        "incomeBeforeTaxRatio": 0.4135874309,
        "incomeTaxExpense": 588000000,
        "netIncome": 2255000000,
        "netIncomeRatio": 0.328047716,
        "eps": 3.15,
        "epsdiluted": 3.13,
        "weightedAverageShsOut": 716700000,
        "weightedAverageShsOutDil": 720000000,
        "link": "https://www.sec.gov/Archives/edgar/data/63908/000006390824000156/0000063908-24-000156-index.htm",
        "finalLink": "https://www.sec.gov/Archives/edgar/data/63908/000006390824000156/mcd-20240930.htm"
    },
    {
        "date": "2024-06-30",
        "symbol": "MCD",
        "reportedCurrency": "USD",
        "cik": "0000063908",
        "fillingDate": "2024-08-08",
        "acceptedDate": "2024-08-08 11:27:26",
        "calendarYear": "2024",
        "period": "Q2",
        "revenue": 6490000000,
        "costOfRevenue": 2772000000,
        "grossProfit": 3718000000,
        "grossProfitRatio": 0.5728813559,
        "researchAndDevelopmentExpenses": 0,
        "generalAndAdministrativeExpenses": 0,
        "sellingAndMarketingExpenses": 0,
        "sellingGeneralAndAdministrativeExpenses": 590000000,
        "otherExpenses": 208000000,
        "operatingExpenses": 798000000,
        "costAndExpenses": 3570000000,
        "interestIncome": 20000000,
        "interestExpense": 373000000,
        "depreciationAndAmortization": 502000000,
        "ebitda": 3430000000,
        "ebitdaratio": 0.5285053929,
        "operatingIncome": 2920000000,
        "operatingIncomeRatio": 0.4499229584,
        "totalOtherIncomeExpensesNet": -365000000,
        "incomeBeforeTax": 2555000000,
        "incomeBeforeTaxRatio": 0.3936825886,
        "incomeTaxExpense": 533000000,
        "netIncome": 2022000000,
        "netIncomeRatio": 0.3115562404,
        "eps": 2.81,
        "epsdiluted": 2.8,
        "weightedAverageShsOut": 718800000,
        "weightedAverageShsOutDil": 722000000,
        "link": "https://www.sec.gov/Archives/edgar/data/63908/000006390824000123/0000063908-24-000123-index.htm",
        "finalLink": "https://www.sec.gov/Archives/edgar/data/63908/000006390824000123/mcd-20240630.htm"
    },
    {
        "date": "2024-03-31",
        "symbol": "MCD",
        "reportedCurrency": "USD",
        "cik": "0000063908",
        "fillingDate": "2024-05-08",
        "acceptedDate": "2024-05-08 11:24:42",
        "calendarYear": "2024",
        "period": "Q1",
        "revenue": 6169000000,
        "costOfRevenue": 2730000000,
        "grossProfit": 3439000000,
        "grossProfitRatio": 0.5574647431,
        "researchAndDevelopmentExpenses": 0,
        "generalAndAdministrativeExpenses": 0,
        "sellingAndMarketingExpenses": 0,
        "sellingGeneralAndAdministrativeExpenses": 622000000,
        "otherExpenses": 81000000,
        "operatingExpenses": 703000000,
        "costAndExpenses": 3433000000,
        "interestIncome": 47000000,
        "interestExpense": 372000000,
        "depreciationAndAmortization": 510000000,
        "ebitda": 3291000000,
        "ebitdaratio": 0.5334738207,
        "operatingIncome": 2736000000,
        "operatingIncomeRatio": 0.4435078619,
        "totalOtherIncomeExpensesNet": -327000000,
        "incomeBeforeTax": 2409000000,
        "incomeBeforeTaxRatio": 0.3905008916,
        "incomeTaxExpense": 479000000,
        "netIncome": 1929000000,
        "netIncomeRatio": 0.3126924947,
        "eps": 2.67,
        "epsdiluted": 2.66,
        "weightedAverageShsOut": 721800000,
        "weightedAverageShsOutDil": 725900000,
        "link": "https://www.sec.gov/Archives/edgar/data/63908/000006390824000092/0000063908-24-000092-index.htm",
        "finalLink": "https://www.sec.gov/Archives/edgar/data/63908/000006390824000092/mcd-20240331.htm"
    },
    {
        "date": "2023-12-31",
        "symbol": "MCD",
        "reportedCurrency": "USD",
        "cik": "0000063908",
        "fillingDate": "2024-02-22",
        "acceptedDate": "2024-02-22 12:31:15",
        "calendarYear": "2023",
        "period": "Q4",
        "revenue": 6406200000,
        "costOfRevenue": 2752000000,
        "grossProfit": 3654200000,
        "grossProfitRatio": 0.5704161593,
        "researchAndDevelopmentExpenses": 0,
        "generalAndAdministrativeExpenses": 0,
        "sellingAndMarketingExpenses": 0,
        "sellingGeneralAndAdministrativeExpenses": 730900000,
        "otherExpenses": 121400000,
        "operatingExpenses": 852300000,
        "costAndExpenses": 3604300000,
        "interestIncome": 63900000,
        "interestExpense": 360200000,
        "depreciationAndAmortization": 497500000,
        "ebitda": 3372700000,
        "ebitdaratio": 0.526474353,
        "operatingIncome": 2801900000,
        "operatingIncomeRatio": 0.4373731697,
        "totalOtherIncomeExpensesNet": -286900000,
        "incomeBeforeTax": 2515000000,
        "incomeBeforeTaxRatio": 0.39258843,
        "incomeTaxExpense": 476000000,
        "netIncome": 2039000000,
        "netIncomeRatio": 0.318285411,
        "eps": 2.82,
        "epsdiluted": 2.8,
        "weightedAverageShsOut": 723830753,
        "weightedAverageShsOutDil": 727800000,
        "link": "https://www.sec.gov/Archives/edgar/data/63908/000006390824000072/0000063908-24-000072-index.htm",
        "finalLink": "https://www.sec.gov/Archives/edgar/data/63908/000006390824000072/mcd-20231231.htm"
    },
    {
        "date": "2023-09-30",
        "symbol": "MCD",
        "reportedCurrency": "USD",
        "cik": "0000063908",
        "fillingDate": "2023-11-02",
        "acceptedDate": "2023-11-02 15:24:50",
        "calendarYear": "2023",
        "period": "Q3",
        "revenue": 6692000000,
        "costOfRevenue": 2828000000,
        "grossProfit": 3864000000,
        "grossProfitRatio": 0.5774058577,
        "researchAndDevelopmentExpenses": 0,
        "generalAndAdministrativeExpenses": 0,
        "sellingAndMarketingExpenses": 0,
        "sellingGeneralAndAdministrativeExpenses": 584000000,
        "otherExpenses": 72000000,
        "operatingExpenses": 656000000,
        "costAndExpenses": 3484000000,
        "interestIncome": 47000000,
        "interestExpense": 341000000,
        "depreciationAndAmortization": 498000000,
        "ebitda": 3763000000,
        "ebitdaratio": 0.5623132098,
        "operatingIncome": 3208000000,
        "operatingIncomeRatio": 0.4793783622,
        "totalOtherIncomeExpensesNet": -284000000,
        "incomeBeforeTax": 2924000000,
        "incomeBeforeTaxRatio": 0.4369396294,
        "incomeTaxExpense": 606000000,
        "netIncome": 2317000000,
        "netIncomeRatio": 0.3462343096,
        "eps": 3.19,
        "epsdiluted": 3.17,
        "weightedAverageShsOut": 727200000,
        "weightedAverageShsOutDil": 731600000,
        "link": "https://www.sec.gov/Archives/edgar/data/63908/000006390823000101/0000063908-23-000101-index.htm",
        "finalLink": "https://www.sec.gov/Archives/edgar/data/63908/000006390823000101/mcd-20230930.htm"
    },
    {
        "date": "2023-06-30",
        "symbol": "MCD",
        "reportedCurrency": "USD",
        "cik": "0000063908",
        "fillingDate": "2023-08-02",
        "acceptedDate": "2023-08-02 12:00:41",
        "calendarYear": "2023",
        "period": "Q2",
        "revenue": 6497000000,
        "costOfRevenue": 2766000000,
        "grossProfit": 3731000000,
        "grossProfitRatio": 0.5742650454,
        "researchAndDevelopmentExpenses": 0,
        "generalAndAdministrativeExpenses": 0,
        "sellingAndMarketingExpenses": 0,
        "sellingGeneralAndAdministrativeExpenses": 567000000,
        "otherExpenses": 60000000,
        "operatingExpenses": 627000000,
        "costAndExpenses": 3393000000,
        "interestIncome": 37000000,
        "interestExpense": 330000000,
        "depreciationAndAmortization": 492000000,
        "ebitda": 3639000000,
        "ebitdaratio": 0.5601046637,
        "operatingIncome": 3104000000,
        "operatingIncomeRatio": 0.4777589657,
        "totalOtherIncomeExpensesNet": -287000000,
        "incomeBeforeTax": 2817000000,
        "incomeBeforeTaxRatio": 0.4335847314,
        "incomeTaxExpense": 506000000,
        "netIncome": 2310000000,
        "netIncomeRatio": 0.3555487148,
        "eps": 3.17,
        "epsdiluted": 3.15,
        "weightedAverageShsOut": 729600000,
        "weightedAverageShsOutDil": 734300000,
        "link": "https://www.sec.gov/Archives/edgar/data/63908/000006390823000076/0000063908-23-000076-index.htm",
        "finalLink": "https://www.sec.gov/Archives/edgar/data/63908/000006390823000076/mcd-20230630.htm"
    },
    {
        "date": "2023-03-31",
        "symbol": "MCD",
        "reportedCurrency": "USD",
        "cik": "0000063908",
        "fillingDate": "2023-05-04",
        "acceptedDate": "2023-05-04 16:21:29",
        "calendarYear": "2023",
        "period": "Q1",
        "revenue": 5898000000,
        "costOfRevenue": 2584000000,
        "grossProfit": 3314000000,
        "grossProfitRatio": 0.5618853849,
        "researchAndDevelopmentExpenses": 0,
        "generalAndAdministrativeExpenses": 553300000,
        "sellingAndMarketingExpenses": -300000,
        "sellingGeneralAndAdministrativeExpenses": 553000000,
        "otherExpenses": 229000000,
        "operatingExpenses": 782000000,
        "costAndExpenses": 3366000000,
        "interestIncome": 38000000,
        "interestExpense": 330000000,
        "depreciationAndAmortization": 490000000,
        "ebitda": 3087000000,
        "ebitdaratio": 0.523397762,
        "operatingIncome": 2532000000,
        "operatingIncomeRatio": 0.4292980671,
        "totalOtherIncomeExpensesNet": -265000000,
        "incomeBeforeTax": 2267000000,
        "incomeBeforeTaxRatio": 0.3843675822,
        "incomeTaxExpense": 465000000,
        "netIncome": 1802000000,
        "netIncomeRatio": 0.3055272974,
        "eps": 2.47,
        "epsdiluted": 2.45,
        "weightedAverageShsOut": 730900000,
        "weightedAverageShsOutDil": 735500000,
        "link": "https://www.sec.gov/Archives/edgar/data/63908/000006390823000036/0000063908-23-000036-index.htm",
        "finalLink": "https://www.sec.gov/Archives/edgar/data/63908/000006390823000036/mcd-20230331.htm"
    },
    {
        "date": "2022-12-31",
        "symbol": "MCD",
        "reportedCurrency": "USD",
        "cik": "0000063908",
        "fillingDate": "2023-02-24",
        "acceptedDate": "2023-02-24 12:34:36",
        "calendarYear": "2022",
        "period": "Q4",
        "revenue": 5926500000,
        "costOfRevenue": 2517600000,
        "grossProfit": 3408900000,
        "grossProfitRatio": 0.5751961529,
        "researchAndDevelopmentExpenses": 0,
        "generalAndAdministrativeExpenses": 0,
        "sellingAndMarketingExpenses": 0,
        "sellingGeneralAndAdministrativeExpenses": 720300000,
        "otherExpenses": 105900000,
        "operatingExpenses": 826200000,
        "costAndExpenses": 3343800000,
        "interestIncome": 26000000,
        "interestExpense": 322900000,
        "depreciationAndAmortization": 463100000,
        "ebitda": 3124900000,
        "ebitdaratio": 0.5272757952,
        "operatingIncome": 2582700000,
        "operatingIncomeRatio": 0.435788408,
        "totalOtherIncomeExpensesNet": -243800000,
        "incomeBeforeTax": 2338900000,
        "incomeBeforeTaxRatio": 0.3946511432,
        "incomeTaxExpense": 435500000,
        "netIncome": 1903400000,
        "netIncomeRatio": 0.3211676369,
        "eps": 2.6,
        "epsdiluted": 2.59,
        "weightedAverageShsOut": 732489986,
        "weightedAverageShsOutDil": 736000000,
        "link": "https://www.sec.gov/Archives/edgar/data/63908/000006390823000012/0000063908-23-000012-index.htm",
        "finalLink": "https://www.sec.gov/Archives/edgar/data/63908/000006390823000012/mcd-20221231.htm"
    },
    {
        "date": "2022-09-30",
        "symbol": "MCD",
        "reportedCurrency": "USD",
        "cik": "0000063908",
        "fillingDate": "2022-11-07",
        "acceptedDate": "2022-11-07 17:16:42",
        "calendarYear": "2022",
        "period": "Q3",
        "revenue": 5872100000,
        "costOfRevenue": 2426000000,
        "grossProfit": 3446100000,
        "grossProfitRatio": 0.5868598968,
        "researchAndDevelopmentExpenses": 0,
        "generalAndAdministrativeExpenses": 0,
        "sellingAndMarketingExpenses": 0,
        "sellingGeneralAndAdministrativeExpenses": 576400000,
        "otherExpenses": 105800000,
        "operatingExpenses": 682200000,
        "costAndExpenses": 3108200000,
        "interestIncome": 10800000,
        "interestExpense": 306200000,
        "depreciationAndAmortization": 465600000,
        "ebitda": 3308000000,
        "ebitdaratio": 0.5633419049,
        "operatingIncome": 2763900000,
        "operatingIncomeRatio": 0.4706834012,
        "totalOtherIncomeExpensesNet": -227700000,
        "incomeBeforeTax": 2536200000,
        "incomeBeforeTaxRatio": 0.4319068136,
        "incomeTaxExpense": 554600000,
        "netIncome": 1981600000,
        "netIncomeRatio": 0.3374601931,
        "eps": 2.7,
        "epsdiluted": 2.68,
        "weightedAverageShsOut": 734900000,
        "weightedAverageShsOutDil": 739500000,
        "link": "https://www.sec.gov/Archives/edgar/data/63908/000006390822000055/0000063908-22-000055-index.htm",
        "finalLink": "https://www.sec.gov/Archives/edgar/data/63908/000006390822000055/mcd-20220930.htm"
    },
    {
        "date": "2022-06-30",
        "symbol": "MCD",
        "reportedCurrency": "USD",
        "cik": "0000063908",
        "fillingDate": "2022-08-04",
        "acceptedDate": "2022-08-04 15:43:48",
        "calendarYear": "2022",
        "period": "Q2",
        "revenue": 5718400000,
        "costOfRevenue": 2416300000,
        "grossProfit": 3302100000,
        "grossProfitRatio": 0.5774517348,
        "researchAndDevelopmentExpenses": 0,
        "generalAndAdministrativeExpenses": 0,
        "sellingAndMarketingExpenses": 0,
        "sellingGeneralAndAdministrativeExpenses": 611200000,
        "otherExpenses": 979100000,
        "operatingExpenses": 1590300000,
        "costAndExpenses": 4006600000,
        "interestIncome": 4600000,
        "interestExpense": 290600000,
        "depreciationAndAmortization": 462200000,
        "ebitda": 2161900000,
        "ebitdaratio": 0.3780602966,
        "operatingIncome": 1711800000,
        "operatingIncomeRatio": 0.2993494684,
        "totalOtherIncomeExpensesNet": -302700000,
        "incomeBeforeTax": 1409100000,
        "incomeBeforeTaxRatio": 0.2464150811,
        "incomeTaxExpense": 221100000,
        "netIncome": 1188000000,
        "netIncomeRatio": 0.2077504197,
        "eps": 1.61,
        "epsdiluted": 1.6,
        "weightedAverageShsOut": 737500000,
        "weightedAverageShsOutDil": 742000000,
        "link": "https://www.sec.gov/Archives/edgar/data/63908/000006390822000041/0000063908-22-000041-index.htm",
        "finalLink": "https://www.sec.gov/Archives/edgar/data/63908/000006390822000041/mcd-20220630.htm"
    },
    {
        "date": "2022-03-31",
        "symbol": "MCD",
        "reportedCurrency": "USD",
        "cik": "0000063908",
        "fillingDate": "2022-05-02",
        "acceptedDate": "2022-05-02 13:05:28",
        "calendarYear": "2022",
        "period": "Q1",
        "revenue": 5665600000,
        "costOfRevenue": 2615500000,
        "grossProfit": 3050100000,
        "grossProfitRatio": 0.5383542785,
        "researchAndDevelopmentExpenses": 0,
        "generalAndAdministrativeExpenses": 584300000,
        "sellingAndMarketingExpenses": 0,
        "sellingGeneralAndAdministrativeExpenses": 584300000,
        "otherExpenses": 153200000,
        "operatingExpenses": 737500000,
        "costAndExpenses": 3353000000,
        "interestIncome": 2600000,
        "interestExpense": 287300000,
        "depreciationAndAmortization": 479700000,
        "ebitda": 2308200000,
        "ebitdaratio": 0.4074061,
        "operatingIncome": 2312600000,
        "operatingIncomeRatio": 0.4081827167,
        "totalOtherIncomeExpensesNet": -771400000,
        "incomeBeforeTax": 1541200000,
        "incomeBeforeTaxRatio": 0.2720276758,
        "incomeTaxExpense": 436800000,
        "netIncome": 1104400000,
        "netIncomeRatio": 0.1949308105,
        "eps": 1.49,
        "epsdiluted": 1.48,
        "weightedAverageShsOut": 742600000,
        "weightedAverageShsOutDil": 747600000,
        "link": "https://www.sec.gov/Archives/edgar/data/63908/000006390822000016/0000063908-22-000016-index.htm",
        "finalLink": "https://www.sec.gov/Archives/edgar/data/63908/000006390822000016/mcd-20220331.htm"
    },
    {
        "date": "2021-12-31",
        "symbol": "MCD",
        "reportedCurrency": "USD",
        "cik": "0000063908",
        "fillingDate": "2022-02-24",
        "acceptedDate": "2022-02-24 16:19:08",
        "calendarYear": "2021",
        "period": "Q4",
        "revenue": 6009100000,
        "costOfRevenue": 2748100000,
        "grossProfit": 3261000000,
        "grossProfitRatio": 0.54267694,
        "researchAndDevelopmentExpenses": 0,
        "generalAndAdministrativeExpenses": 0,
        "sellingAndMarketingExpenses": 0,
        "sellingGeneralAndAdministrativeExpenses": 755400000,
        "otherExpenses": 108500000,
        "operatingExpenses": 863900000,
        "costAndExpenses": 3612000000,
        "interestIncome": 2500000,
        "interestExpense": 295600000,
        "depreciationAndAmortization": 481600000,
        "ebitda": 2885000000,
        "ebitdaratio": 0.4801051738,
        "operatingIncome": 2397100000,
        "operatingIncomeRatio": 0.3989116507,
        "totalOtherIncomeExpensesNet": -289300000,
        "incomeBeforeTax": 2107800000,
        "incomeBeforeTaxRatio": 0.3507680019,
        "incomeTaxExpense": 469000000,
        "netIncome": 1638800000,
        "netIncomeRatio": 0.2727197084,
        "eps": 2.2,
        "epsdiluted": 2.18,
        "weightedAverageShsOut": 744800000,
        "weightedAverageShsOutDil": 751600000,
        "link": "https://www.sec.gov/Archives/edgar/data/63908/000006390822000011/0000063908-22-000011-index.htm",
        "finalLink": "https://www.sec.gov/Archives/edgar/data/63908/000006390822000011/mcd-20211231.htm"
    },
    {
        "date": "2021-09-30",
        "symbol": "MCD",
        "reportedCurrency": "USD",
        "cik": "0000063908",
        "fillingDate": "2021-11-02",
        "acceptedDate": "2021-11-02 17:15:02",
        "calendarYear": "2021",
        "period": "Q3",
        "revenue": 6201300000,
        "costOfRevenue": 2769900000,
        "grossProfit": 3431400000,
        "grossProfitRatio": 0.5533355909,
        "researchAndDevelopmentExpenses": 0,
        "generalAndAdministrativeExpenses": 0,
        "sellingAndMarketingExpenses": 0,
        "sellingGeneralAndAdministrativeExpenses": 559600000,
        "otherExpenses": -114700000,
        "operatingExpenses": 444900000,
        "costAndExpenses": 3214800000,
        "interestIncome": 2300000,
        "interestExpense": 293700000,
        "depreciationAndAmortization": 469200000,
        "ebitda": 3454300000,
        "ebitdaratio": 0.557028365,
        "operatingIncome": 2986500000,
        "operatingIncomeRatio": 0.4815925693,
        "totalOtherIncomeExpensesNet": -295100000,
        "incomeBeforeTax": 2691400000,
        "incomeBeforeTaxRatio": 0.434005773,
        "incomeTaxExpense": 541500000,
        "netIncome": 2149900000,
        "netIncomeRatio": 0.3466853724,
        "eps": 2.88,
        "epsdiluted": 2.86,
        "weightedAverageShsOut": 747100000,
        "weightedAverageShsOutDil": 752600000,
        "link": "https://www.sec.gov/Archives/edgar/data/63908/000006390821000039/0000063908-21-000039-index.htm",
        "finalLink": "https://www.sec.gov/Archives/edgar/data/63908/000006390821000039/mcd-20210930.htm"
    },
    {
        "date": "2021-06-30",
        "symbol": "MCD",
        "reportedCurrency": "USD",
        "cik": "0000063908",
        "fillingDate": "2021-08-04",
        "acceptedDate": "2021-08-04 14:55:26",
        "calendarYear": "2021",
        "period": "Q2",
        "revenue": 5887900000,
        "costOfRevenue": 2668400000,
        "grossProfit": 3219500000,
        "grossProfitRatio": 0.5467993682,
        "researchAndDevelopmentExpenses": 0,
        "generalAndAdministrativeExpenses": 0,
        "sellingAndMarketingExpenses": 0,
        "sellingGeneralAndAdministrativeExpenses": 572400000,
        "otherExpenses": -44000000,
        "operatingExpenses": 528400000,
        "costAndExpenses": 3196800000,
        "interestIncome": 2400000,
        "interestExpense": 296500000,
        "depreciationAndAmortization": 463400000,
        "ebitda": 3135900000,
        "ebitdaratio": 0.5326007575,
        "operatingIncome": 2691100000,
        "operatingIncomeRatio": 0.4570559962,
        "totalOtherIncomeExpensesNet": -315100000,
        "incomeBeforeTax": 2376000000,
        "incomeBeforeTaxRatio": 0.4035394623,
        "incomeTaxExpense": 156700000,
        "netIncome": 2219300000,
        "netIncomeRatio": 0.3769255592,
        "eps": 2.97,
        "epsdiluted": 2.95,
        "weightedAverageShsOut": 746600000,
        "weightedAverageShsOutDil": 752100000,
        "link": "https://www.sec.gov/Archives/edgar/data/63908/000006390821000030/0000063908-21-000030-index.htm",
        "finalLink": "https://www.sec.gov/Archives/edgar/data/63908/000006390821000030/mcd-20210630.htm"
    },
    {
        "date": "2021-03-31",
        "symbol": "MCD",
        "reportedCurrency": "USD",
        "cik": "0000063908",
        "fillingDate": "2021-05-05",
        "acceptedDate": "2021-05-05 15:55:09",
        "calendarYear": "2021",
        "period": "Q1",
        "revenue": 5124600000,
        "costOfRevenue": 2456300000,
        "grossProfit": 2668300000,
        "grossProfitRatio": 0.5206845412,
        "researchAndDevelopmentExpenses": 0,
        "generalAndAdministrativeExpenses": 0,
        "sellingAndMarketingExpenses": 0,
        "sellingGeneralAndAdministrativeExpenses": 490400000,
        "otherExpenses": -103400000,
        "operatingExpenses": 387000000,
        "costAndExpenses": 2843300000,
        "interestIncome": 1800000,
        "interestExpense": 300000000,
        "depreciationAndAmortization": 453900000,
        "ebitda": 2706600000,
        "ebitdaratio": 0.5281582953,
        "operatingIncome": 2281300000,
        "operatingIncomeRatio": 0.445166452,
        "totalOtherIncomeExpensesNet": -328600000,
        "incomeBeforeTax": 1952700000,
        "incomeBeforeTaxRatio": 0.3810443742,
        "incomeTaxExpense": 415500000,
        "netIncome": 1537200000,
        "netIncomeRatio": 0.2999648753,
        "eps": 2.06,
        "epsdiluted": 2.05,
        "weightedAverageShsOut": 745800000,
        "weightedAverageShsOutDil": 751000000,
        "link": "https://www.sec.gov/Archives/edgar/data/63908/000006390821000018/0000063908-21-000018-index.htm",
        "finalLink": "https://www.sec.gov/Archives/edgar/data/63908/000006390821000018/mcd-20210331.htm"
    },
    {
        "date": "2020-12-31",
        "symbol": "MCD",
        "reportedCurrency": "USD",
        "cik": "0000063908",
        "fillingDate": "2021-02-23",
        "acceptedDate": "2021-02-23 13:50:20",
        "calendarYear": "2020",
        "period": "Q4",
        "revenue": 5313800000,
        "costOfRevenue": 2533600000,
        "grossProfit": 2780200000,
        "grossProfitRatio": 0.5232037337,
        "researchAndDevelopmentExpenses": 0,
        "generalAndAdministrativeExpenses": 0,
        "sellingAndMarketingExpenses": 0,
        "sellingGeneralAndAdministrativeExpenses": 698000000,
        "otherExpenses": -60700000,
        "operatingExpenses": 637300000,
        "costAndExpenses": 3170900000,
        "interestIncome": 4200000,
        "interestExpense": 297600000,
        "depreciationAndAmortization": 464300000,
        "ebitda": 2617000000,
        "ebitdaratio": 0.4924912492,
        "operatingIncome": 2142900000,
        "operatingIncomeRatio": 0.403270729,
        "totalOtherIncomeExpensesNet": -312900000,
        "incomeBeforeTax": 1830000000,
        "incomeBeforeTaxRatio": 0.3443863149,
        "incomeTaxExpense": 452800000,
        "netIncome": 1377200000,
        "netIncomeRatio": 0.2591742256,
        "eps": 1.85,
        "epsdiluted": 1.84,
        "weightedAverageShsOut": 745400000,
        "weightedAverageShsOutDil": 751000000,
        "link": "https://www.sec.gov/Archives/edgar/data/63908/000006390821000013/0000063908-21-000013-index.htm",
        "finalLink": "https://www.sec.gov/Archives/edgar/data/63908/000006390821000013/mcd-20201231.htm"
    },
    {
        "date": "2020-09-30",
        "symbol": "MCD",
        "reportedCurrency": "USD",
        "cik": "0000063908",
        "fillingDate": "2020-11-09",
        "acceptedDate": "2020-11-09 13:03:55",
        "calendarYear": "2020",
        "period": "Q3",
        "revenue": 5418100000,
        "costOfRevenue": 2513400000,
        "grossProfit": 2904700000,
        "grossProfitRatio": 0.5361104446,
        "researchAndDevelopmentExpenses": 0,
        "generalAndAdministrativeExpenses": 0,
        "sellingAndMarketingExpenses": 0,
        "sellingGeneralAndAdministrativeExpenses": 454700000,
        "otherExpenses": -76400000,
        "operatingExpenses": 378300000,
        "costAndExpenses": 2891700000,
        "interestIncome": 3400000,
        "interestExpense": 310100000,
        "depreciationAndAmortization": 440100000,
        "ebitda": 2967300000,
        "ebitdaratio": 0.5476643104,
        "operatingIncome": 2526400000,
        "operatingIncomeRatio": 0.4662889205,
        "totalOtherIncomeExpensesNet": -309300000,
        "incomeBeforeTax": 2217100000,
        "incomeBeforeTaxRatio": 0.409202488,
        "incomeTaxExpense": 454500000,
        "netIncome": 1762600000,
        "netIncomeRatio": 0.325316993,
        "eps": 2.37,
        "epsdiluted": 2.35,
        "weightedAverageShsOut": 744500000,
        "weightedAverageShsOutDil": 750000000,
        "link": "https://www.sec.gov/Archives/edgar/data/63908/000006390820000076/0000063908-20-000076-index.htm",
        "finalLink": "https://www.sec.gov/Archives/edgar/data/63908/000006390820000076/mcd-9302020x10q.htm"
    },
    {
        "date": "2020-06-30",
        "symbol": "MCD",
        "reportedCurrency": "USD",
        "cik": "0000063908",
        "fillingDate": "2020-08-10",
        "acceptedDate": "2020-08-10 13:50:45",
        "calendarYear": "2020",
        "period": "Q2",
        "revenue": 3761500000,
        "costOfRevenue": 2036200000,
        "grossProfit": 1725300000,
        "grossProfitRatio": 0.4586734016,
        "researchAndDevelopmentExpenses": 0,
        "generalAndAdministrativeExpenses": 0,
        "sellingAndMarketingExpenses": 0,
        "sellingGeneralAndAdministrativeExpenses": 576000000,
        "otherExpenses": 188200000,
        "operatingExpenses": 764200000,
        "costAndExpenses": 2800400000,
        "interestIncome": 5000000,
        "interestExpense": 319100000,
        "depreciationAndAmortization": 425700000,
        "ebitda": 1393500000,
        "ebitdaratio": 0.3704639107,
        "operatingIncome": 961100000,
        "operatingIncomeRatio": 0.25550977,
        "totalOtherIncomeExpensesNet": -312400000,
        "incomeBeforeTax": 648700000,
        "incomeBeforeTaxRatio": 0.1724577961,
        "incomeTaxExpense": 164900000,
        "netIncome": 483800000,
        "netIncomeRatio": 0.128618902,
        "eps": 0.65,
        "epsdiluted": 0.65,
        "weightedAverageShsOut": 743800000,
        "weightedAverageShsOutDil": 748600000,
        "link": "https://www.sec.gov/Archives/edgar/data/63908/000006390820000063/0000063908-20-000063-index.htm",
        "finalLink": "https://www.sec.gov/Archives/edgar/data/63908/000006390820000063/mcd-6302020x10q.htm"
    },
    {
        "date": "2020-03-31",
        "symbol": "MCD",
        "reportedCurrency": "USD",
        "cik": "0000063908",
        "fillingDate": "2020-05-07",
        "acceptedDate": "2020-05-07 13:33:15",
        "calendarYear": "2020",
        "period": "Q1",
        "revenue": 4714400000,
        "costOfRevenue": 2372500000,
        "grossProfit": 2341900000,
        "grossProfitRatio": 0.4967546241,
        "researchAndDevelopmentExpenses": 0,
        "generalAndAdministrativeExpenses": 0,
        "sellingAndMarketingExpenses": 0,
        "sellingGeneralAndAdministrativeExpenses": 516300000,
        "otherExpenses": 132000000,
        "operatingExpenses": 648300000,
        "costAndExpenses": 3020800000,
        "interestIncome": 5400000,
        "interestExpense": 280000000,
        "depreciationAndAmortization": 421300000,
        "ebitda": 2146200000,
        "ebitdaratio": 0.4552435092,
        "operatingIncome": 1693600000,
        "operatingIncomeRatio": 0.359239776,
        "totalOtherIncomeExpensesNet": -248700000,
        "incomeBeforeTax": 1444900000,
        "incomeBeforeTaxRatio": 0.3064865094,
        "incomeTaxExpense": 338000000,
        "netIncome": 1106900000,
        "netIncomeRatio": 0.2347912778,
        "eps": 1.49,
        "epsdiluted": 1.47,
        "weightedAverageShsOut": 744800000,
        "weightedAverageShsOutDil": 750700000,
        "link": "https://www.sec.gov/Archives/edgar/data/63908/000006390820000042/0000063908-20-000042-index.htm",
        "finalLink": "https://www.sec.gov/Archives/edgar/data/63908/000006390820000042/mcd-3312020x10q.htm"
    },
    {
        "date": "2019-12-31",
        "symbol": "MCD",
        "reportedCurrency": "USD",
        "cik": "0000063908",
        "fillingDate": "2020-02-26",
        "acceptedDate": "2020-02-26 11:58:02",
        "calendarYear": "2019",
        "period": "Q4",
        "revenue": 5349000000,
        "costOfRevenue": 2502900000,
        "grossProfit": 2846100000,
        "grossProfitRatio": 0.5320807628,
        "researchAndDevelopmentExpenses": 0,
        "generalAndAdministrativeExpenses": 0,
        "sellingAndMarketingExpenses": 0,
        "sellingGeneralAndAdministrativeExpenses": 653600000,
        "otherExpenses": -100100000,
        "operatingExpenses": 553500000,
        "costAndExpenses": 3056400000,
        "interestIncome": 7400000,
        "interestExpense": 283000000,
        "depreciationAndAmortization": 413600000,
        "ebitda": 2723400000,
        "ebitdaratio": 0.5091418957,
        "operatingIncome": 2292600000,
        "operatingIncomeRatio": 0.4286034773,
        "totalOtherIncomeExpensesNet": -265800000,
        "incomeBeforeTax": 2026800000,
        "incomeBeforeTaxRatio": 0.3789119462,
        "incomeTaxExpense": 454600000,
        "netIncome": 1572200000,
        "netIncomeRatio": 0.293924098,
        "eps": 2.11,
        "epsdiluted": 2.08,
        "weightedAverageShsOut": 746300000,
        "weightedAverageShsOutDil": 755600000,
        "link": "https://www.sec.gov/Archives/edgar/data/63908/000006390820000022/0000063908-20-000022-index.htm",
        "finalLink": "https://www.sec.gov/Archives/edgar/data/63908/000006390820000022/mcd-12312019x10k.htm"
    },
    {
        "date": "2019-09-30",
        "symbol": "MCD",
        "reportedCurrency": "USD",
        "cik": "0000063908",
        "fillingDate": "2019-11-04",
        "acceptedDate": "2019-11-04 12:05:50",
        "calendarYear": "2019",
        "period": "Q3",
        "revenue": 5502300000,
        "costOfRevenue": 2584700000,
        "grossProfit": 2917600000,
        "grossProfitRatio": 0.530250986,
        "researchAndDevelopmentExpenses": 0,
        "generalAndAdministrativeExpenses": 0,
        "sellingAndMarketingExpenses": 0,
        "sellingGeneralAndAdministrativeExpenses": 474600000,
        "otherExpenses": 33700000,
        "operatingExpenses": 508300000,
        "costAndExpenses": 3093000000,
        "interestIncome": 8900000,
        "interestExpense": 283100000,
        "depreciationAndAmortization": 413400000,
        "ebitda": 2837300000,
        "ebitdaratio": 0.5156570889,
        "operatingIncome": 2409300000,
        "operatingIncomeRatio": 0.4378714356,
        "totalOtherIncomeExpensesNet": -257100000,
        "incomeBeforeTax": 2152200000,
        "incomeBeforeTaxRatio": 0.391145521,
        "incomeTaxExpense": 544300000,
        "netIncome": 1607900000,
        "netIncomeRatio": 0.2922232521,
        "eps": 2.13,
        "epsdiluted": 2.11,
        "weightedAverageShsOut": 756600000,
        "weightedAverageShsOutDil": 763900000,
        "link": "https://www.sec.gov/Archives/edgar/data/63908/000006390819000085/0000063908-19-000085-index.htm",
        "finalLink": "https://www.sec.gov/Archives/edgar/data/63908/000006390819000085/mcd-9302019x10q.htm"
    },
    {
        "date": "2019-06-30",
        "symbol": "MCD",
        "reportedCurrency": "USD",
        "cik": "0000063908",
        "fillingDate": "2019-08-06",
        "acceptedDate": "2019-08-06 15:35:56",
        "calendarYear": "2019",
        "period": "Q2",
        "revenue": 5409800000,
        "costOfRevenue": 2567200000,
        "grossProfit": 2842600000,
        "grossProfitRatio": 0.5254538061,
        "researchAndDevelopmentExpenses": 0,
        "generalAndAdministrativeExpenses": 0,
        "sellingAndMarketingExpenses": 0,
        "sellingGeneralAndAdministrativeExpenses": 469900000,
        "otherExpenses": 98800000,
        "operatingExpenses": 568700000,
        "costAndExpenses": 3135900000,
        "interestIncome": 10700000,
        "interestExpense": 286500000,
        "depreciationAndAmortization": 398300000,
        "ebitda": 2679600000,
        "ebitdaratio": 0.4953233022,
        "operatingIncome": 2273900000,
        "operatingIncomeRatio": 0.4203297719,
        "totalOtherIncomeExpensesNet": -266100000,
        "incomeBeforeTax": 2007800000,
        "incomeBeforeTaxRatio": 0.3711412622,
        "incomeTaxExpense": 490900000,
        "netIncome": 1516900000,
        "netIncomeRatio": 0.280398536,
        "eps": 1.99,
        "epsdiluted": 1.97,
        "weightedAverageShsOut": 761800000,
        "weightedAverageShsOutDil": 768700000,
        "link": "https://www.sec.gov/Archives/edgar/data/63908/000006390819000062/0000063908-19-000062-index.htm",
        "finalLink": "https://www.sec.gov/Archives/edgar/data/63908/000006390819000062/mcd-6302019x10q.htm"
    },
    {
        "date": "2019-03-31",
        "symbol": "MCD",
        "reportedCurrency": "USD",
        "cik": "0000063908",
        "fillingDate": "2019-05-08",
        "acceptedDate": "2019-05-08 16:37:59",
        "calendarYear": "2019",
        "period": "Q1",
        "revenue": 5024100000,
        "costOfRevenue": 2472600000,
        "grossProfit": 2551500000,
        "grossProfitRatio": 0.5078521526,
        "researchAndDevelopmentExpenses": 0,
        "generalAndAdministrativeExpenses": 0,
        "sellingAndMarketingExpenses": 0,
        "sellingGeneralAndAdministrativeExpenses": 437700000,
        "otherExpenses": 19800000,
        "operatingExpenses": 457500000,
        "costAndExpenses": 2930100000,
        "interestIncome": 10000000,
        "interestExpense": 274100000,
        "depreciationAndAmortization": 392600000,
        "ebitda": 2498000000,
        "ebitdaratio": 0.4972034792,
        "operatingIncome": 2094000000,
        "operatingIncomeRatio": 0.4167910671,
        "totalOtherIncomeExpensesNet": -262700000,
        "incomeBeforeTax": 1831300000,
        "incomeBeforeTaxRatio": 0.3645030951,
        "incomeTaxExpense": 502900000,
        "netIncome": 1328400000,
        "netIncomeRatio": 0.2644055652,
        "eps": 1.74,
        "epsdiluted": 1.72,
        "weightedAverageShsOut": 764900000,
        "weightedAverageShsOutDil": 771600000,
        "link": "https://www.sec.gov/Archives/edgar/data/63908/000006390819000039/0000063908-19-000039-index.htm",
        "finalLink": "https://www.sec.gov/Archives/edgar/data/63908/000006390819000039/mcd-3312019x10q.htm"
    },
    {
        "date": "2018-12-31",
        "symbol": "MCD",
        "reportedCurrency": "USD",
        "cik": "0000063908",
        "fillingDate": "2019-02-22",
        "acceptedDate": "2019-02-22 09:48:25",
        "calendarYear": "2018",
        "period": "Q4",
        "revenue": 5163000000,
        "costOfRevenue": 2466300000,
        "grossProfit": 2696700000,
        "grossProfitRatio": 0.5223126089,
        "researchAndDevelopmentExpenses": 0,
        "generalAndAdministrativeExpenses": 0,
        "sellingAndMarketingExpenses": 0,
        "sellingGeneralAndAdministrativeExpenses": 609800000,
        "otherExpenses": 87400000,
        "operatingExpenses": 697200000,
        "costAndExpenses": 3163500000,
        "interestIncome": 0,
        "interestExpense": 254100000,
        "depreciationAndAmortization": 379000000,
        "ebitda": 2384500000,
        "ebitdaratio": 0.4618438892,
        "operatingIncome": 1999500000,
        "operatingIncomeRatio": 0.3872748402,
        "totalOtherIncomeExpensesNet": -248100000,
        "incomeBeforeTax": 1751400000,
        "incomeBeforeTaxRatio": 0.3392213829,
        "incomeTaxExpense": 336100000,
        "netIncome": 1415300000,
        "netIncomeRatio": 0.2741235716,
        "eps": 1.85,
        "epsdiluted": 1.82,
        "weightedAverageShsOut": 767100000,
        "weightedAverageShsOutDil": 776600000,
        "link": "https://www.sec.gov/Archives/edgar/data/63908/000006390819000010/0000063908-19-000010-index.htm",
        "finalLink": "https://www.sec.gov/Archives/edgar/data/63908/000006390819000010/mcd-12312018x10k.htm"
    },
    {
        "date": "2018-09-30",
        "symbol": "MCD",
        "reportedCurrency": "USD",
        "cik": "0000063908",
        "fillingDate": "2018-11-01",
        "acceptedDate": "2018-11-01 12:52:42",
        "calendarYear": "2018",
        "period": "Q3",
        "revenue": 5369400000,
        "costOfRevenue": 2547300000,
        "grossProfit": 2822100000,
        "grossProfitRatio": 0.5255894513,
        "researchAndDevelopmentExpenses": 0,
        "generalAndAdministrativeExpenses": 0,
        "sellingAndMarketingExpenses": 0,
        "sellingGeneralAndAdministrativeExpenses": 515200000,
        "otherExpenses": -110800000,
        "operatingExpenses": 404400000,
        "costAndExpenses": 2951700000,
        "interestIncome": 0,
        "interestExpense": 251300000,
        "depreciationAndAmortization": 375100000,
        "ebitda": 2785100000,
        "ebitdaratio": 0.518698551,
        "operatingIncome": 2417700000,
        "operatingIncomeRatio": 0.4502737736,
        "totalOtherIncomeExpensesNet": -259000000,
        "incomeBeforeTax": 2158700000,
        "incomeBeforeTaxRatio": 0.4020374716,
        "incomeTaxExpense": 521400000,
        "netIncome": 1637300000,
        "netIncomeRatio": 0.3049316497,
        "eps": 2.12,
        "epsdiluted": 2.1,
        "weightedAverageShsOut": 772800000,
        "weightedAverageShsOutDil": 779600000,
        "link": "https://www.sec.gov/Archives/edgar/data/63908/000006390818000064/0000063908-18-000064-index.htm",
        "finalLink": "https://www.sec.gov/Archives/edgar/data/63908/000006390818000064/mcd-9302018x10q.htm"
    },
    {
        "date": "2018-06-30",
        "symbol": "MCD",
        "reportedCurrency": "USD",
        "cik": "0000063908",
        "fillingDate": "2018-08-02",
        "acceptedDate": "2018-08-02 16:16:54",
        "calendarYear": "2018",
        "period": "Q2",
        "revenue": 5353900000,
        "costOfRevenue": 2614400000,
        "grossProfit": 2739500000,
        "grossProfitRatio": 0.5116830722,
        "researchAndDevelopmentExpenses": 0,
        "generalAndAdministrativeExpenses": 0,
        "sellingAndMarketingExpenses": 0,
        "sellingGeneralAndAdministrativeExpenses": 542100000,
        "otherExpenses": -64900000,
        "operatingExpenses": 477200000,
        "costAndExpenses": 3091600000,
        "interestIncome": 100000,
        "interestExpense": 240200000,
        "depreciationAndAmortization": 365000000,
        "ebitda": 2623300000,
        "ebitdaratio": 0.4899792674,
        "operatingIncome": 2262300000,
        "operatingIncomeRatio": 0.4225517847,
        "totalOtherIncomeExpensesNet": -244200000,
        "incomeBeforeTax": 2018100000,
        "incomeBeforeTaxRatio": 0.3769401745,
        "incomeTaxExpense": 521800000,
        "netIncome": 1496300000,
        "netIncomeRatio": 0.279478511,
        "eps": 1.92,
        "epsdiluted": 1.9,
        "weightedAverageShsOut": 780000000,
        "weightedAverageShsOutDil": 787100000,
        "link": "https://www.sec.gov/Archives/edgar/data/63908/000006390818000049/0000063908-18-000049-index.htm",
        "finalLink": "https://www.sec.gov/Archives/edgar/data/63908/000006390818000049/mcd-6302018x10q.htm"
    },
    {
        "date": "2018-03-31",
        "symbol": "MCD",
        "reportedCurrency": "USD",
        "cik": "0000063908",
        "fillingDate": "2018-05-08",
        "acceptedDate": "2018-05-08 11:54:40",
        "calendarYear": "2018",
        "period": "Q1",
        "revenue": 5138900000,
        "costOfRevenue": 2611200000,
        "grossProfit": 2527700000,
        "grossProfitRatio": 0.4918756932,
        "researchAndDevelopmentExpenses": 0,
        "generalAndAdministrativeExpenses": 0,
        "sellingAndMarketingExpenses": 0,
        "sellingGeneralAndAdministrativeExpenses": 533100000,
        "otherExpenses": -148500000,
        "operatingExpenses": 384600000,
        "costAndExpenses": 2995800000,
        "interestIncome": 5500000,
        "interestExpense": 236800000,
        "depreciationAndAmortization": 362900000,
        "ebitda": 2487600000,
        "ebitdaratio": 0.4840724669,
        "operatingIncome": 2143100000,
        "operatingIncomeRatio": 0.417034774,
        "totalOtherIncomeExpensesNet": -255200000,
        "incomeBeforeTax": 1887900000,
        "incomeBeforeTaxRatio": 0.3673743408,
        "incomeTaxExpense": 512500000,
        "netIncome": 1375400000,
        "netIncomeRatio": 0.2676448267,
        "eps": 1.74,
        "epsdiluted": 1.72,
        "weightedAverageShsOut": 790900000,
        "weightedAverageShsOutDil": 798700000,
        "link": "https://www.sec.gov/Archives/edgar/data/63908/000006390818000025/0000063908-18-000025-index.htm",
        "finalLink": "https://www.sec.gov/Archives/edgar/data/63908/000006390818000025/mcd-3312018x10q.htm"
    },
    {
        "date": "2017-12-31",
        "symbol": "MCD",
        "reportedCurrency": "USD",
        "cik": "0000063908",
        "fillingDate": "2018-02-23",
        "acceptedDate": "2018-02-23 12:45:01",
        "calendarYear": "2017",
        "period": "Q4",
        "revenue": 5340200000,
        "costOfRevenue": 2674700000,
        "grossProfit": 2665500000,
        "grossProfitRatio": 0.499138609,
        "researchAndDevelopmentExpenses": 0,
        "generalAndAdministrativeExpenses": 0,
        "sellingAndMarketingExpenses": 0,
        "sellingGeneralAndAdministrativeExpenses": 617600000,
        "otherExpenses": -96300000,
        "operatingExpenses": 521300000,
        "costAndExpenses": 3196000000,
        "interestIncome": 600000,
        "interestExpense": 235100000,
        "depreciationAndAmortization": 342800000,
        "ebitda": 2463000000,
        "ebitdaratio": 0.4612186809,
        "operatingIncome": 2144200000,
        "operatingIncomeRatio": 0.4015205423,
        "totalOtherIncomeExpensesNet": -259100000,
        "incomeBeforeTax": 1885100000,
        "incomeBeforeTaxRatio": 0.3530017602,
        "incomeTaxExpense": 1186400000,
        "netIncome": 698700000,
        "netIncomeRatio": 0.1308377963,
        "eps": 0.88,
        "epsdiluted": 0.87,
        "weightedAverageShsOut": 794100000,
        "weightedAverageShsOutDil": 803000000,
        "link": "https://www.sec.gov/Archives/edgar/data/63908/000006390818000010/0000063908-18-000010-index.htm",
        "finalLink": "https://www.sec.gov/Archives/edgar/data/63908/000006390818000010/mcd-12312017x10k.htm"
    },
    {
        "date": "2017-09-30",
        "symbol": "MCD",
        "reportedCurrency": "USD",
        "cik": "0000063908",
        "fillingDate": "2017-11-02",
        "acceptedDate": "2017-11-02 12:45:45",
        "calendarYear": "2017",
        "period": "Q3",
        "revenue": 5754600000,
        "costOfRevenue": 2937100000,
        "grossProfit": 2817500000,
        "grossProfitRatio": 0.4896083133,
        "researchAndDevelopmentExpenses": 0,
        "generalAndAdministrativeExpenses": 0,
        "sellingAndMarketingExpenses": 0,
        "sellingGeneralAndAdministrativeExpenses": 567000000,
        "otherExpenses": -828900000,
        "operatingExpenses": -261900000,
        "costAndExpenses": 2675200000,
        "interestIncome": 6500000,
        "interestExpense": 236700000,
        "depreciationAndAmortization": 355800000,
        "ebitda": 3412000000,
        "ebitdaratio": 0.5929169708,
        "operatingIncome": 3079400000,
        "operatingIncomeRatio": 0.5351197303,
        "totalOtherIncomeExpensesNet": -259900000,
        "incomeBeforeTax": 2819500000,
        "incomeBeforeTaxRatio": 0.4899558614,
        "incomeTaxExpense": 935800000,
        "netIncome": 1883700000,
        "netIncomeRatio": 0.3273381295,
        "eps": 2.34,
        "epsdiluted": 2.32,
        "weightedAverageShsOut": 805300000,
        "weightedAverageShsOutDil": 813500000,
        "link": "https://www.sec.gov/Archives/edgar/data/63908/000006390817000053/0000063908-17-000053-index.htm",
        "finalLink": "https://www.sec.gov/Archives/edgar/data/63908/000006390817000053/mcd-9302017x10q.htm"
    },
    {
        "date": "2017-06-30",
        "symbol": "MCD",
        "reportedCurrency": "USD",
        "cik": "0000063908",
        "fillingDate": "2017-08-08",
        "acceptedDate": "2017-08-08 11:23:46",
        "calendarYear": "2017",
        "period": "Q2",
        "revenue": 6049700000,
        "costOfRevenue": 3341300000,
        "grossProfit": 2708400000,
        "grossProfitRatio": 0.4476916211,
        "researchAndDevelopmentExpenses": 0,
        "generalAndAdministrativeExpenses": 0,
        "sellingAndMarketingExpenses": 0,
        "sellingGeneralAndAdministrativeExpenses": 525400000,
        "otherExpenses": -112100000,
        "operatingExpenses": 413300000,
        "costAndExpenses": 3754600000,
        "interestIncome": 1700000,
        "interestExpense": 230900000,
        "depreciationAndAmortization": 339500000,
        "ebitda": 2631800000,
        "ebitdaratio": 0.4350298362,
        "operatingIncome": 2295100000,
        "operatingIncomeRatio": 0.3793741838,
        "totalOtherIncomeExpensesNet": -233700000,
        "incomeBeforeTax": 2061400000,
        "incomeBeforeTaxRatio": 0.3407441691,
        "incomeTaxExpense": 666300000,
        "netIncome": 1395100000,
        "netIncomeRatio": 0.2306064764,
        "eps": 1.72,
        "epsdiluted": 1.7,
        "weightedAverageShsOut": 811600000,
        "weightedAverageShsOutDil": 819200000,
        "link": "https://www.sec.gov/Archives/edgar/data/63908/000006390817000039/0000063908-17-000039-index.htm",
        "finalLink": "https://www.sec.gov/Archives/edgar/data/63908/000006390817000039/mcd-6302017x10q.htm"
    },
    {
        "date": "2017-03-31",
        "symbol": "MCD",
        "reportedCurrency": "USD",
        "cik": "0000063908",
        "fillingDate": "2017-05-08",
        "acceptedDate": "2017-05-08 16:10:35",
        "calendarYear": "2017",
        "period": "Q1",
        "revenue": 5675900000,
        "costOfRevenue": 3246500000,
        "grossProfit": 2429400000,
        "grossProfitRatio": 0.4280202259,
        "researchAndDevelopmentExpenses": 0,
        "generalAndAdministrativeExpenses": 0,
        "sellingAndMarketingExpenses": 0,
        "sellingGeneralAndAdministrativeExpenses": 521300000,
        "otherExpenses": -125900000,
        "operatingExpenses": 395400000,
        "costAndExpenses": 3641900000,
        "interestIncome": 0,
        "interestExpense": 220400000,
        "depreciationAndAmortization": 325300000,
        "ebitda": 2353200000,
        "ebitdaratio": 0.4145950422,
        "operatingIncome": 2034000000,
        "operatingIncomeRatio": 0.3583572649,
        "totalOtherIncomeExpensesNet": -226500000,
        "incomeBeforeTax": 1807500000,
        "incomeBeforeTaxRatio": 0.3184516993,
        "incomeTaxExpense": 592700000,
        "netIncome": 1214800000,
        "netIncomeRatio": 0.2140277313,
        "eps": 1.48,
        "epsdiluted": 1.47,
        "weightedAverageShsOut": 818800000,
        "weightedAverageShsOutDil": 825200000,
        "link": "https://www.sec.gov/Archives/edgar/data/63908/000006390817000025/0000063908-17-000025-index.htm",
        "finalLink": "https://www.sec.gov/Archives/edgar/data/63908/000006390817000025/mcd-3312017x10q.htm"
    },
    {
        "date": "2016-12-31",
        "symbol": "MCD",
        "reportedCurrency": "USD",
        "cik": "0000063908",
        "fillingDate": "2017-03-01",
        "acceptedDate": "2017-03-01 12:16:56",
        "calendarYear": "2016",
        "period": "Q4",
        "revenue": 6028900000,
        "costOfRevenue": 3470700000,
        "grossProfit": 2558200000,
        "grossProfitRatio": 0.424322845,
        "researchAndDevelopmentExpenses": 0,
        "generalAndAdministrativeExpenses": 0,
        "sellingAndMarketingExpenses": 0,
        "sellingGeneralAndAdministrativeExpenses": 627500000,
        "otherExpenses": -38300000,
        "operatingExpenses": 589200000,
        "costAndExpenses": 4059900000,
        "interestIncome": 0,
        "interestExpense": 221200000,
        "depreciationAndAmortization": 378900000,
        "ebitda": 2335000000,
        "ebitdaratio": 0.3873011661,
        "operatingIncome": 1969000000,
        "operatingIncomeRatio": 0.3265935743,
        "totalOtherIncomeExpensesNet": -234100000,
        "incomeBeforeTax": 1734900000,
        "incomeBeforeTaxRatio": 0.287763937,
        "incomeTaxExpense": 541500000,
        "netIncome": 1193400000,
        "netIncomeRatio": 0.1979465574,
        "eps": 1.46,
        "epsdiluted": 1.44,
        "weightedAverageShsOut": 818543627,
        "weightedAverageShsOutDil": 829700000,
        "link": "https://www.sec.gov/Archives/edgar/data/63908/000006390817000017/0000063908-17-000017-index.htm",
        "finalLink": "https://www.sec.gov/Archives/edgar/data/63908/000006390817000017/mcd-12312016x10k.htm"
    },
    {
        "date": "2016-09-30",
        "symbol": "MCD",
        "reportedCurrency": "USD",
        "cik": "0000063908",
        "fillingDate": "2016-11-04",
        "acceptedDate": "2016-11-03 19:05:57",
        "calendarYear": "2016",
        "period": "Q3",
        "revenue": 6424100000,
        "costOfRevenue": 3677100000,
        "grossProfit": 2747000000,
        "grossProfitRatio": 0.4276085366,
        "researchAndDevelopmentExpenses": 0,
        "generalAndAdministrativeExpenses": 0,
        "sellingAndMarketingExpenses": 0,
        "sellingGeneralAndAdministrativeExpenses": 582900000,
        "otherExpenses": 26800000,
        "operatingExpenses": 609700000,
        "costAndExpenses": 4286800000,
        "interestIncome": 0,
        "interestExpense": 222200000,
        "depreciationAndAmortization": 370600000,
        "ebitda": 2497300000,
        "ebitdaratio": 0.3887392787,
        "operatingIncome": 2137300000,
        "operatingIncomeRatio": 0.3327003004,
        "totalOtherIncomeExpensesNet": -232800000,
        "incomeBeforeTax": 1904500000,
        "incomeBeforeTaxRatio": 0.2964617612,
        "incomeTaxExpense": 629100000,
        "netIncome": 1275400000,
        "netIncomeRatio": 0.1985336467,
        "eps": 1.52,
        "epsdiluted": 1.5,
        "weightedAverageShsOut": 841400000,
        "weightedAverageShsOutDil": 847700000,
        "link": "https://www.sec.gov/Archives/edgar/data/63908/000006390816000161/0000063908-16-000161-index.htm",
        "finalLink": "https://www.sec.gov/Archives/edgar/data/63908/000006390816000161/mcd-9302016x10q.htm"
    },
    {
        "date": "2016-06-30",
        "symbol": "MCD",
        "reportedCurrency": "USD",
        "cik": "0000063908",
        "fillingDate": "2016-08-04",
        "acceptedDate": "2016-08-04 14:37:27",
        "calendarYear": "2016",
        "period": "Q2",
        "revenue": 6265000000,
        "costOfRevenue": 3679000000,
        "grossProfit": 2586000000,
        "grossProfitRatio": 0.4127693536,
        "researchAndDevelopmentExpenses": 0,
        "generalAndAdministrativeExpenses": 0,
        "sellingAndMarketingExpenses": 0,
        "sellingGeneralAndAdministrativeExpenses": 596100000,
        "otherExpenses": 132000000,
        "operatingExpenses": 728100000,
        "costAndExpenses": 4407100000,
        "interestIncome": 3000000,
        "interestExpense": 223900000,
        "depreciationAndAmortization": 383300000,
        "ebitda": 2257400000,
        "ebitdaratio": 0.3603192338,
        "operatingIncome": 1857900000,
        "operatingIncomeRatio": 0.2965522745,
        "totalOtherIncomeExpensesNet": -207700000,
        "incomeBeforeTax": 1650200000,
        "incomeBeforeTaxRatio": 0.2633998404,
        "incomeTaxExpense": 557300000,
        "netIncome": 1092900000,
        "netIncomeRatio": 0.1744453312,
        "eps": 1.27,
        "epsdiluted": 1.25,
        "weightedAverageShsOut": 864000000,
        "weightedAverageShsOutDil": 871200000,
        "link": "https://www.sec.gov/Archives/edgar/data/63908/000006390816000142/0000063908-16-000142-index.htm",
        "finalLink": "https://www.sec.gov/Archives/edgar/data/63908/000006390816000142/mcd-6302016x10q.htm"
    },
    {
        "date": "2016-03-31",
        "symbol": "MCD",
        "reportedCurrency": "USD",
        "cik": "0000063908",
        "fillingDate": "2016-05-06",
        "acceptedDate": "2016-05-06 10:08:50",
        "calendarYear": "2016",
        "period": "Q1",
        "revenue": 5903900000,
        "costOfRevenue": 3590400000,
        "grossProfit": 2313500000,
        "grossProfitRatio": 0.3918596182,
        "researchAndDevelopmentExpenses": 0,
        "generalAndAdministrativeExpenses": 0,
        "sellingAndMarketingExpenses": 0,
        "sellingGeneralAndAdministrativeExpenses": 578000000,
        "otherExpenses": -44800000,
        "operatingExpenses": 533200000,
        "costAndExpenses": 4123600000,
        "interestIncome": 3800000,
        "interestExpense": 218300000,
        "depreciationAndAmortization": 383700000,
        "ebitda": 2178400000,
        "ebitdaratio": 0.3689764393,
        "operatingIncome": 1780300000,
        "operatingIncomeRatio": 0.3015464354,
        "totalOtherIncomeExpensesNet": -203900000,
        "incomeBeforeTax": 1576400000,
        "incomeBeforeTaxRatio": 0.2670099426,
        "incomeTaxExpense": 451600000,
        "netIncome": 1124800000,
        "netIncomeRatio": 0.1905181321,
        "eps": 1.27,
        "epsdiluted": 1.25,
        "weightedAverageShsOut": 888900000,
        "weightedAverageShsOutDil": 896300000,
        "link": "https://www.sec.gov/Archives/edgar/data/63908/000006390816000121/0000063908-16-000121-index.htm",
        "finalLink": "https://www.sec.gov/Archives/edgar/data/63908/000006390816000121/mcd-3312016x10q.htm"
    },
    {
        "date": "2015-12-31",
        "symbol": "MCD",
        "reportedCurrency": "USD",
        "cik": "0000063908",
        "fillingDate": "2016-02-25",
        "acceptedDate": "2016-02-25 15:46:10",
        "calendarYear": "2015",
        "period": "Q4",
        "revenue": 6341300000,
        "costOfRevenue": 3834800000,
        "grossProfit": 2506500000,
        "grossProfitRatio": 0.3952659549,
        "researchAndDevelopmentExpenses": 0,
        "generalAndAdministrativeExpenses": 0,
        "sellingAndMarketingExpenses": 0,
        "sellingGeneralAndAdministrativeExpenses": 675100000,
        "otherExpenses": -49000000,
        "operatingExpenses": 626100000,
        "costAndExpenses": 4460900000,
        "interestIncome": 1800000,
        "interestExpense": 180900000,
        "depreciationAndAmortization": 389700000,
        "ebitda": 2281400000,
        "ebitdaratio": 0.3597685017,
        "operatingIncome": 1880400000,
        "operatingIncomeRatio": 0.2965322568,
        "totalOtherIncomeExpensesNet": -169600000,
        "incomeBeforeTax": 1710800000,
        "incomeBeforeTaxRatio": 0.2697869522,
        "incomeTaxExpense": 504600000,
        "netIncome": 1206200000,
        "netIncomeRatio": 0.1902133632,
        "eps": 1.33,
        "epsdiluted": 1.31,
        "weightedAverageShsOut": 906800000,
        "weightedAverageShsOutDil": 919900000,
        "link": "https://www.sec.gov/Archives/edgar/data/63908/000006390816000103/0000063908-16-000103-index.htm",
        "finalLink": "https://www.sec.gov/Archives/edgar/data/63908/000006390816000103/mcd-12312015x10k.htm"
    },
    {
        "date": "2015-09-30",
        "symbol": "MCD",
        "reportedCurrency": "USD",
        "cik": "0000063908",
        "fillingDate": "2015-11-04",
        "acceptedDate": "2015-11-04 10:43:52",
        "calendarYear": "2015",
        "period": "Q3",
        "revenue": 6615100000,
        "costOfRevenue": 4023800000,
        "grossProfit": 2591300000,
        "grossProfitRatio": 0.3917249928,
        "researchAndDevelopmentExpenses": 0,
        "generalAndAdministrativeExpenses": 0,
        "sellingAndMarketingExpenses": 0,
        "sellingGeneralAndAdministrativeExpenses": 584000000,
        "otherExpenses": -23000000,
        "operatingExpenses": 561000000,
        "costAndExpenses": 4584800000,
        "interestIncome": 3200000,
        "interestExpense": 160900000,
        "depreciationAndAmortization": 387700000,
        "ebitda": 2427000000,
        "ebitdaratio": 0.3668878777,
        "operatingIncome": 2030300000,
        "operatingIncomeRatio": 0.3069190186,
        "totalOtherIncomeExpensesNet": -151900000,
        "incomeBeforeTax": 1878400000,
        "incomeBeforeTaxRatio": 0.2839564028,
        "incomeTaxExpense": 569200000,
        "netIncome": 1309200000,
        "netIncomeRatio": 0.1979108404,
        "eps": 1.41,
        "epsdiluted": 1.4,
        "weightedAverageShsOut": 930300000,
        "weightedAverageShsOutDil": 934800000,
        "link": "https://www.sec.gov/Archives/edgar/data/63908/000006390815000081/0000063908-15-000081-index.htm",
        "finalLink": "https://www.sec.gov/Archives/edgar/data/63908/000006390815000081/mcd-9302015x10q.htm"
    },
    {
        "date": "2015-06-30",
        "symbol": "MCD",
        "reportedCurrency": "USD",
        "cik": "0000063908",
        "fillingDate": "2015-08-05",
        "acceptedDate": "2015-08-05 11:29:14",
        "calendarYear": "2015",
        "period": "Q2",
        "revenue": 6497700000,
        "costOfRevenue": 4007300000,
        "grossProfit": 2490400000,
        "grossProfitRatio": 0.3832740816,
        "researchAndDevelopmentExpenses": 0,
        "generalAndAdministrativeExpenses": 0,
        "sellingAndMarketingExpenses": 0,
        "sellingGeneralAndAdministrativeExpenses": 592400000,
        "otherExpenses": 48700000,
        "operatingExpenses": 641100000,
        "costAndExpenses": 4648400000,
        "interestIncome": 1700000,
        "interestExpense": 149200000,
        "depreciationAndAmortization": 392200000,
        "ebitda": 2253800000,
        "ebitdaratio": 0.346861197,
        "operatingIncome": 1849300000,
        "operatingIncomeRatio": 0.2846083999,
        "totalOtherIncomeExpensesNet": -136900000,
        "incomeBeforeTax": 1712400000,
        "incomeBeforeTaxRatio": 0.2635394063,
        "incomeTaxExpense": 510000000,
        "netIncome": 1202400000,
        "netIncomeRatio": 0.1850500946,
        "eps": 1.26,
        "epsdiluted": 1.26,
        "weightedAverageShsOut": 953200000,
        "weightedAverageShsOutDil": 957600000,
        "link": "https://www.sec.gov/Archives/edgar/data/63908/000006390815000065/0000063908-15-000065-index.htm",
        "finalLink": "https://www.sec.gov/Archives/edgar/data/63908/000006390815000065/mcd-6302015x10q.htm"
    },
    {
        "date": "2015-03-31",
        "symbol": "MCD",
        "reportedCurrency": "USD",
        "cik": "0000063908",
        "fillingDate": "2015-05-07",
        "acceptedDate": "2015-05-07 12:13:05",
        "calendarYear": "2015",
        "period": "Q1",
        "revenue": 5958900000,
        "costOfRevenue": 3757900000,
        "grossProfit": 2201000000,
        "grossProfitRatio": 0.3693634731,
        "researchAndDevelopmentExpenses": 0,
        "generalAndAdministrativeExpenses": 0,
        "sellingAndMarketingExpenses": 0,
        "sellingGeneralAndAdministrativeExpenses": 582800000,
        "otherExpenses": 232700000,
        "operatingExpenses": 815500000,
        "costAndExpenses": 4573400000,
        "interestIncome": 2300000,
        "interestExpense": 147300000,
        "depreciationAndAmortization": 386100000,
        "ebitda": 1787500000,
        "ebitdaratio": 0.2999714712,
        "operatingIncome": 1385500000,
        "operatingIncomeRatio": 0.2325093558,
        "totalOtherIncomeExpensesNet": -131400000,
        "incomeBeforeTax": 1254100000,
        "incomeBeforeTaxRatio": 0.2104583061,
        "incomeTaxExpense": 442600000,
        "netIncome": 811500000,
        "netIncomeRatio": 0.1361828525,
        "eps": 0.84,
        "epsdiluted": 0.84,
        "weightedAverageShsOut": 960600000,
        "weightedAverageShsOutDil": 965500000,
        "link": "https://www.sec.gov/Archives/edgar/data/63908/000006390815000039/0000063908-15-000039-index.htm",
        "finalLink": "https://www.sec.gov/Archives/edgar/data/63908/000006390815000039/mcd-3312015x10q.htm"
    },
    {
        "date": "2014-12-31",
        "symbol": "MCD",
        "reportedCurrency": "USD",
        "cik": "0000063908",
        "fillingDate": "2015-02-24",
        "acceptedDate": "2015-02-24 14:40:58",
        "calendarYear": "2014",
        "period": "Q4",
        "revenue": 6572200000,
        "costOfRevenue": 4098100000,
        "grossProfit": 2474100000,
        "grossProfitRatio": 0.3764492864,
        "researchAndDevelopmentExpenses": 0,
        "generalAndAdministrativeExpenses": 0,
        "sellingAndMarketingExpenses": 0,
        "sellingGeneralAndAdministrativeExpenses": 662500000,
        "otherExpenses": 1811600000,
        "operatingExpenses": 2474100000,
        "costAndExpenses": 6572200000,
        "interestIncome": 3700000,
        "interestExpense": 147800000,
        "depreciationAndAmortization": 407500000,
        "ebitda": 2151400000,
        "ebitdaratio": 0.3273485287,
        "operatingIncome": 1811600000,
        "operatingIncomeRatio": 0.2756459024,
        "totalOtherIncomeExpensesNet": -215500000,
        "incomeBeforeTax": 1596100000,
        "incomeBeforeTaxRatio": 0.2428562734,
        "incomeTaxExpense": 498600000,
        "netIncome": 1097500000,
        "netIncomeRatio": 0.1669912662,
        "eps": 1.14,
        "epsdiluted": 1.13,
        "weightedAverageShsOut": 962900000,
        "weightedAverageShsOutDil": 971500000,
        "link": "https://www.sec.gov/Archives/edgar/data/63908/000006390815000016/0000063908-15-000016-index.htm",
        "finalLink": "https://www.sec.gov/Archives/edgar/data/63908/000006390815000016/mcd-12312014x10k.htm"
    },
    {
        "date": "2014-09-30",
        "symbol": "MCD",
        "reportedCurrency": "USD",
        "cik": "0000063908",
        "fillingDate": "2014-11-03",
        "acceptedDate": "2014-11-03 11:03:15",
        "calendarYear": "2014",
        "period": "Q3",
        "revenue": 6987100000,
        "costOfRevenue": 4305900000,
        "grossProfit": 2681200000,
        "grossProfitRatio": 0.3837357416,
        "researchAndDevelopmentExpenses": 0,
        "generalAndAdministrativeExpenses": 0,
        "sellingAndMarketingExpenses": 0,
        "sellingGeneralAndAdministrativeExpenses": 575800000,
        "otherExpenses": 32900000,
        "operatingExpenses": 608700000,
        "costAndExpenses": 4914600000,
        "interestIncome": 5500000,
        "interestExpense": 149300000,
        "depreciationAndAmortization": 413400000,
        "ebitda": 2483800000,
        "ebitdaratio": 0.3554836771,
        "operatingIncome": 2072500000,
        "operatingIncomeRatio": 0.2966180533,
        "totalOtherIncomeExpensesNet": -151400000,
        "incomeBeforeTax": 1921100000,
        "incomeBeforeTaxRatio": 0.2749495499,
        "incomeTaxExpense": 852700000,
        "netIncome": 1068400000,
        "netIncomeRatio": 0.1529103634,
        "eps": 1.09,
        "epsdiluted": 1.09,
        "weightedAverageShsOut": 978700000,
        "weightedAverageShsOutDil": 983800000,
        "link": "https://www.sec.gov/Archives/edgar/data/63908/000006390814000077/0000063908-14-000077-index.htm",
        "finalLink": "https://www.sec.gov/Archives/edgar/data/63908/000006390814000077/mcd-9302014x10q.htm"
    },
    {
        "date": "2014-06-30",
        "symbol": "MCD",
        "reportedCurrency": "USD",
        "cik": "0000063908",
        "fillingDate": "2014-08-04",
        "acceptedDate": "2014-08-04 10:40:32",
        "calendarYear": "2014",
        "period": "Q2",
        "revenue": 7181700000,
        "costOfRevenue": 4397400000,
        "grossProfit": 2784300000,
        "grossProfitRatio": 0.3876937215,
        "researchAndDevelopmentExpenses": 0,
        "generalAndAdministrativeExpenses": 0,
        "sellingAndMarketingExpenses": 0,
        "sellingGeneralAndAdministrativeExpenses": 629200000,
        "otherExpenses": -33900000,
        "operatingExpenses": 595300000,
        "costAndExpenses": 4992700000,
        "interestIncome": 7400000,
        "interestExpense": 137900000,
        "depreciationAndAmortization": 413200000,
        "ebitda": 2622600000,
        "ebitdaratio": 0.3651781612,
        "operatingIncome": 2189000000,
        "operatingIncomeRatio": 0.3048024841,
        "totalOtherIncomeExpensesNet": -117500000,
        "incomeBeforeTax": 2071500000,
        "incomeBeforeTaxRatio": 0.2884414554,
        "incomeTaxExpense": 684400000,
        "netIncome": 1387100000,
        "netIncomeRatio": 0.1931436846,
        "eps": 1.4,
        "epsdiluted": 1.4,
        "weightedAverageShsOut": 987400000,
        "weightedAverageShsOutDil": 993200000,
        "link": "https://www.sec.gov/Archives/edgar/data/63908/000006390814000059/0000063908-14-000059-index.htm",
        "finalLink": "https://www.sec.gov/Archives/edgar/data/63908/000006390814000059/mcd-6302014x10q.htm"
    },
    {
        "date": "2014-03-31",
        "symbol": "MCD",
        "reportedCurrency": "USD",
        "cik": "0000063908",
        "fillingDate": "2014-05-06",
        "acceptedDate": "2014-05-06 10:04:09",
        "calendarYear": "2014",
        "period": "Q1",
        "revenue": 6700300000,
        "costOfRevenue": 4184200000,
        "grossProfit": 2516100000,
        "grossProfitRatio": 0.3755204991,
        "researchAndDevelopmentExpenses": 0,
        "generalAndAdministrativeExpenses": 0,
        "sellingAndMarketingExpenses": 0,
        "sellingGeneralAndAdministrativeExpenses": 620400000,
        "otherExpenses": -40300000,
        "operatingExpenses": 580100000,
        "costAndExpenses": 4764300000,
        "interestIncome": 3400000,
        "interestExpense": 135500000,
        "depreciationAndAmortization": 410400000,
        "ebitda": 2329200000,
        "ebitdaratio": 0.3476262257,
        "operatingIncome": 1936000000,
        "operatingIncomeRatio": 0.2889422862,
        "totalOtherIncomeExpensesNet": -152700000,
        "incomeBeforeTax": 1783300000,
        "incomeBeforeTaxRatio": 0.2661522618,
        "incomeTaxExpense": 578500000,
        "netIncome": 1204800000,
        "netIncomeRatio": 0.1798128442,
        "eps": 1.22,
        "epsdiluted": 1.21,
        "weightedAverageShsOut": 989600000,
        "weightedAverageShsOutDil": 995900000,
        "link": "https://www.sec.gov/Archives/edgar/data/63908/000006390814000032/0000063908-14-000032-index.htm",
        "finalLink": "https://www.sec.gov/Archives/edgar/data/63908/000006390814000032/mcd-3312014x10q.htm"
    },
    {
        "date": "2013-12-31",
        "symbol": "MCD",
        "reportedCurrency": "USD",
        "cik": "0000063908",
        "fillingDate": "2014-02-24",
        "acceptedDate": "2014-02-24 13:26:44",
        "calendarYear": "2013",
        "period": "Q4",
        "revenue": 7093200000,
        "costOfRevenue": 4350400000,
        "grossProfit": 2742800000,
        "grossProfitRatio": 0.3866802008,
        "researchAndDevelopmentExpenses": 0,
        "generalAndAdministrativeExpenses": 0,
        "sellingAndMarketingExpenses": 0,
        "sellingGeneralAndAdministrativeExpenses": 627800000,
        "otherExpenses": -85400000,
        "operatingExpenses": 542400000,
        "costAndExpenses": 4892800000,
        "interestIncome": 4500000,
        "interestExpense": 133500000,
        "depreciationAndAmortization": 408600000,
        "ebitda": 2597300000,
        "ebitdaratio": 0.3661675971,
        "operatingIncome": 2200400000,
        "operatingIncomeRatio": 0.310212598,
        "totalOtherIncomeExpensesNet": -145200000,
        "incomeBeforeTax": 2055200000,
        "incomeBeforeTaxRatio": 0.2897422884,
        "incomeTaxExpense": 658200000,
        "netIncome": 1397000000,
        "netIncomeRatio": 0.1969491908,
        "eps": 1.41,
        "epsdiluted": 1.4,
        "weightedAverageShsOut": 990400000,
        "weightedAverageShsOutDil": 999300000,
        "link": "https://www.sec.gov/Archives/edgar/data/63908/000006390814000019/0000063908-14-000019-index.htm",
        "finalLink": "https://www.sec.gov/Archives/edgar/data/63908/000006390814000019/mcd-12312013x10k.htm"
    },
    {
        "date": "2013-09-30",
        "symbol": "MCD",
        "reportedCurrency": "USD",
        "cik": "0000063908",
        "fillingDate": "2013-10-30",
        "acceptedDate": "2013-10-30 10:02:44",
        "calendarYear": "2013",
        "period": "Q3",
        "revenue": 7323400000,
        "costOfRevenue": 4412800000,
        "grossProfit": 2910600000,
        "grossProfitRatio": 0.3974383483,
        "researchAndDevelopmentExpenses": 0,
        "generalAndAdministrativeExpenses": 0,
        "sellingAndMarketingExpenses": 0,
        "sellingGeneralAndAdministrativeExpenses": 554300000,
        "otherExpenses": -60400000,
        "operatingExpenses": 493900000,
        "costAndExpenses": 4906700000,
        "interestIncome": 3400000,
        "interestExpense": 130500000,
        "depreciationAndAmortization": 394500000,
        "ebitda": 2797600000,
        "ebitdaratio": 0.3820083568,
        "operatingIncome": 2416700000,
        "operatingIncomeRatio": 0.3299969959,
        "totalOtherIncomeExpensesNet": -144100000,
        "incomeBeforeTax": 2272600000,
        "incomeBeforeTaxRatio": 0.310320343,
        "incomeTaxExpense": 750400000,
        "netIncome": 1522200000,
        "netIncomeRatio": 0.2078542753,
        "eps": 1.53,
        "epsdiluted": 1.52,
        "weightedAverageShsOut": 997300000,
        "weightedAverageShsOutDil": 1004200000,
        "link": "https://www.sec.gov/Archives/edgar/data/63908/000006390813000076/0000063908-13-000076-index.htm",
        "finalLink": "https://www.sec.gov/Archives/edgar/data/63908/000006390813000076/mcd-9302013x10q.htm"
    },
    {
        "date": "2013-06-30",
        "symbol": "MCD",
        "reportedCurrency": "USD",
        "cik": "0000063908",
        "fillingDate": "2013-07-31",
        "acceptedDate": "2013-07-31 10:44:00",
        "calendarYear": "2013",
        "period": "Q2",
        "revenue": 7083800000,
        "costOfRevenue": 4318600000,
        "grossProfit": 2765200000,
        "grossProfitRatio": 0.3903554589,
        "researchAndDevelopmentExpenses": 0,
        "generalAndAdministrativeExpenses": 0,
        "sellingAndMarketingExpenses": 0,
        "sellingGeneralAndAdministrativeExpenses": 607000000,
        "otherExpenses": -39500000,
        "operatingExpenses": 567500000,
        "costAndExpenses": 4886100000,
        "interestIncome": 3100000,
        "interestExpense": 129800000,
        "depreciationAndAmortization": 390900000,
        "ebitda": 2580600000,
        "ebitdaratio": 0.3642959993,
        "operatingIncome": 2197700000,
        "operatingIncomeRatio": 0.3102430899,
        "totalOtherIncomeExpensesNet": -137800000,
        "incomeBeforeTax": 2059900000,
        "incomeBeforeTaxRatio": 0.2907902538,
        "incomeTaxExpense": 663400000,
        "netIncome": 1396500000,
        "netIncomeRatio": 0.1971399531,
        "eps": 1.39,
        "epsdiluted": 1.38,
        "weightedAverageShsOut": 1001400000,
        "weightedAverageShsOutDil": 1008700000,
        "link": "https://www.sec.gov/Archives/edgar/data/63908/000006390813000060/0000063908-13-000060-index.htm",
        "finalLink": "https://www.sec.gov/Archives/edgar/data/63908/000006390813000060/mcd-6302013x10q.htm"
    },
    {
        "date": "2013-03-31",
        "symbol": "MCD",
        "reportedCurrency": "USD",
        "cik": "0000063908",
        "fillingDate": "2013-05-01",
        "acceptedDate": "2013-05-01 13:10:46",
        "calendarYear": "2013",
        "period": "Q1",
        "revenue": 6605300000,
        "costOfRevenue": 4121200000,
        "grossProfit": 2484100000,
        "grossProfitRatio": 0.3760767868,
        "researchAndDevelopmentExpenses": 0,
        "generalAndAdministrativeExpenses": 0,
        "sellingAndMarketingExpenses": 0,
        "sellingGeneralAndAdministrativeExpenses": 596500000,
        "otherExpenses": -61900000,
        "operatingExpenses": 534600000,
        "costAndExpenses": 4655800000,
        "interestIncome": 4000000,
        "interestExpense": 128100000,
        "depreciationAndAmortization": 391100000,
        "ebitda": 2336000000,
        "ebitdaratio": 0.3536553979,
        "operatingIncome": 1949500000,
        "operatingIncomeRatio": 0.2951417801,
        "totalOtherIncomeExpensesNet": -132700000,
        "incomeBeforeTax": 1816800000,
        "incomeBeforeTaxRatio": 0.2750518523,
        "incomeTaxExpense": 546600000,
        "netIncome": 1270200000,
        "netIncomeRatio": 0.1923001226,
        "eps": 1.27,
        "epsdiluted": 1.26,
        "weightedAverageShsOut": 1002700000,
        "weightedAverageShsOutDil": 1010800000,
        "link": "https://www.sec.gov/Archives/edgar/data/63908/000006390813000028/0000063908-13-000028-index.htm",
        "finalLink": "https://www.sec.gov/Archives/edgar/data/63908/000006390813000028/mcd-3312013x10q.htm"
    },
    {
        "date": "2012-12-31",
        "symbol": "MCD",
        "reportedCurrency": "USD",
        "cik": "0000063908",
        "fillingDate": "2013-02-25",
        "acceptedDate": "2013-02-25 11:19:42",
        "calendarYear": "2012",
        "period": "Q4",
        "revenue": 6952100000,
        "costOfRevenue": 4223800000,
        "grossProfit": 2728300000,
        "grossProfitRatio": 0.3924425713,
        "researchAndDevelopmentExpenses": 0,
        "generalAndAdministrativeExpenses": 0,
        "sellingAndMarketingExpenses": 0,
        "sellingGeneralAndAdministrativeExpenses": 624500000,
        "otherExpenses": -94000000,
        "operatingExpenses": 530500000,
        "costAndExpenses": 4754300000,
        "interestIncome": 5000000,
        "interestExpense": 129600000,
        "depreciationAndAmortization": 386000000,
        "ebitda": 2583600000,
        "ebitdaratio": 0.3716287165,
        "operatingIncome": 2197800000,
        "operatingIncomeRatio": 0.3161346931,
        "totalOtherIncomeExpensesNet": -129800000,
        "incomeBeforeTax": 2068000000,
        "incomeBeforeTaxRatio": 0.2974640756,
        "incomeTaxExpense": 671900000,
        "netIncome": 1396100000,
        "netIncomeRatio": 0.2008170193,
        "eps": 1.39,
        "epsdiluted": 1.38,
        "weightedAverageShsOut": 1002700000,
        "weightedAverageShsOutDil": 1010700000,
        "link": "https://www.sec.gov/Archives/edgar/data/63908/000006390813000010/0000063908-13-000010-index.htm",
        "finalLink": "https://www.sec.gov/Archives/edgar/data/63908/000006390813000010/mcd-12312012x10k.htm"
    },
    {
        "date": "2012-09-30",
        "symbol": "MCD",
        "reportedCurrency": "USD",
        "cik": "0000063908",
        "fillingDate": "2012-11-01",
        "acceptedDate": "2012-11-01 10:54:19",
        "calendarYear": "2012",
        "period": "Q3",
        "revenue": 7152400000,
        "costOfRevenue": 4297800000,
        "grossProfit": 2854600000,
        "grossProfitRatio": 0.399110788,
        "researchAndDevelopmentExpenses": 0,
        "generalAndAdministrativeExpenses": 0,
        "sellingAndMarketingExpenses": 0,
        "sellingGeneralAndAdministrativeExpenses": 620900000,
        "otherExpenses": -53500000,
        "operatingExpenses": 567400000,
        "costAndExpenses": 4865200000,
        "interestIncome": 5000000,
        "interestExpense": 128100000,
        "depreciationAndAmortization": 371900000,
        "ebitda": 2653600000,
        "ebitdaratio": 0.3710083329,
        "operatingIncome": 2287200000,
        "operatingIncomeRatio": 0.3197807729,
        "totalOtherIncomeExpensesNet": -133600000,
        "incomeBeforeTax": 2153600000,
        "incomeBeforeTaxRatio": 0.3011017281,
        "incomeTaxExpense": 698600000,
        "netIncome": 1455000000,
        "netIncomeRatio": 0.2034282199,
        "eps": 1.45,
        "epsdiluted": 1.43,
        "weightedAverageShsOut": 1006100000,
        "weightedAverageShsOutDil": 1015400000,
        "link": "https://www.sec.gov/Archives/edgar/data/63908/000006390812000044/0000063908-12-000044-index.htm",
        "finalLink": "https://www.sec.gov/Archives/edgar/data/63908/000006390812000044/mcd-9302012x10q.htm"
    },
    {
        "date": "2012-06-30",
        "symbol": "MCD",
        "reportedCurrency": "USD",
        "cik": "0000063908",
        "fillingDate": "2012-08-06",
        "acceptedDate": "2012-08-06 10:32:47",
        "calendarYear": "2012",
        "period": "Q2",
        "revenue": 6915900000,
        "costOfRevenue": 4200000000,
        "grossProfit": 2715900000,
        "grossProfitRatio": 0.3927037696,
        "researchAndDevelopmentExpenses": 0,
        "generalAndAdministrativeExpenses": 0,
        "sellingAndMarketingExpenses": 0,
        "sellingGeneralAndAdministrativeExpenses": 617300000,
        "otherExpenses": -56400000,
        "operatingExpenses": 560900000,
        "costAndExpenses": 4760900000,
        "interestIncome": 6500000,
        "interestExpense": 130000000,
        "depreciationAndAmortization": 365900000,
        "ebitda": 2505800000,
        "ebitdaratio": 0.3623244986,
        "operatingIncome": 2155000000,
        "operatingIncomeRatio": 0.3116008039,
        "totalOtherIncomeExpensesNet": -145100000,
        "incomeBeforeTax": 2009900000,
        "incomeBeforeTaxRatio": 0.2906201651,
        "incomeTaxExpense": 662900000,
        "netIncome": 1347000000,
        "netIncomeRatio": 0.1947685768,
        "eps": 1.33,
        "epsdiluted": 1.32,
        "weightedAverageShsOut": 1013800000,
        "weightedAverageShsOutDil": 1023900000,
        "link": "https://www.sec.gov/Archives/edgar/data/63908/000119312512336626/0001193125-12-336626-index.htm",
        "finalLink": "https://www.sec.gov/Archives/edgar/data/63908/000119312512336626/d367139d10q.htm"
    },
    {
        "date": "2012-03-31",
        "symbol": "MCD",
        "reportedCurrency": "USD",
        "cik": "0000063908",
        "fillingDate": "2012-05-08",
        "acceptedDate": "2012-05-08 10:39:16",
        "calendarYear": "2012",
        "period": "Q1",
        "revenue": 6546600000,
        "costOfRevenue": 4029100000,
        "grossProfit": 2517500000,
        "grossProfitRatio": 0.3845507592,
        "researchAndDevelopmentExpenses": 0,
        "generalAndAdministrativeExpenses": 0,
        "sellingAndMarketingExpenses": 0,
        "sellingGeneralAndAdministrativeExpenses": 592500000,
        "otherExpenses": -39600000,
        "operatingExpenses": 552900000,
        "costAndExpenses": 4582000000,
        "interestIncome": 11500000,
        "interestExpense": 128900000,
        "depreciationAndAmortization": 364700000,
        "ebitda": 2341100000,
        "ebitdaratio": 0.3576054746,
        "operatingIncome": 1964600000,
        "operatingIncomeRatio": 0.3000947056,
        "totalOtherIncomeExpensesNet": -117100000,
        "incomeBeforeTax": 1847500000,
        "incomeBeforeTaxRatio": 0.2822075581,
        "incomeTaxExpense": 580800000,
        "netIncome": 1266700000,
        "netIncomeRatio": 0.1934897504,
        "eps": 1.24,
        "epsdiluted": 1.23,
        "weightedAverageShsOut": 1018200000,
        "weightedAverageShsOutDil": 1030000000,
        "link": "https://www.sec.gov/Archives/edgar/data/63908/000119312512217184/0001193125-12-217184-index.htm",
        "finalLink": "https://www.sec.gov/Archives/edgar/data/63908/000119312512217184/d321624d10q.htm"
    },
    {
        "date": "2011-12-31",
        "symbol": "MCD",
        "reportedCurrency": "USD",
        "cik": "0000063908",
        "fillingDate": "2012-02-24",
        "acceptedDate": "2012-02-24 11:55:52",
        "calendarYear": "2011",
        "period": "Q4",
        "revenue": 6822700000,
        "costOfRevenue": 4109100000,
        "grossProfit": 2713600000,
        "grossProfitRatio": 0.3977311035,
        "researchAndDevelopmentExpenses": 0,
        "generalAndAdministrativeExpenses": 0,
        "sellingAndMarketingExpenses": 0,
        "sellingGeneralAndAdministrativeExpenses": 661200000,
        "otherExpenses": -67600000,
        "operatingExpenses": 593600000,
        "costAndExpenses": 4702700000,
        "interestIncome": 0,
        "interestExpense": 126900000,
        "depreciationAndAmortization": 367500000,
        "ebitda": 2478100000,
        "ebitdaratio": 0.3632139769,
        "operatingIncome": 2120000000,
        "operatingIncomeRatio": 0.3107274246,
        "totalOtherIncomeExpensesNet": -136300000,
        "incomeBeforeTax": 1983700000,
        "incomeBeforeTaxRatio": 0.2907499963,
        "incomeTaxExpense": 607100000,
        "netIncome": 1376600000,
        "netIncomeRatio": 0.2017676287,
        "eps": 1.35,
        "epsdiluted": 1.35,
        "weightedAverageShsOut": 1016244880,
        "weightedAverageShsOutDil": 1016244880,
        "link": "https://www.sec.gov/Archives/edgar/data/63908/000119312512077317/0001193125-12-077317-index.htm",
        "finalLink": "https://www.sec.gov/Archives/edgar/data/63908/000119312512077317/d260574d10k.htm"
    },
    {
        "date": "2011-09-30",
        "symbol": "MCD",
        "reportedCurrency": "USD",
        "cik": "0000063908",
        "fillingDate": "2011-11-04",
        "acceptedDate": "2011-11-04 10:18:51",
        "calendarYear": "2011",
        "period": "Q3",
        "revenue": 7166300000,
        "costOfRevenue": 4259500000,
        "grossProfit": 2906800000,
        "grossProfitRatio": 0.4056207527,
        "researchAndDevelopmentExpenses": 0,
        "generalAndAdministrativeExpenses": 0,
        "sellingAndMarketingExpenses": 0,
        "sellingGeneralAndAdministrativeExpenses": 580900000,
        "otherExpenses": -68800000,
        "operatingExpenses": 512100000,
        "costAndExpenses": 4771600000,
        "interestIncome": 10300000,
        "interestExpense": 124000000,
        "depreciationAndAmortization": 358300000,
        "ebitda": 2745500000,
        "ebitdaratio": 0.3831126244,
        "operatingIncome": 2394700000,
        "operatingIncomeRatio": 0.3341612827,
        "totalOtherIncomeExpensesNet": -131500000,
        "incomeBeforeTax": 2263200000,
        "incomeBeforeTaxRatio": 0.3158115066,
        "incomeTaxExpense": 755900000,
        "netIncome": 1507300000,
        "netIncomeRatio": 0.2103316914,
        "eps": 1.47,
        "epsdiluted": 1.45,
        "weightedAverageShsOut": 1028800000,
        "weightedAverageShsOutDil": 1041300000,
        "link": "https://www.sec.gov/Archives/edgar/data/63908/000119312511296575/0001193125-11-296575-index.htm",
        "finalLink": "https://www.sec.gov/Archives/edgar/data/63908/000119312511296575/d234738d10q.htm"
    },
    {
        "date": "2011-06-30",
        "symbol": "MCD",
        "reportedCurrency": "USD",
        "cik": "0000063908",
        "fillingDate": "2011-08-05",
        "acceptedDate": "2011-08-05 09:57:51",
        "calendarYear": "2011",
        "period": "Q2",
        "revenue": 6905400000,
        "costOfRevenue": 4179800000,
        "grossProfit": 2725600000,
        "grossProfitRatio": 0.3947055927,
        "researchAndDevelopmentExpenses": 0,
        "generalAndAdministrativeExpenses": 0,
        "sellingAndMarketingExpenses": 0,
        "sellingGeneralAndAdministrativeExpenses": 588000000,
        "otherExpenses": -51500000,
        "operatingExpenses": 536500000,
        "costAndExpenses": 4716300000,
        "interestIncome": 9500000,
        "interestExpense": 121800000,
        "depreciationAndAmortization": 350100000,
        "ebitda": 2538300000,
        "ebitdaratio": 0.3675818924,
        "operatingIncome": 2189100000,
        "operatingIncomeRatio": 0.3170127726,
        "totalOtherIncomeExpensesNet": -122700000,
        "incomeBeforeTax": 2066400000,
        "incomeBeforeTaxRatio": 0.2992440699,
        "incomeTaxExpense": 656200000,
        "netIncome": 1410200000,
        "netIncomeRatio": 0.2042169896,
        "eps": 1.36,
        "epsdiluted": 1.35,
        "weightedAverageShsOut": 1035600000,
        "weightedAverageShsOutDil": 1047700000,
        "link": "https://www.sec.gov/Archives/edgar/data/63908/000119312511211544/0001193125-11-211544-index.htm",
        "finalLink": "https://www.sec.gov/Archives/edgar/data/63908/000119312511211544/d10q.htm"
    },
    {
        "date": "2011-03-31",
        "symbol": "MCD",
        "reportedCurrency": "USD",
        "cik": "0000063908",
        "fillingDate": "2011-05-06",
        "acceptedDate": "2011-05-06 09:42:50",
        "calendarYear": "2011",
        "period": "Q1",
        "revenue": 6111600000,
        "costOfRevenue": 3771000000,
        "grossProfit": 2340600000,
        "grossProfitRatio": 0.3829766346,
        "researchAndDevelopmentExpenses": 0,
        "generalAndAdministrativeExpenses": 0,
        "sellingAndMarketingExpenses": 0,
        "sellingGeneralAndAdministrativeExpenses": 563600000,
        "otherExpenses": -48900000,
        "operatingExpenses": 514700000,
        "costAndExpenses": 4285700000,
        "interestIncome": 0,
        "interestExpense": 120100000,
        "depreciationAndAmortization": 339100000,
        "ebitda": 2158100000,
        "ebitdaratio": 0.3531153871,
        "operatingIncome": 1825900000,
        "operatingIncomeRatio": 0.2987597356,
        "totalOtherIncomeExpensesNet": -127000000,
        "incomeBeforeTax": 1698900000,
        "incomeBeforeTaxRatio": 0.2779795798,
        "incomeTaxExpense": 489900000,
        "netIncome": 1209000000,
        "netIncomeRatio": 0.197820538,
        "eps": 1.16,
        "epsdiluted": 1.15,
        "weightedAverageShsOut": 1042400000,
        "weightedAverageShsOutDil": 1054600000,
        "link": "https://www.sec.gov/Archives/edgar/data/63908/000119312511129826/0001193125-11-129826-index.htm",
        "finalLink": "https://www.sec.gov/Archives/edgar/data/63908/000119312511129826/d10q.htm"
    },
    {
        "date": "2010-12-31",
        "symbol": "MCD",
        "reportedCurrency": "USD",
        "cik": "0000063908",
        "fillingDate": "2011-02-25",
        "acceptedDate": "2011-02-25 11:12:02",
        "calendarYear": "2010",
        "period": "Q4",
        "revenue": 6214100000,
        "costOfRevenue": 3739600000,
        "grossProfit": 2474500000,
        "grossProfitRatio": 0.3982073027,
        "researchAndDevelopmentExpenses": 0,
        "generalAndAdministrativeExpenses": 0,
        "sellingAndMarketingExpenses": 0,
        "sellingGeneralAndAdministrativeExpenses": 665800000,
        "otherExpenses": -48500000,
        "operatingExpenses": 617300000,
        "costAndExpenses": 4356900000,
        "interestIncome": 0,
        "interestExpense": 117000000,
        "depreciationAndAmortization": 334100000,
        "ebitda": 2184700000,
        "ebitdaratio": 0.3515714263,
        "operatingIncome": 1857200000,
        "operatingIncomeRatio": 0.2988687018,
        "totalOtherIncomeExpensesNet": -123600000,
        "incomeBeforeTax": 1733600000,
        "incomeBeforeTaxRatio": 0.2789784522,
        "incomeTaxExpense": 491300000,
        "netIncome": 1242300000,
        "netIncomeRatio": 0.1999163193,
        "eps": 1.2,
        "epsdiluted": 1.2,
        "weightedAverageShsOut": 1037576718,
        "weightedAverageShsOutDil": 1037576718,
        "link": "https://www.sec.gov/Archives/edgar/data/63908/000119312511046701/0001193125-11-046701-index.htm",
        "finalLink": "https://www.sec.gov/Archives/edgar/data/63908/000119312511046701/d10k.htm"
    },
    {
        "date": "2010-09-30",
        "symbol": "MCD",
        "reportedCurrency": "USD",
        "cik": "0000063908",
        "fillingDate": "2010-11-05",
        "acceptedDate": "2010-11-05 09:01:08",
        "calendarYear": "2010",
        "period": "Q3",
        "revenue": 6304900000,
        "costOfRevenue": 3698400000,
        "grossProfit": 2606500000,
        "grossProfitRatio": 0.4134086187,
        "researchAndDevelopmentExpenses": 0,
        "generalAndAdministrativeExpenses": 0,
        "sellingAndMarketingExpenses": 0,
        "sellingGeneralAndAdministrativeExpenses": 556300000,
        "otherExpenses": -46300000,
        "operatingExpenses": 510000000,
        "costAndExpenses": 4208400000,
        "interestIncome": 5600000,
        "interestExpense": 114800000,
        "depreciationAndAmortization": 312700000,
        "ebitda": 2402000000,
        "ebitdaratio": 0.3809735285,
        "operatingIncome": 2096500000,
        "operatingIncomeRatio": 0.3325191518,
        "totalOtherIncomeExpensesNet": -122000000,
        "incomeBeforeTax": 1974500000,
        "incomeBeforeTaxRatio": 0.3131691224,
        "incomeTaxExpense": 586100000,
        "netIncome": 1388400000,
        "netIncomeRatio": 0.2202096782,
        "eps": 1.31,
        "epsdiluted": 1.29,
        "weightedAverageShsOut": 1061000000,
        "weightedAverageShsOutDil": 1074900000,
        "link": "https://www.sec.gov/Archives/edgar/data/63908/000119312510249223/0001193125-10-249223-index.htm",
        "finalLink": "https://www.sec.gov/Archives/edgar/data/63908/000119312510249223/d10q.htm"
    },
    {
        "date": "2010-06-30",
        "symbol": "MCD",
        "reportedCurrency": "USD",
        "cik": "0000063908",
        "fillingDate": "2010-08-05",
        "acceptedDate": "2010-08-05 11:10:50",
        "calendarYear": "2010",
        "period": "Q2",
        "revenue": 5945500000,
        "costOfRevenue": 3549100000,
        "grossProfit": 2396400000,
        "grossProfitRatio": 0.4030611387,
        "researchAndDevelopmentExpenses": 0,
        "generalAndAdministrativeExpenses": 0,
        "sellingAndMarketingExpenses": 0,
        "sellingGeneralAndAdministrativeExpenses": 564900000,
        "otherExpenses": -13800000,
        "operatingExpenses": 551100000,
        "costAndExpenses": 4100200000,
        "interestIncome": 3600000,
        "interestExpense": 108100000,
        "depreciationAndAmortization": 311500000,
        "ebitda": 2154900000,
        "ebitdaratio": 0.3624421832,
        "operatingIncome": 1845300000,
        "operatingIncomeRatio": 0.3103691868,
        "totalOtherIncomeExpensesNet": -110000000,
        "incomeBeforeTax": 1735300000,
        "incomeBeforeTaxRatio": 0.2918677992,
        "incomeTaxExpense": 509500000,
        "netIncome": 1225800000,
        "netIncomeRatio": 0.2061727357,
        "eps": 1.14,
        "epsdiluted": 1.13,
        "weightedAverageShsOut": 1072100000,
        "weightedAverageShsOutDil": 1085900000,
        "link": "https://www.sec.gov/Archives/edgar/data/63908/000119312510178634/0001193125-10-178634-index.htm",
        "finalLink": "https://www.sec.gov/Archives/edgar/data/63908/000119312510178634/d10q.htm"
    },
    {
        "date": "2010-03-31",
        "symbol": "MCD",
        "reportedCurrency": "USD",
        "cik": "0000063908",
        "fillingDate": "2010-05-06",
        "acceptedDate": "2010-05-06 10:56:54",
        "calendarYear": "2010",
        "period": "Q1",
        "revenue": 5610100000,
        "costOfRevenue": 3450200000,
        "grossProfit": 2159900000,
        "grossProfitRatio": 0.3850020499,
        "researchAndDevelopmentExpenses": 0,
        "generalAndAdministrativeExpenses": 0,
        "sellingAndMarketingExpenses": 0,
        "sellingGeneralAndAdministrativeExpenses": 546300000,
        "otherExpenses": -60500000,
        "operatingExpenses": 485800000,
        "costAndExpenses": 3936000000,
        "interestIncome": 4600000,
        "interestExpense": 111000000,
        "depreciationAndAmortization": 317900000,
        "ebitda": 1985800000,
        "ebitdaratio": 0.353968735,
        "operatingIncome": 1674100000,
        "operatingIncomeRatio": 0.298408228,
        "totalOtherIncomeExpensesNet": -117200000,
        "incomeBeforeTax": 1556900000,
        "incomeBeforeTaxRatio": 0.2775173348,
        "incomeTaxExpense": 467100000,
        "netIncome": 1089800000,
        "netIncomeRatio": 0.1942567869,
        "eps": 1.01,
        "epsdiluted": 1,
        "weightedAverageShsOut": 1076000000,
        "weightedAverageShsOutDil": 1090100000,
        "link": "https://www.sec.gov/Archives/edgar/data/63908/000119312510110148/0001193125-10-110148-index.htm",
        "finalLink": "https://www.sec.gov/Archives/edgar/data/63908/000119312510110148/d10q.htm"
    },
    {
        "date": "2009-12-31",
        "symbol": "MCD",
        "reportedCurrency": "USD",
        "cik": "0000063908",
        "fillingDate": "2010-02-26",
        "acceptedDate": "2010-02-26 10:45:54",
        "calendarYear": "2009",
        "period": "Q4",
        "revenue": 5973400000,
        "costOfRevenue": 3620000000,
        "grossProfit": 2353400000,
        "grossProfitRatio": 0.3939799779,
        "researchAndDevelopmentExpenses": 0,
        "generalAndAdministrativeExpenses": 0,
        "sellingAndMarketingExpenses": 0,
        "sellingGeneralAndAdministrativeExpenses": 655800000,
        "otherExpenses": -128700000,
        "operatingExpenses": 527100000,
        "costAndExpenses": 4147100000,
        "interestIncome": 0,
        "interestExpense": 115200000,
        "depreciationAndAmortization": 317700000,
        "ebitda": 2133900000,
        "ebitdaratio": 0.3572337362,
        "operatingIncome": 1826300000,
        "operatingIncomeRatio": 0.3057387752,
        "totalOtherIncomeExpensesNet": -125300000,
        "incomeBeforeTax": 1701000000,
        "incomeBeforeTaxRatio": 0.2847624468,
        "incomeTaxExpense": 484200000,
        "netIncome": 1216800000,
        "netIncomeRatio": 0.2037030837,
        "eps": 1.13,
        "epsdiluted": 1.13,
        "weightedAverageShsOut": 1075797083,
        "weightedAverageShsOutDil": 1075797083,
        "link": "https://www.sec.gov/Archives/edgar/data/63908/000119312510042025/0001193125-10-042025-index.htm",
        "finalLink": "https://www.sec.gov/Archives/edgar/data/63908/000119312510042025/d10k.htm"
    },
    {
        "date": "2009-09-30",
        "symbol": "MCD",
        "reportedCurrency": "USD",
        "cik": "0000063908",
        "fillingDate": "2009-11-05",
        "acceptedDate": "2009-11-05 10:42:26",
        "calendarYear": "2009",
        "period": "Q3",
        "revenue": 6046700000,
        "costOfRevenue": 3638400000,
        "grossProfit": 2408300000,
        "grossProfitRatio": 0.3982833612,
        "researchAndDevelopmentExpenses": 0,
        "generalAndAdministrativeExpenses": 0,
        "sellingAndMarketingExpenses": 0,
        "sellingGeneralAndAdministrativeExpenses": 549600000,
        "otherExpenses": -74100000,
        "operatingExpenses": 475500000,
        "costAndExpenses": 4113900000,
        "interestIncome": 4400000,
        "interestExpense": 117800000,
        "depreciationAndAmortization": 311900000,
        "ebitda": 2251300000,
        "ebitdaratio": 0.3723187855,
        "operatingIncome": 1932800000,
        "operatingIncomeRatio": 0.3196454264,
        "totalOtherIncomeExpensesNet": -111200000,
        "incomeBeforeTax": 1821600000,
        "incomeBeforeTaxRatio": 0.3012552301,
        "incomeTaxExpense": 560600000,
        "netIncome": 1261000000,
        "netIncomeRatio": 0.2085435031,
        "eps": 1.16,
        "epsdiluted": 1.15,
        "weightedAverageShsOut": 1084500000,
        "weightedAverageShsOutDil": 1098200000,
        "link": "https://www.sec.gov/Archives/edgar/data/63908/000119312509224951/0001193125-09-224951-index.htm",
        "finalLink": "https://www.sec.gov/Archives/edgar/data/63908/000119312509224951/d10q.htm"
    },
    {
        "date": "2009-06-30",
        "symbol": "MCD",
        "reportedCurrency": "USD",
        "cik": "0000063908",
        "fillingDate": "2009-08-06",
        "acceptedDate": "2009-08-06 11:12:45",
        "calendarYear": "2009",
        "period": "Q2",
        "revenue": 5647200000,
        "costOfRevenue": 3477300000,
        "grossProfit": 2169900000,
        "grossProfitRatio": 0.3842435189,
        "researchAndDevelopmentExpenses": 0,
        "generalAndAdministrativeExpenses": 0,
        "sellingAndMarketingExpenses": 0,
        "sellingGeneralAndAdministrativeExpenses": 531500000,
        "otherExpenses": -43100000,
        "operatingExpenses": 488400000,
        "costAndExpenses": 3965700000,
        "interestIncome": 4600000,
        "interestExpense": 119300000,
        "depreciationAndAmortization": 304400000,
        "ebitda": 2015700000,
        "ebitdaratio": 0.3569379516,
        "operatingIncome": 1681500000,
        "operatingIncomeRatio": 0.297758181,
        "totalOtherIncomeExpensesNet": -89500000,
        "incomeBeforeTax": 1592000000,
        "incomeBeforeTaxRatio": 0.2819096189,
        "incomeTaxExpense": 498300000,
        "netIncome": 1093700000,
        "netIncomeRatio": 0.1936711999,
        "eps": 1,
        "epsdiluted": 0.98,
        "weightedAverageShsOut": 1097300000,
        "weightedAverageShsOutDil": 1111400000,
        "link": "https://www.sec.gov/Archives/edgar/data/63908/000119312509166658/0001193125-09-166658-index.htm",
        "finalLink": "https://www.sec.gov/Archives/edgar/data/63908/000119312509166658/d10q.htm"
    },
    {
        "date": "2009-03-31",
        "symbol": "MCD",
        "reportedCurrency": "USD",
        "cik": "0000063908",
        "fillingDate": "2009-05-05",
        "acceptedDate": "2009-05-05 10:41:15",
        "calendarYear": "2009",
        "period": "Q1",
        "revenue": 5077400000,
        "costOfRevenue": 3217200000,
        "grossProfit": 1860200000,
        "grossProfitRatio": 0.3663686139,
        "researchAndDevelopmentExpenses": 0,
        "generalAndAdministrativeExpenses": 0,
        "sellingAndMarketingExpenses": 0,
        "sellingGeneralAndAdministrativeExpenses": 497300000,
        "otherExpenses": -37500000,
        "operatingExpenses": 459800000,
        "costAndExpenses": 3677000000,
        "interestIncome": 5700000,
        "interestExpense": 120900000,
        "depreciationAndAmortization": 282200000,
        "ebitda": 1775500000,
        "ebitdaratio": 0.3496868476,
        "operatingIncome": 1400400000,
        "operatingIncomeRatio": 0.2758104542,
        "totalOtherIncomeExpensesNet": -28000000,
        "incomeBeforeTax": 1372400000,
        "incomeBeforeTaxRatio": 0.2702958207,
        "incomeTaxExpense": 392900000,
        "netIncome": 979500000,
        "netIncomeRatio": 0.192913696,
        "eps": 0.88,
        "epsdiluted": 0.87,
        "weightedAverageShsOut": 1109600000,
        "weightedAverageShsOutDil": 1124400000,
        "link": "https://www.sec.gov/Archives/edgar/data/63908/000119312509099193/0001193125-09-099193-index.htm",
        "finalLink": "https://www.sec.gov/Archives/edgar/data/63908/000119312509099193/d10q.htm"
    },
    {
        "date": "2008-12-31",
        "symbol": "MCD",
        "reportedCurrency": "USD",
        "cik": "0000063908",
        "fillingDate": "2009-02-25",
        "acceptedDate": "2009-02-25 11:06:22",
        "calendarYear": "2008",
        "period": "Q4",
        "revenue": 5565000000,
        "costOfRevenue": 3489200000,
        "grossProfit": 2075800000,
        "grossProfitRatio": 0.3730098832,
        "researchAndDevelopmentExpenses": 0,
        "generalAndAdministrativeExpenses": 0,
        "sellingAndMarketingExpenses": 0,
        "sellingGeneralAndAdministrativeExpenses": 622300000,
        "otherExpenses": -48700000,
        "operatingExpenses": 573600000,
        "costAndExpenses": 4062800000,
        "interestIncome": 0,
        "interestExpense": 0,
        "depreciationAndAmortization": 277800000,
        "ebitda": 2037400000,
        "ebitdaratio": 0.3661096137,
        "operatingIncome": 1502200000,
        "operatingIncomeRatio": 0.2699371069,
        "totalOtherIncomeExpensesNet": -105100000,
        "incomeBeforeTax": 1397100000,
        "incomeBeforeTaxRatio": 0.2510512129,
        "incomeTaxExpense": 411800000,
        "netIncome": 985300000,
        "netIncomeRatio": 0.1770530099,
        "eps": 0.89,
        "epsdiluted": 0.89,
        "weightedAverageShsOut": 1103243371,
        "weightedAverageShsOutDil": 1103243371,
        "link": "https://www.sec.gov/Archives/edgar/data/63908/000119312509037008/0001193125-09-037008-index.htm",
        "finalLink": "https://www.sec.gov/Archives/edgar/data/63908/000119312509037008/d10k.htm"
    },
    {
        "date": "2008-09-30",
        "symbol": "MCD",
        "reportedCurrency": "USD",
        "cik": "0000063908",
        "fillingDate": "2008-11-06",
        "acceptedDate": "2008-11-06 11:02:55",
        "calendarYear": "2008",
        "period": "Q3",
        "revenue": 6267300000,
        "costOfRevenue": 3904100000,
        "grossProfit": 2363200000,
        "grossProfitRatio": 0.377068275,
        "researchAndDevelopmentExpenses": 0,
        "generalAndAdministrativeExpenses": 0,
        "sellingAndMarketingExpenses": 0,
        "sellingGeneralAndAdministrativeExpenses": 582100000,
        "otherExpenses": -42600000,
        "operatingExpenses": 539500000,
        "costAndExpenses": 4443600000,
        "interestIncome": 16000000,
        "interestExpense": 131600000,
        "depreciationAndAmortization": 311000000,
        "ebitda": 2141500000,
        "ebitdaratio": 0.3416941905,
        "operatingIncome": 1823700000,
        "operatingIncomeRatio": 0.2909865492,
        "totalOtherIncomeExpensesNet": -124800000,
        "incomeBeforeTax": 1698900000,
        "incomeBeforeTaxRatio": 0.2710736681,
        "incomeTaxExpense": 507600000,
        "netIncome": 1191300000,
        "netIncomeRatio": 0.1900818534,
        "eps": 1.07,
        "epsdiluted": 1.05,
        "weightedAverageShsOut": 1116600000,
        "weightedAverageShsOutDil": 1136000000,
        "link": "https://www.sec.gov/Archives/edgar/data/63908/000119312508227354/0001193125-08-227354-index.htm",
        "finalLink": "https://www.sec.gov/Archives/edgar/data/63908/000119312508227354/d10q.htm"
    },
    {
        "date": "2008-06-30",
        "symbol": "MCD",
        "reportedCurrency": "USD",
        "cik": "0000063908",
        "fillingDate": "2008-08-06",
        "acceptedDate": "2008-08-06 11:44:12",
        "calendarYear": "2008",
        "period": "Q2",
        "revenue": 6075300000,
        "costOfRevenue": 3850500000,
        "grossProfit": 2224800000,
        "grossProfitRatio": 0.3662041381,
        "researchAndDevelopmentExpenses": 0,
        "generalAndAdministrativeExpenses": 0,
        "sellingAndMarketingExpenses": 0,
        "sellingGeneralAndAdministrativeExpenses": 598700000,
        "otherExpenses": -28100000,
        "operatingExpenses": 570600000,
        "costAndExpenses": 4421100000,
        "interestIncome": 21300000,
        "interestExpense": 146300000,
        "depreciationAndAmortization": 314300000,
        "ebitda": 2159400000,
        "ebitdaratio": 0.3554392376,
        "operatingIncome": 1654200000,
        "operatingIncomeRatio": 0.2722828502,
        "totalOtherIncomeExpensesNet": 44600000,
        "incomeBeforeTax": 1698800000,
        "incomeBeforeTaxRatio": 0.2796240515,
        "incomeTaxExpense": 508300000,
        "netIncome": 1190500000,
        "netIncomeRatio": 0.1959574013,
        "eps": 1.05,
        "epsdiluted": 1.04,
        "weightedAverageShsOut": 1128900000,
        "weightedAverageShsOutDil": 1148800000,
        "link": "https://www.sec.gov/Archives/edgar/data/63908/000119312508167816/0001193125-08-167816-index.htm",
        "finalLink": "https://www.sec.gov/Archives/edgar/data/63908/000119312508167816/d10q.htm"
    },
    {
        "date": "2008-03-31",
        "symbol": "MCD",
        "reportedCurrency": "USD",
        "cik": "0000063908",
        "fillingDate": "2008-05-06",
        "acceptedDate": "2008-05-06 11:51:57",
        "calendarYear": "2008",
        "period": "Q1",
        "revenue": 5614800000,
        "costOfRevenue": 3639400000,
        "grossProfit": 1975400000,
        "grossProfitRatio": 0.3518201895,
        "researchAndDevelopmentExpenses": 0,
        "generalAndAdministrativeExpenses": 0,
        "sellingAndMarketingExpenses": 0,
        "sellingGeneralAndAdministrativeExpenses": 552400000,
        "otherExpenses": -39800000,
        "operatingExpenses": 512600000,
        "costAndExpenses": 4152000000,
        "interestIncome": 31400000,
        "interestExpense": 128500000,
        "depreciationAndAmortization": 304700000,
        "ebitda": 1796400000,
        "ebitdaratio": 0.3199401582,
        "operatingIncome": 1462800000,
        "operatingIncomeRatio": 0.2605257534,
        "totalOtherIncomeExpensesNet": -99600000,
        "incomeBeforeTax": 1363200000,
        "incomeBeforeTaxRatio": 0.2427869203,
        "incomeTaxExpense": 417100000,
        "netIncome": 946100000,
        "netIncomeRatio": 0.1685011042,
        "eps": 0.83,
        "epsdiluted": 0.81,
        "weightedAverageShsOut": 1145600000,
        "weightedAverageShsOutDil": 1165300000,
        "link": "https://www.sec.gov/Archives/edgar/data/63908/000119312508103615/0001193125-08-103615-index.htm",
        "finalLink": "https://www.sec.gov/Archives/edgar/data/63908/000119312508103615/d10q.htm"
    },
    {
        "date": "2007-12-31",
        "symbol": "MCD",
        "reportedCurrency": "USD",
        "cik": "0000063908",
        "fillingDate": "2008-02-25",
        "acceptedDate": "2008-02-25 13:18:49",
        "calendarYear": "2007",
        "period": "Q4",
        "revenue": 5753600000,
        "costOfRevenue": 3693000000,
        "grossProfit": 2060600000,
        "grossProfitRatio": 0.35814099,
        "researchAndDevelopmentExpenses": 0,
        "generalAndAdministrativeExpenses": 0,
        "sellingAndMarketingExpenses": 0,
        "sellingGeneralAndAdministrativeExpenses": 660500000,
        "otherExpenses": 45500000,
        "operatingExpenses": 706000000,
        "costAndExpenses": 4399000000,
        "interestIncome": 0,
        "interestExpense": 0,
        "depreciationAndAmortization": 302500000,
        "ebitda": 1622400000,
        "ebitdaratio": 0.2819799778,
        "operatingIncome": 1354600000,
        "operatingIncomeRatio": 0.2354352058,
        "totalOtherIncomeExpensesNet": -70300000,
        "incomeBeforeTax": 1284300000,
        "incomeBeforeTaxRatio": 0.2232167686,
        "incomeTaxExpense": 11100000,
        "netIncome": 1273200000,
        "netIncomeRatio": 0.2212875417,
        "eps": 1.11,
        "epsdiluted": 1.11,
        "weightedAverageShsOut": 1145600000,
        "weightedAverageShsOutDil": 1145600000,
        "link": "https://www.sec.gov/Archives/edgar/data/63908/000119312508037220/0001193125-08-037220-index.htm",
        "finalLink": "https://www.sec.gov/Archives/edgar/data/63908/000119312508037220/d10k.htm"
    },
    {
        "date": "2007-09-30",
        "symbol": "MCD",
        "reportedCurrency": "USD",
        "cik": "0000063908",
        "fillingDate": "2007-11-02",
        "acceptedDate": "2007-11-02 11:24:24",
        "calendarYear": "2007",
        "period": "Q3",
        "revenue": 5900900000,
        "costOfRevenue": 3779700000,
        "grossProfit": 2121200000,
        "grossProfitRatio": 0.3594705892,
        "researchAndDevelopmentExpenses": 0,
        "generalAndAdministrativeExpenses": 0,
        "sellingAndMarketingExpenses": 0,
        "sellingGeneralAndAdministrativeExpenses": 569400000,
        "otherExpenses": 27000000,
        "operatingExpenses": 596400000,
        "costAndExpenses": 4376100000,
        "interestIncome": 0,
        "interestExpense": 0,
        "depreciationAndAmortization": 297000000,
        "ebitda": 1802900000,
        "ebitdaratio": 0.305529665,
        "operatingIncome": 1524800000,
        "operatingIncomeRatio": 0.2584012608,
        "totalOtherIncomeExpensesNet": -71200000,
        "incomeBeforeTax": 1453600000,
        "incomeBeforeTaxRatio": 0.2463353048,
        "incomeTaxExpense": 449900000,
        "netIncome": 1071200000,
        "netIncomeRatio": 0.1815316308,
        "eps": 0.9,
        "epsdiluted": 0.89,
        "weightedAverageShsOut": 1185000000,
        "weightedAverageShsOutDil": 1207100000,
        "link": "https://www.sec.gov/Archives/edgar/data/63908/000119312507233434/0001193125-07-233434-index.htm",
        "finalLink": "https://www.sec.gov/Archives/edgar/data/63908/000119312507233434/d10q.htm"
    },
    {
        "date": "2007-06-30",
        "symbol": "MCD",
        "reportedCurrency": "USD",
        "cik": "0000063908",
        "fillingDate": "2007-08-06",
        "acceptedDate": "2007-08-06 11:41:19",
        "calendarYear": "2007",
        "period": "Q2",
        "revenue": 5839400000,
        "costOfRevenue": 3839700000,
        "grossProfit": 1999700000,
        "grossProfitRatio": 0.3424495667,
        "researchAndDevelopmentExpenses": 0,
        "generalAndAdministrativeExpenses": 0,
        "sellingAndMarketingExpenses": 0,
        "sellingGeneralAndAdministrativeExpenses": 591900000,
        "otherExpenses": 1589500000,
        "operatingExpenses": 2181400000,
        "costAndExpenses": 6021100000,
        "interestIncome": 0,
        "interestExpense": 0,
        "depreciationAndAmortization": 303100000,
        "ebitda": 93800000,
        "ebitdaratio": 0.0160632942,
        "operatingIncome": -181700000,
        "operatingIncomeRatio": -0.0311162106,
        "totalOtherIncomeExpensesNet": -84900000,
        "incomeBeforeTax": -266600000,
        "incomeBeforeTaxRatio": -0.0456553756,
        "incomeTaxExpense": 441800000,
        "netIncome": -711700000,
        "netIncomeRatio": -0.1218789602,
        "eps": -0.6,
        "epsdiluted": -0.6,
        "weightedAverageShsOut": 1193700000,
        "weightedAverageShsOutDil": 1193700000,
        "link": "https://www.sec.gov/Archives/edgar/data/63908/000119312507171645/0001193125-07-171645-index.htm",
        "finalLink": "https://www.sec.gov/Archives/edgar/data/63908/000119312507171645/d10q.htm"
    },
    {
        "date": "2007-03-31",
        "symbol": "MCD",
        "reportedCurrency": "USD",
        "cik": "0000063908",
        "fillingDate": "2007-05-04",
        "acceptedDate": "2007-05-04 11:47:07",
        "calendarYear": "2007",
        "period": "Q1",
        "revenue": 5292700000,
        "costOfRevenue": 3569000000,
        "grossProfit": 1723700000,
        "grossProfitRatio": 0.3256749863,
        "researchAndDevelopmentExpenses": 0,
        "generalAndAdministrativeExpenses": 0,
        "sellingAndMarketingExpenses": 0,
        "sellingGeneralAndAdministrativeExpenses": 545200000,
        "otherExpenses": -2800000,
        "operatingExpenses": 542400000,
        "costAndExpenses": 4111400000,
        "interestIncome": 0,
        "interestExpense": 0,
        "depreciationAndAmortization": 311500000,
        "ebitda": 1485100000,
        "ebitdaratio": 0.2805940257,
        "operatingIncome": 1181300000,
        "operatingIncomeRatio": 0.2231942109,
        "totalOtherIncomeExpensesNet": -80500000,
        "incomeBeforeTax": 1100800000,
        "incomeBeforeTaxRatio": 0.2079845825,
        "incomeTaxExpense": 334300000,
        "netIncome": 762400000,
        "netIncomeRatio": 0.1440474616,
        "eps": 0.63,
        "epsdiluted": 0.62,
        "weightedAverageShsOut": 1201200000,
        "weightedAverageShsOutDil": 1222300000,
        "link": "https://www.sec.gov/Archives/edgar/data/63908/000119312507102379/0001193125-07-102379-index.htm",
        "finalLink": "https://www.sec.gov/Archives/edgar/data/63908/000119312507102379/d10q.htm"
    },
    {
        "date": "2006-12-31",
        "symbol": "MCD",
        "reportedCurrency": "USD",
        "cik": "0000063908",
        "fillingDate": "2007-02-26",
        "acceptedDate": "2007-02-26 15:51:46",
        "calendarYear": "2006",
        "period": "Q4",
        "revenue": 5030700000,
        "costOfRevenue": 3284500000,
        "grossProfit": 1746200000,
        "grossProfitRatio": 0.3471087523,
        "researchAndDevelopmentExpenses": 0,
        "generalAndAdministrativeExpenses": 0,
        "sellingAndMarketingExpenses": 0,
        "sellingGeneralAndAdministrativeExpenses": 611300000,
        "otherExpenses": 56500000,
        "operatingExpenses": 667800000,
        "costAndExpenses": 3952300000,
        "interestIncome": 0,
        "interestExpense": 0,
        "depreciationAndAmortization": 315500000,
        "ebitda": 1379400000,
        "ebitdaratio": 0.2741964339,
        "operatingIncome": 1078400000,
        "operatingIncomeRatio": 0.2143638062,
        "totalOtherIncomeExpensesNet": -308300000,
        "incomeBeforeTax": 770100000,
        "incomeBeforeTaxRatio": 0.1530800883,
        "incomeTaxExpense": 199800000,
        "netIncome": 1241500000,
        "netIncomeRatio": 0.2467847417,
        "eps": 1.03,
        "epsdiluted": 1.03,
        "weightedAverageShsOut": 1201200000,
        "weightedAverageShsOutDil": 1201200000,
        "link": "https://www.sec.gov/Archives/edgar/data/63908/000119312507039707/0001193125-07-039707-index.htm",
        "finalLink": "https://www.sec.gov/Archives/edgar/data/63908/000119312507039707/d10k.htm"
    },
    {
        "date": "2006-09-30",
        "symbol": "MCD",
        "reportedCurrency": "USD",
        "cik": "0000063908",
        "fillingDate": "2006-11-03",
        "acceptedDate": "2006-11-03 12:24:17",
        "calendarYear": "2006",
        "period": "Q3",
        "revenue": 5503200000,
        "costOfRevenue": 3628000000,
        "grossProfit": 1875200000,
        "grossProfitRatio": 0.3407472016,
        "researchAndDevelopmentExpenses": 0,
        "generalAndAdministrativeExpenses": 0,
        "sellingAndMarketingExpenses": 0,
        "sellingGeneralAndAdministrativeExpenses": 555100000,
        "otherExpenses": 31800000,
        "operatingExpenses": 586900000,
        "costAndExpenses": 4214900000,
        "interestIncome": 0,
        "interestExpense": 0,
        "depreciationAndAmortization": 314000000,
        "ebitda": 1593400000,
        "ebitdaratio": 0.2895406309,
        "operatingIncome": 1288300000,
        "operatingIncomeRatio": 0.2341001599,
        "totalOtherIncomeExpensesNet": -71300000,
        "incomeBeforeTax": 1217000000,
        "incomeBeforeTaxRatio": 0.2211440616,
        "incomeTaxExpense": 375300000,
        "netIncome": 843300000,
        "netIncomeRatio": 0.153238116,
        "eps": 0.69,
        "epsdiluted": 0.68,
        "weightedAverageShsOut": 1230400000,
        "weightedAverageShsOutDil": 1245700000,
        "link": "https://www.sec.gov/Archives/edgar/data/63908/000119312506223321/0001193125-06-223321-index.htm",
        "finalLink": "https://www.sec.gov/Archives/edgar/data/63908/000119312506223321/d10q.htm"
    },
    {
        "date": "2006-06-30",
        "symbol": "MCD",
        "reportedCurrency": "USD",
        "cik": "0000063908",
        "fillingDate": "2006-08-04",
        "acceptedDate": "2006-08-04 13:21:44",
        "calendarYear": "2006",
        "period": "Q2",
        "revenue": 5367400000,
        "costOfRevenue": 3628700000,
        "grossProfit": 1738700000,
        "grossProfitRatio": 0.3239371018,
        "researchAndDevelopmentExpenses": 0,
        "generalAndAdministrativeExpenses": 0,
        "sellingAndMarketingExpenses": 0,
        "sellingGeneralAndAdministrativeExpenses": 576200000,
        "otherExpenses": 38900000,
        "operatingExpenses": 615100000,
        "costAndExpenses": 4243800000,
        "interestIncome": 0,
        "interestExpense": 0,
        "depreciationAndAmortization": 315000000,
        "ebitda": 1438600000,
        "ebitdaratio": 0.2680254872,
        "operatingIncome": 1123600000,
        "operatingIncomeRatio": 0.2093378545,
        "totalOtherIncomeExpensesNet": -72400000,
        "incomeBeforeTax": 1051200000,
        "incomeBeforeTaxRatio": 0.1958490144,
        "incomeTaxExpense": 352900000,
        "netIncome": 834100000,
        "netIncomeRatio": 0.1554011253,
        "eps": 0.68,
        "epsdiluted": 0.67,
        "weightedAverageShsOut": 1235100000,
        "weightedAverageShsOutDil": 1248000000,
        "link": "https://www.sec.gov/Archives/edgar/data/63908/000119312506162127/0001193125-06-162127-index.htm",
        "finalLink": "https://www.sec.gov/Archives/edgar/data/63908/000119312506162127/d10q.htm"
    },
    {
        "date": "2006-03-31",
        "symbol": "MCD",
        "reportedCurrency": "USD",
        "cik": "0000063908",
        "fillingDate": "2006-05-09",
        "acceptedDate": "2006-05-09 14:16:39",
        "calendarYear": "2006",
        "period": "Q1",
        "revenue": 4913900000,
        "costOfRevenue": 3396400000,
        "grossProfit": 1517500000,
        "grossProfitRatio": 0.3088178433,
        "researchAndDevelopmentExpenses": 0,
        "generalAndAdministrativeExpenses": 0,
        "sellingAndMarketingExpenses": 0,
        "sellingGeneralAndAdministrativeExpenses": 535400000,
        "otherExpenses": 70700000,
        "operatingExpenses": 606100000,
        "costAndExpenses": 4002500000,
        "interestIncome": 0,
        "interestExpense": 0,
        "depreciationAndAmortization": 305400000,
        "ebitda": 1216800000,
        "ebitdaratio": 0.2476240868,
        "operatingIncome": 911400000,
        "operatingIncomeRatio": 0.1854738599,
        "totalOtherIncomeExpensesNet": -67300000,
        "incomeBeforeTax": 844100000,
        "incomeBeforeTaxRatio": 0.1717780175,
        "incomeTaxExpense": 270700000,
        "netIncome": 625300000,
        "netIncomeRatio": 0.1272512668,
        "eps": 0.5,
        "epsdiluted": 0.49,
        "weightedAverageShsOut": 1254100000,
        "weightedAverageShsOutDil": 1271200000,
        "link": "https://www.sec.gov/Archives/edgar/data/63908/000119312506105121/0001193125-06-105121-index.htm",
        "finalLink": "https://www.sec.gov/Archives/edgar/data/63908/000119312506105121/d10q.htm"
    },
    {
        "date": "2005-12-31",
        "symbol": "MCD",
        "reportedCurrency": "USD",
        "cik": "0000063908",
        "fillingDate": "2006-02-27",
        "acceptedDate": "2006-02-27 15:04:50",
        "calendarYear": "2005",
        "period": "Q4",
        "revenue": 5234600000,
        "costOfRevenue": 3607000000,
        "grossProfit": 1627600000,
        "grossProfitRatio": 0.3109311122,
        "researchAndDevelopmentExpenses": 0,
        "generalAndAdministrativeExpenses": 0,
        "sellingAndMarketingExpenses": 0,
        "sellingGeneralAndAdministrativeExpenses": 615600000,
        "otherExpenses": 76500000,
        "operatingExpenses": 692100000,
        "costAndExpenses": 4299100000,
        "interestIncome": 0,
        "interestExpense": 0,
        "depreciationAndAmortization": 317000000,
        "ebitda": 1252500000,
        "ebitdaratio": 0.2392732969,
        "operatingIncome": 935500000,
        "operatingIncomeRatio": 0.178714706,
        "totalOtherIncomeExpensesNet": -85200000,
        "incomeBeforeTax": 850300000,
        "incomeBeforeTaxRatio": 0.1624383907,
        "incomeTaxExpense": 241800000,
        "netIncome": 608500000,
        "netIncomeRatio": 0.1162457494,
        "eps": 0.49,
        "epsdiluted": 0.49,
        "weightedAverageShsOut": 1254100000,
        "weightedAverageShsOutDil": 1254100000,
        "link": "https://www.sec.gov/Archives/edgar/data/63908/000119312506039862/0001193125-06-039862-index.htm",
        "finalLink": "https://www.sec.gov/Archives/edgar/data/63908/000119312506039862/d10k.htm"
    },
    {
        "date": "2005-09-30",
        "symbol": "MCD",
        "reportedCurrency": "USD",
        "cik": "0000063908",
        "fillingDate": "2005-11-04",
        "acceptedDate": "2005-11-04 10:53:51",
        "calendarYear": "2005",
        "period": "Q3",
        "revenue": 5327100000,
        "costOfRevenue": 3646500000,
        "grossProfit": 1680600000,
        "grossProfitRatio": 0.3154812187,
        "researchAndDevelopmentExpenses": 0,
        "generalAndAdministrativeExpenses": 0,
        "sellingAndMarketingExpenses": 0,
        "sellingGeneralAndAdministrativeExpenses": 547300000,
        "otherExpenses": -26500000,
        "operatingExpenses": 520800000,
        "costAndExpenses": 4167300000,
        "interestIncome": 0,
        "interestExpense": 0,
        "depreciationAndAmortization": 309500000,
        "ebitda": 1469300000,
        "ebitdaratio": 0.2758161101,
        "operatingIncome": 1159800000,
        "operatingIncomeRatio": 0.2177169567,
        "totalOtherIncomeExpensesNet": -74000000,
        "incomeBeforeTax": 1085800000,
        "incomeBeforeTaxRatio": 0.2038257213,
        "incomeTaxExpense": 350400000,
        "netIncome": 735400000,
        "netIncomeRatio": 0.1380488446,
        "eps": 0.59,
        "epsdiluted": 0.58,
        "weightedAverageShsOut": 1253900000,
        "weightedAverageShsOutDil": 1271600000,
        "link": "https://www.sec.gov/Archives/edgar/data/63908/000119312505216482/0001193125-05-216482-index.htm",
        "finalLink": "https://www.sec.gov/Archives/edgar/data/63908/000119312505216482/d10q.htm"
    },
    {
        "date": "2005-06-30",
        "symbol": "MCD",
        "reportedCurrency": "USD",
        "cik": "0000063908",
        "fillingDate": "2005-08-05",
        "acceptedDate": "2005-08-05 11:56:58",
        "calendarYear": "2005",
        "period": "Q2",
        "revenue": 5095700000,
        "costOfRevenue": 3516400000,
        "grossProfit": 1579300000,
        "grossProfitRatio": 0.3099279785,
        "researchAndDevelopmentExpenses": 0,
        "generalAndAdministrativeExpenses": 0,
        "sellingAndMarketingExpenses": 0,
        "sellingGeneralAndAdministrativeExpenses": 562600000,
        "otherExpenses": 0,
        "operatingExpenses": 562600000,
        "costAndExpenses": 4079000000,
        "interestIncome": 0,
        "interestExpense": 0,
        "depreciationAndAmortization": 306500000,
        "ebitda": 1323200000,
        "ebitdaratio": 0.2596699178,
        "operatingIncome": 1016700000,
        "operatingIncomeRatio": 0.1995211649,
        "totalOtherIncomeExpensesNet": -81400000,
        "incomeBeforeTax": 935300000,
        "incomeBeforeTaxRatio": 0.1835469121,
        "incomeTaxExpense": 404900000,
        "netIncome": 530400000,
        "netIncomeRatio": 0.1040877603,
        "eps": 0.42,
        "epsdiluted": 0.42,
        "weightedAverageShsOut": 1259500000,
        "weightedAverageShsOutDil": 1269700000,
        "link": "https://www.sec.gov/Archives/edgar/data/63908/000119312505158749/0001193125-05-158749-index.htm",
        "finalLink": "https://www.sec.gov/Archives/edgar/data/63908/000119312505158749/d10q.htm"
    },
    {
        "date": "2005-03-31",
        "symbol": "MCD",
        "reportedCurrency": "USD",
        "cik": "0000063908",
        "fillingDate": "2005-05-06",
        "acceptedDate": "2005-05-06 13:36:38",
        "calendarYear": "2005",
        "period": "Q1",
        "revenue": 4802800000,
        "costOfRevenue": 3366100000,
        "grossProfit": 1436700000,
        "grossProfitRatio": 0.2991380028,
        "researchAndDevelopmentExpenses": 0,
        "generalAndAdministrativeExpenses": 0,
        "sellingAndMarketingExpenses": 0,
        "sellingGeneralAndAdministrativeExpenses": 520100000,
        "otherExpenses": 7000000,
        "operatingExpenses": 527100000,
        "costAndExpenses": 3893200000,
        "interestIncome": 0,
        "interestExpense": 0,
        "depreciationAndAmortization": 316500000,
        "ebitda": 1226100000,
        "ebitdaratio": 0.2552885817,
        "operatingIncome": 909600000,
        "operatingIncomeRatio": 0.1893895228,
        "totalOtherIncomeExpensesNet": -79400000,
        "incomeBeforeTax": 830200000,
        "incomeBeforeTaxRatio": 0.1728574998,
        "incomeTaxExpense": 102300000,
        "netIncome": 727900000,
        "netIncomeRatio": 0.1515574248,
        "eps": 0.57,
        "epsdiluted": 0.56,
        "weightedAverageShsOut": 1268500000,
        "weightedAverageShsOutDil": 1289000000,
        "link": "https://www.sec.gov/Archives/edgar/data/63908/000119312505098963/0001193125-05-098963-index.htm",
        "finalLink": "https://www.sec.gov/Archives/edgar/data/63908/000119312505098963/d10q.htm"
    },
    {
        "date": "2004-12-31",
        "symbol": "MCD",
        "reportedCurrency": "USD",
        "cik": "0000063908",
        "fillingDate": "2005-03-04",
        "acceptedDate": "2005-03-04 15:02:30",
        "calendarYear": "2004",
        "period": "Q4",
        "revenue": 5010300000,
        "costOfRevenue": -267500000,
        "grossProfit": 5277800000,
        "grossProfitRatio": 1.0533900166,
        "researchAndDevelopmentExpenses": 0,
        "generalAndAdministrativeExpenses": 0,
        "sellingAndMarketingExpenses": 0,
        "sellingGeneralAndAdministrativeExpenses": 4277700000,
        "otherExpenses": 382800000,
        "operatingExpenses": 4660500000,
        "costAndExpenses": 4393000000,
        "interestIncome": 0,
        "interestExpense": 0,
        "depreciationAndAmortization": 318400000,
        "ebitda": 935700000,
        "ebitdaratio": 0.1867552841,
        "operatingIncome": 617300000,
        "operatingIncomeRatio": 0.1232061952,
        "totalOtherIncomeExpensesNet": -44100000,
        "incomeBeforeTax": 573200000,
        "incomeBeforeTaxRatio": 0.1144043271,
        "incomeTaxExpense": 175300000,
        "netIncome": 397900000,
        "netIncomeRatio": 0.0794164022,
        "eps": 0.31,
        "epsdiluted": 0.31,
        "weightedAverageShsOut": 1264500000,
        "weightedAverageShsOutDil": 1268500000,
        "link": "https://www.sec.gov/Archives/edgar/data/63908/000119312505042609/0001193125-05-042609-index.htm",
        "finalLink": "https://www.sec.gov/Archives/edgar/data/63908/000119312505042609/d10k.htm"
    },
    {
        "date": "2004-09-30",
        "symbol": "MCD",
        "reportedCurrency": "USD",
        "cik": "0000063908",
        "fillingDate": "2004-11-05",
        "acceptedDate": "2004-11-05 11:13:45",
        "calendarYear": "2004",
        "period": "Q3",
        "revenue": 4925700000,
        "costOfRevenue": 3339200000,
        "grossProfit": 1586500000,
        "grossProfitRatio": 0.3220862009,
        "researchAndDevelopmentExpenses": 0,
        "generalAndAdministrativeExpenses": 0,
        "sellingAndMarketingExpenses": 0,
        "sellingGeneralAndAdministrativeExpenses": 474600000,
        "otherExpenses": 13000000,
        "operatingExpenses": 487600000,
        "costAndExpenses": 3826800000,
        "interestIncome": 0,
        "interestExpense": 0,
        "depreciationAndAmortization": 293200000,
        "ebitda": 1392100000,
        "ebitdaratio": 0.2826197292,
        "operatingIncome": 1098900000,
        "operatingIncomeRatio": 0.2230951946,
        "totalOtherIncomeExpensesNet": -93400000,
        "incomeBeforeTax": 1005500000,
        "incomeBeforeTaxRatio": 0.2041334227,
        "incomeTaxExpense": 227100000,
        "netIncome": 778400000,
        "netIncomeRatio": 0.1580283005,
        "eps": 0.62,
        "epsdiluted": 0.61,
        "weightedAverageShsOut": 1256700000,
        "weightedAverageShsOutDil": 1268400000,
        "link": "https://www.sec.gov/Archives/edgar/data/63908/000119312504187329/0001193125-04-187329-index.htm",
        "finalLink": "https://www.sec.gov/Archives/edgar/data/63908/000119312504187329/d10q.htm"
    },
    {
        "date": "2004-06-30",
        "symbol": "MCD",
        "reportedCurrency": "USD",
        "cik": "0000063908",
        "fillingDate": "2004-08-06",
        "acceptedDate": "2004-08-06 09:31:18",
        "calendarYear": "2004",
        "period": "Q2",
        "revenue": 4729000000,
        "costOfRevenue": 3231200000,
        "grossProfit": 1497800000,
        "grossProfitRatio": 0.3167265807,
        "researchAndDevelopmentExpenses": 0,
        "generalAndAdministrativeExpenses": 0,
        "sellingAndMarketingExpenses": 0,
        "sellingGeneralAndAdministrativeExpenses": 496500000,
        "otherExpenses": 35400000,
        "operatingExpenses": 531900000,
        "costAndExpenses": 3763100000,
        "interestIncome": 0,
        "interestExpense": 0,
        "depreciationAndAmortization": 292200000,
        "ebitda": 1258100000,
        "ebitdaratio": 0.2660393318,
        "operatingIncome": 965900000,
        "operatingIncomeRatio": 0.2042503701,
        "totalOtherIncomeExpensesNet": -100000000,
        "incomeBeforeTax": 865900000,
        "incomeBeforeTaxRatio": 0.1831042504,
        "incomeTaxExpense": 275200000,
        "netIncome": 590700000,
        "netIncomeRatio": 0.124910129,
        "eps": 0.47,
        "epsdiluted": 0.47,
        "weightedAverageShsOut": 1256000000,
        "weightedAverageShsOutDil": 1268000000,
        "link": "https://www.sec.gov/Archives/edgar/data/63908/000119312504133629/0001193125-04-133629-index.htm",
        "finalLink": "https://www.sec.gov/Archives/edgar/data/63908/000119312504133629/d10q.htm"
    },
    {
        "date": "2004-03-31",
        "symbol": "MCD",
        "reportedCurrency": "USD",
        "cik": "0000063908",
        "fillingDate": "2004-05-06",
        "acceptedDate": "2004-05-06 11:59:02",
        "calendarYear": "2004",
        "period": "Q1",
        "revenue": 4399700000,
        "costOfRevenue": 3073800000,
        "grossProfit": 1325900000,
        "grossProfitRatio": 0.3013614565,
        "researchAndDevelopmentExpenses": 0,
        "generalAndAdministrativeExpenses": 0,
        "sellingAndMarketingExpenses": 0,
        "sellingGeneralAndAdministrativeExpenses": 457500000,
        "otherExpenses": 10000000,
        "operatingExpenses": 467500000,
        "costAndExpenses": 3541300000,
        "interestIncome": 0,
        "interestExpense": 0,
        "depreciationAndAmortization": 297200000,
        "ebitda": 1155600000,
        "ebitdaratio": 0.2626542719,
        "operatingIncome": 858400000,
        "operatingIncomeRatio": 0.1951042117,
        "totalOtherIncomeExpensesNet": -100600000,
        "incomeBeforeTax": 757800000,
        "incomeBeforeTaxRatio": 0.1722390163,
        "incomeTaxExpense": 246300000,
        "netIncome": 511500000,
        "netIncomeRatio": 0.1162579267,
        "eps": 0.41,
        "epsdiluted": 0.4,
        "weightedAverageShsOut": 1261700000,
        "weightedAverageShsOutDil": 1275500000,
        "link": "https://www.sec.gov/Archives/edgar/data/63908/000119312504080237/0001193125-04-080237-index.htm",
        "finalLink": "https://www.sec.gov/Archives/edgar/data/63908/000119312504080237/d10q.htm"
    },
    {
        "date": "2003-12-31",
        "symbol": "MCD",
        "reportedCurrency": "USD",
        "cik": "0000063908",
        "fillingDate": "2004-03-05",
        "acceptedDate": "2004-03-05 12:08:20",
        "calendarYear": "2003",
        "period": "Q4",
        "revenue": 4555400000,
        "costOfRevenue": -252000000,
        "grossProfit": 4807400000,
        "grossProfitRatio": 1.0553189621,
        "researchAndDevelopmentExpenses": 0,
        "generalAndAdministrativeExpenses": 0,
        "sellingAndMarketingExpenses": 0,
        "sellingGeneralAndAdministrativeExpenses": 3925300000,
        "otherExpenses": 514600000,
        "operatingExpenses": 4439900000,
        "costAndExpenses": 4187900000,
        "interestIncome": 0,
        "interestExpense": 0,
        "depreciationAndAmortization": 315600000,
        "ebitda": 683100000,
        "ebitdaratio": 0.1499539009,
        "operatingIncome": 367500000,
        "operatingIncomeRatio": 0.0806734864,
        "totalOtherIncomeExpensesNet": -100000000,
        "incomeBeforeTax": 267500000,
        "incomeBeforeTaxRatio": 0.0587215173,
        "incomeTaxExpense": 141800000,
        "netIncome": 125700000,
        "netIncomeRatio": 0.0275936251,
        "eps": 0.0996,
        "epsdiluted": 0.0996,
        "weightedAverageShsOut": 1261700000,
        "weightedAverageShsOutDil": 1261700000,
        "link": "https://www.sec.gov/Archives/edgar/data/63908/000119312504035282/0001193125-04-035282-index.htm",
        "finalLink": "https://www.sec.gov/Archives/edgar/data/63908/000119312504035282/d10k.htm"
    },
    {
        "date": "2003-09-30",
        "symbol": "MCD",
        "reportedCurrency": "USD",
        "cik": "0000063908",
        "fillingDate": "2003-11-07",
        "acceptedDate": "2003-11-07 11:23:43",
        "calendarYear": "2003",
        "period": "Q3",
        "revenue": 4504600000,
        "costOfRevenue": 3076600000,
        "grossProfit": 1428000000,
        "grossProfitRatio": 0.3170092794,
        "researchAndDevelopmentExpenses": 0,
        "generalAndAdministrativeExpenses": 0,
        "sellingAndMarketingExpenses": 0,
        "sellingGeneralAndAdministrativeExpenses": 456300000,
        "otherExpenses": 7800000,
        "operatingExpenses": 464100000,
        "costAndExpenses": 3540700000,
        "interestIncome": 0,
        "interestExpense": 0,
        "depreciationAndAmortization": 274900000,
        "ebitda": 1238800000,
        "ebitdaratio": 0.2750077698,
        "operatingIncome": 963900000,
        "operatingIncomeRatio": 0.2139812636,
        "totalOtherIncomeExpensesNet": -140800000,
        "incomeBeforeTax": 823100000,
        "incomeBeforeTaxRatio": 0.1827243262,
        "incomeTaxExpense": 275700000,
        "netIncome": 547400000,
        "netIncomeRatio": 0.1215202238,
        "eps": 0.43,
        "epsdiluted": 0.43,
        "weightedAverageShsOut": 1271500000,
        "weightedAverageShsOutDil": 1281000000,
        "link": "https://www.sec.gov/Archives/edgar/data/63908/000104746903036401/0001047469-03-036401-index.htm",
        "finalLink": "https://www.sec.gov/Archives/edgar/data/63908/000104746903036401/a2121886z10-q.htm"
    },
    {
        "date": "2003-06-30",
        "symbol": "MCD",
        "reportedCurrency": "USD",
        "cik": "0000063908",
        "fillingDate": "2003-08-08",
        "acceptedDate": "2003-08-08 12:46:02",
        "calendarYear": "2003",
        "period": "Q2",
        "revenue": 4280800000,
        "costOfRevenue": 2975000000,
        "grossProfit": 1305800000,
        "grossProfitRatio": 0.3050364418,
        "researchAndDevelopmentExpenses": 0,
        "generalAndAdministrativeExpenses": 0,
        "sellingAndMarketingExpenses": 0,
        "sellingGeneralAndAdministrativeExpenses": 466400000,
        "otherExpenses": 13200000,
        "operatingExpenses": 479600000,
        "costAndExpenses": 3454600000,
        "interestIncome": 0,
        "interestExpense": 0,
        "depreciationAndAmortization": 270500000,
        "ebitda": 1096700000,
        "ebitdaratio": 0.2561904317,
        "operatingIncome": 826200000,
        "operatingIncomeRatio": 0.1930013082,
        "totalOtherIncomeExpensesNet": -118000000,
        "incomeBeforeTax": 708200000,
        "incomeBeforeTaxRatio": 0.165436367,
        "incomeTaxExpense": 237300000,
        "netIncome": 470900000,
        "netIncomeRatio": 0.1100028032,
        "eps": 0.37,
        "epsdiluted": 0.37,
        "weightedAverageShsOut": 1272500000,
        "weightedAverageShsOutDil": 1277500000,
        "link": "https://www.sec.gov/Archives/edgar/data/63908/000104746903026735/0001047469-03-026735-index.htm",
        "finalLink": "https://www.sec.gov/Archives/edgar/data/63908/000104746903026735/a2116065z10-q.htm"
    },
    {
        "date": "2003-03-31",
        "symbol": "MCD",
        "reportedCurrency": "USD",
        "cik": "0000063908",
        "fillingDate": "2003-05-13",
        "acceptedDate": "2003-05-13 14:40:44",
        "calendarYear": "2003",
        "period": "Q1",
        "revenue": 3799700000,
        "costOfRevenue": 2732700000,
        "grossProfit": 1067000000,
        "grossProfitRatio": 0.280811643,
        "researchAndDevelopmentExpenses": 0,
        "generalAndAdministrativeExpenses": 0,
        "sellingAndMarketingExpenses": 0,
        "sellingGeneralAndAdministrativeExpenses": 396400000,
        "otherExpenses": -4000000,
        "operatingExpenses": 392400000,
        "costAndExpenses": 3125100000,
        "interestIncome": 0,
        "interestExpense": 0,
        "depreciationAndAmortization": 287200000,
        "ebitda": 961800000,
        "ebitdaratio": 0.2531252467,
        "operatingIncome": 674600000,
        "operatingIncomeRatio": 0.1775403321,
        "totalOtherIncomeExpensesNet": -127000000,
        "incomeBeforeTax": 547600000,
        "incomeBeforeTaxRatio": 0.1441166408,
        "incomeTaxExpense": 183400000,
        "netIncome": 327400000,
        "netIncomeRatio": 0.0861646972,
        "eps": 0.26,
        "epsdiluted": 0.26,
        "weightedAverageShsOut": 1269600000,
        "weightedAverageShsOutDil": 1270300000,
        "link": "https://www.sec.gov/Archives/edgar/data/63908/000104746903018134/0001047469-03-018134-index.htm",
        "finalLink": "https://www.sec.gov/Archives/edgar/data/63908/000104746903018134/a2110530z10-q.htm"
    },
    {
        "date": "2002-12-31",
        "symbol": "MCD",
        "reportedCurrency": "USD",
        "cik": "0000063908",
        "fillingDate": "2003-03-12",
        "acceptedDate": "2003-03-12 14:43:57",
        "calendarYear": "2002",
        "period": "Q4",
        "revenue": 3899200000,
        "costOfRevenue": -302700000,
        "grossProfit": 4201900000,
        "grossProfitRatio": 1.077631309,
        "researchAndDevelopmentExpenses": 0,
        "generalAndAdministrativeExpenses": 0,
        "sellingAndMarketingExpenses": 0,
        "sellingGeneralAndAdministrativeExpenses": 3565000000,
        "otherExpenses": 840300000,
        "operatingExpenses": 4405300000,
        "costAndExpenses": 4102600000,
        "interestIncome": 0,
        "interestExpense": 0,
        "depreciationAndAmortization": 263100000,
        "ebitda": 59700000,
        "ebitdaratio": 0.015310833,
        "operatingIncome": -203400000,
        "operatingIncomeRatio": -0.0521645466,
        "totalOtherIncomeExpensesNet": -118200000,
        "incomeBeforeTax": -321600000,
        "incomeBeforeTaxRatio": -0.0824784571,
        "incomeTaxExpense": 22200000,
        "netIncome": -343800000,
        "netIncomeRatio": -0.0881719327,
        "eps": -0.27,
        "epsdiluted": -0.27,
        "weightedAverageShsOut": 1268900000,
        "weightedAverageShsOutDil": 1269600000,
        "link": "https://www.sec.gov/Archives/edgar/data/63908/000104746903008450/0001047469-03-008450-index.htm",
        "finalLink": "https://www.sec.gov/Archives/edgar/data/63908/000104746903008450/a2105107z10-k.htm"
    },
    {
        "date": "2002-09-30",
        "symbol": "MCD",
        "reportedCurrency": "USD",
        "cik": "0000063908",
        "fillingDate": "2002-11-12",
        "acceptedDate": "2002-11-12 16:12:08",
        "calendarYear": "2002",
        "period": "Q3",
        "revenue": 4047000000,
        "costOfRevenue": 2799000000,
        "grossProfit": 1248000000,
        "grossProfitRatio": 0.3083765752,
        "researchAndDevelopmentExpenses": 0,
        "generalAndAdministrativeExpenses": 0,
        "sellingAndMarketingExpenses": 0,
        "sellingGeneralAndAdministrativeExpenses": 438200000,
        "otherExpenses": -20000000,
        "operatingExpenses": 418200000,
        "costAndExpenses": 3217200000,
        "interestIncome": 0,
        "interestExpense": 0,
        "depreciationAndAmortization": 281000000,
        "ebitda": 1110800000,
        "ebitdaratio": 0.2744749197,
        "operatingIncome": 829800000,
        "operatingIncomeRatio": 0.2050407709,
        "totalOtherIncomeExpensesNet": -114500000,
        "incomeBeforeTax": 715300000,
        "incomeBeforeTaxRatio": 0.1767482085,
        "incomeTaxExpense": 228600000,
        "netIncome": 486700000,
        "netIncomeRatio": 0.1202619224,
        "eps": 0.38,
        "epsdiluted": 0.38,
        "weightedAverageShsOut": 1273100000,
        "weightedAverageShsOutDil": 1280500000,
        "link": "https://www.sec.gov/Archives/edgar/data/63908/000095013102004323/0000950131-02-004323-index.htm",
        "finalLink": "https://www.sec.gov/Archives/edgar/data/63908/000095013102004323/d10q.txt"
    },
    {
        "date": "2002-06-30",
        "symbol": "MCD",
        "reportedCurrency": "USD",
        "cik": "0000063908",
        "fillingDate": "2002-08-13",
        "acceptedDate": "2002-08-13 15:02:20",
        "calendarYear": "2002",
        "period": "Q2",
        "revenue": 3862100000,
        "costOfRevenue": 2659900000,
        "grossProfit": 1202200000,
        "grossProfitRatio": 0.3112814272,
        "researchAndDevelopmentExpenses": 0,
        "generalAndAdministrativeExpenses": 0,
        "sellingAndMarketingExpenses": 0,
        "sellingGeneralAndAdministrativeExpenses": 402900000,
        "otherExpenses": -45900000,
        "operatingExpenses": 357000000,
        "costAndExpenses": 3016900000,
        "interestIncome": 0,
        "interestExpense": 0,
        "depreciationAndAmortization": 252700000,
        "ebitda": 1097900000,
        "ebitdaratio": 0.2842753942,
        "operatingIncome": 845200000,
        "operatingIncomeRatio": 0.21884467,
        "totalOtherIncomeExpensesNet": -114000000,
        "incomeBeforeTax": 731200000,
        "incomeBeforeTaxRatio": 0.1893270501,
        "incomeTaxExpense": 233700000,
        "netIncome": 497500000,
        "netIncomeRatio": 0.1288159292,
        "eps": 0.39,
        "epsdiluted": 0.39,
        "weightedAverageShsOut": 1273200000,
        "weightedAverageShsOutDil": 1290600000,
        "link": "https://www.sec.gov/Archives/edgar/data/63908/000095013102003135/0000950131-02-003135-index.htm",
        "finalLink": "https://www.sec.gov/Archives/edgar/data/63908/000095013102003135/d10q.txt"
    },
    {
        "date": "2002-03-31",
        "symbol": "MCD",
        "reportedCurrency": "USD",
        "cik": "0000063908",
        "fillingDate": "2002-05-10",
        "acceptedDate": "2002-05-10 15:03:48",
        "calendarYear": "2002",
        "period": "Q1",
        "revenue": 3597400000,
        "costOfRevenue": 2512300000,
        "grossProfit": 1085100000,
        "grossProfitRatio": 0.3016345138,
        "researchAndDevelopmentExpenses": 0,
        "generalAndAdministrativeExpenses": 0,
        "sellingAndMarketingExpenses": 0,
        "sellingGeneralAndAdministrativeExpenses": 384900000,
        "otherExpenses": 58900000,
        "operatingExpenses": 443800000,
        "costAndExpenses": 2956100000,
        "interestIncome": 0,
        "interestExpense": 0,
        "depreciationAndAmortization": 254000000,
        "ebitda": 895300000,
        "ebitdaratio": 0.2488741869,
        "operatingIncome": 641300000,
        "operatingIncomeRatio": 0.1782676377,
        "totalOtherIncomeExpensesNet": -104100000,
        "incomeBeforeTax": 537200000,
        "incomeBeforeTaxRatio": 0.1493300717,
        "incomeTaxExpense": 185500000,
        "netIncome": 253100000,
        "netIncomeRatio": 0.0703563685,
        "eps": 0.2,
        "epsdiluted": 0.2,
        "weightedAverageShsOut": 1277200000,
        "weightedAverageShsOutDil": 1292700000,
        "link": "https://www.sec.gov/Archives/edgar/data/63908/000095013102001900/0000950131-02-001900-index.htm",
        "finalLink": "https://www.sec.gov/Archives/edgar/data/63908/000095013102001900/d10q.txt"
    },
    {
        "date": "2001-12-31",
        "symbol": "MCD",
        "reportedCurrency": "USD",
        "cik": "0000063908",
        "fillingDate": "2002-03-25",
        "acceptedDate": "2002-03-25 00:00:00",
        "calendarYear": "2001",
        "period": "Q4",
        "revenue": 3771500000,
        "costOfRevenue": -271300000,
        "grossProfit": 4042800000,
        "grossProfitRatio": 1.0719342437,
        "researchAndDevelopmentExpenses": 0,
        "generalAndAdministrativeExpenses": 0,
        "sellingAndMarketingExpenses": 0,
        "sellingGeneralAndAdministrativeExpenses": 3334600000,
        "otherExpenses": 225500000,
        "operatingExpenses": 3560100000,
        "costAndExpenses": 3288800000,
        "interestIncome": 0,
        "interestExpense": 0,
        "depreciationAndAmortization": 276700000,
        "ebitda": 759400000,
        "ebitdaratio": 0.2013522471,
        "operatingIncome": 482700000,
        "operatingIncomeRatio": 0.1279862124,
        "totalOtherIncomeExpensesNet": -113200000,
        "incomeBeforeTax": 369500000,
        "incomeBeforeTaxRatio": 0.0979716293,
        "incomeTaxExpense": 97600000,
        "netIncome": 271900000,
        "netIncomeRatio": 0.0720933316,
        "eps": 0.21,
        "epsdiluted": 0.21,
        "weightedAverageShsOut": 1277200000,
        "weightedAverageShsOutDil": 1277200000,
        "link": "https://www.sec.gov/Archives/edgar/data/63908/000095013102001095/0000950131-02-001095-index.htm",
        "finalLink": "https://www.sec.gov/Archives/edgar/data/63908/000095013102001095/d10k405.txt"
    },
    {
        "date": "2001-09-30",
        "symbol": "MCD",
        "reportedCurrency": "USD",
        "cik": "0000063908",
        "fillingDate": "2001-11-09",
        "acceptedDate": "2001-11-09 00:00:00",
        "calendarYear": "2001",
        "period": "Q3",
        "revenue": 3879300000,
        "costOfRevenue": 2644200000,
        "grossProfit": 1235100000,
        "grossProfitRatio": 0.3183821824,
        "researchAndDevelopmentExpenses": 0,
        "generalAndAdministrativeExpenses": 0,
        "sellingAndMarketingExpenses": 0,
        "sellingGeneralAndAdministrativeExpenses": 415900000,
        "otherExpenses": 72600000,
        "operatingExpenses": 488500000,
        "costAndExpenses": 3132700000,
        "interestIncome": 0,
        "interestExpense": 0,
        "depreciationAndAmortization": 270900000,
        "ebitda": 1017500000,
        "ebitdaratio": 0.2622895883,
        "operatingIncome": 746600000,
        "operatingIncomeRatio": 0.1924574021,
        "totalOtherIncomeExpensesNet": 3900000,
        "incomeBeforeTax": 750500000,
        "incomeBeforeTaxRatio": 0.1934627381,
        "incomeTaxExpense": 205000000,
        "netIncome": 545500000,
        "netIncomeRatio": 0.1406181528,
        "eps": 0.42,
        "epsdiluted": 0.42,
        "weightedAverageShsOut": 1286100000,
        "weightedAverageShsOutDil": 1305800000,
        "link": "https://www.sec.gov/Archives/edgar/data/63908/000095013101504054/0000950131-01-504054-index.htm",
        "finalLink": "https://www.sec.gov/Archives/edgar/data/63908/000095013101504054/d10q.txt"
    },
    {
        "date": "2001-06-30",
        "symbol": "MCD",
        "reportedCurrency": "USD",
        "cik": "0000063908",
        "fillingDate": "2001-08-10",
        "acceptedDate": "2001-08-10 00:00:00",
        "calendarYear": "2001",
        "period": "Q2",
        "revenue": 3707500000,
        "costOfRevenue": 2539500000,
        "grossProfit": 1168000000,
        "grossProfitRatio": 0.315037087,
        "researchAndDevelopmentExpenses": 0,
        "generalAndAdministrativeExpenses": 0,
        "sellingAndMarketingExpenses": 0,
        "sellingGeneralAndAdministrativeExpenses": 414600000,
        "otherExpenses": -19100000,
        "operatingExpenses": 395500000,
        "costAndExpenses": 2935000000,
        "interestIncome": 0,
        "interestExpense": 0,
        "depreciationAndAmortization": 268800000,
        "ebitda": 1041300000,
        "ebitdaratio": 0.2808631153,
        "operatingIncome": 772500000,
        "operatingIncomeRatio": 0.2083614295,
        "totalOtherIncomeExpensesNet": -118800000,
        "incomeBeforeTax": 653700000,
        "incomeBeforeTaxRatio": 0.1763182738,
        "incomeTaxExpense": 212800000,
        "netIncome": 440900000,
        "netIncomeRatio": 0.1189211059,
        "eps": 0.34,
        "epsdiluted": 0.34,
        "weightedAverageShsOut": 1289700000,
        "weightedAverageShsOutDil": 1311100000,
        "link": "https://www.sec.gov/Archives/edgar/data/63908/000095013101502830/0000950131-01-502830-index.htm",
        "finalLink": "https://www.sec.gov/Archives/edgar/data/63908/000095013101502830/d10q.txt"
    },
    {
        "date": "2001-03-31",
        "symbol": "MCD",
        "reportedCurrency": "USD",
        "cik": "0000063908",
        "fillingDate": "2001-05-10",
        "acceptedDate": "2001-05-10 00:00:00",
        "calendarYear": "2001",
        "period": "Q1",
        "revenue": 3511700000,
        "costOfRevenue": 2440300000,
        "grossProfit": 1071400000,
        "grossProfitRatio": 0.3050943987,
        "researchAndDevelopmentExpenses": 0,
        "generalAndAdministrativeExpenses": 0,
        "sellingAndMarketingExpenses": 0,
        "sellingGeneralAndAdministrativeExpenses": 397800000,
        "otherExpenses": -21600000,
        "operatingExpenses": 376200000,
        "costAndExpenses": 2816500000,
        "interestIncome": 0,
        "interestExpense": 0,
        "depreciationAndAmortization": 269900000,
        "ebitda": 965100000,
        "ebitdaratio": 0.2748241592,
        "operatingIncome": 695200000,
        "operatingIncomeRatio": 0.1979667967,
        "totalOtherIncomeExpensesNet": -139200000,
        "incomeBeforeTax": 556000000,
        "incomeBeforeTaxRatio": 0.1583278754,
        "incomeTaxExpense": 177700000,
        "netIncome": 378300000,
        "netIncomeRatio": 0.107725603,
        "eps": 0.29,
        "epsdiluted": 0.29,
        "weightedAverageShsOut": 1300700000,
        "weightedAverageShsOutDil": 1325300000,
        "link": "https://www.sec.gov/Archives/edgar/data/63908/000095013101501320/0000950131-01-501320-index.htm",
        "finalLink": "https://www.sec.gov/Archives/edgar/data/63908/000095013101501320/d10q.txt"
    },
    {
        "date": "2000-12-31",
        "symbol": "MCD",
        "reportedCurrency": "USD",
        "cik": "0000063908",
        "fillingDate": "2001-03-23",
        "acceptedDate": "2001-03-23 00:00:00",
        "calendarYear": "2000",
        "period": "Q4",
        "revenue": 3589600000,
        "costOfRevenue": 553600000,
        "grossProfit": 3036000000,
        "grossProfitRatio": 0.8457766882,
        "researchAndDevelopmentExpenses": 0,
        "generalAndAdministrativeExpenses": 0,
        "sellingAndMarketingExpenses": 0,
        "sellingGeneralAndAdministrativeExpenses": 3097300000,
        "otherExpenses": -779500000,
        "operatingExpenses": 2317800000,
        "costAndExpenses": 2871400000,
        "interestIncome": 0,
        "interestExpense": 0,
        "depreciationAndAmortization": 231200000,
        "ebitda": 949400000,
        "ebitdaratio": 0.2644862937,
        "operatingIncome": 718200000,
        "operatingIncomeRatio": 0.2000780031,
        "totalOtherIncomeExpensesNet": -60700000,
        "incomeBeforeTax": 657500000,
        "incomeBeforeTaxRatio": 0.183168041,
        "incomeTaxExpense": 205500000,
        "netIncome": 452000000,
        "netIncomeRatio": 0.1259193225,
        "eps": 0.35,
        "epsdiluted": 0.35,
        "weightedAverageShsOut": 1300700000,
        "weightedAverageShsOutDil": 1300700000,
        "link": "https://www.sec.gov/Archives/edgar/data/63908/000095013101500282/0000950131-01-500282-index.htm",
        "finalLink": "https://www.sec.gov/Archives/edgar/data/63908/000095013101500282/d10k405.htm"
    },
    {
        "date": "2000-09-30",
        "symbol": "MCD",
        "reportedCurrency": "USD",
        "cik": "0000063908",
        "fillingDate": "2000-11-08",
        "acceptedDate": "2000-11-08 00:00:00",
        "calendarYear": "2000",
        "period": "Q3",
        "revenue": 3749000000,
        "costOfRevenue": 2239400000,
        "grossProfit": 1509600000,
        "grossProfitRatio": 0.402667378,
        "researchAndDevelopmentExpenses": 0,
        "generalAndAdministrativeExpenses": 0,
        "sellingAndMarketingExpenses": 0,
        "sellingGeneralAndAdministrativeExpenses": 409200000,
        "otherExpenses": 250200000,
        "operatingExpenses": 659400000,
        "costAndExpenses": 2898800000,
        "interestIncome": 0,
        "interestExpense": 0,
        "depreciationAndAmortization": 250200000,
        "ebitda": 1100400000,
        "ebitdaratio": 0.2935182715,
        "operatingIncome": 850200000,
        "operatingIncomeRatio": 0.2267804748,
        "totalOtherIncomeExpensesNet": -61100000,
        "incomeBeforeTax": 789100000,
        "incomeBeforeTaxRatio": 0.2104827954,
        "incomeTaxExpense": 240600000,
        "netIncome": 548500000,
        "netIncomeRatio": 0.1463056815,
        "eps": 0.42,
        "epsdiluted": 0.41,
        "weightedAverageShsOut": 1315600000,
        "weightedAverageShsOutDil": 1346000000,
        "link": "https://www.sec.gov/Archives/edgar/data/63908/000095013100006172/0000950131-00-006172-index.htm",
        "finalLink": "https://www.sec.gov/Archives/edgar/data/63908/000095013100006172/0000950131-00-006172-0001.txt"
    },
    {
        "date": "2000-06-30",
        "symbol": "MCD",
        "reportedCurrency": "USD",
        "cik": "0000063908",
        "fillingDate": "2000-08-11",
        "acceptedDate": "2000-08-11 00:00:00",
        "calendarYear": "2000",
        "period": "Q2",
        "revenue": 3560600000,
        "costOfRevenue": 2068100000,
        "grossProfit": 1492500000,
        "grossProfitRatio": 0.4191709262,
        "researchAndDevelopmentExpenses": 0,
        "generalAndAdministrativeExpenses": 0,
        "sellingAndMarketingExpenses": 0,
        "sellingGeneralAndAdministrativeExpenses": 393400000,
        "otherExpenses": 273500000,
        "operatingExpenses": 666900000,
        "costAndExpenses": 2735000000,
        "interestIncome": 0,
        "interestExpense": 0,
        "depreciationAndAmortization": 273500000,
        "ebitda": 1099100000,
        "ebitdaratio": 0.3086839297,
        "operatingIncome": 825600000,
        "operatingIncomeRatio": 0.231871033,
        "totalOtherIncomeExpensesNet": -52600000,
        "incomeBeforeTax": 773000000,
        "incomeBeforeTaxRatio": 0.2170982419,
        "incomeTaxExpense": 247100000,
        "netIncome": 525900000,
        "netIncomeRatio": 0.1476998259,
        "eps": 0.4,
        "epsdiluted": 0.39,
        "weightedAverageShsOut": 1327100000,
        "weightedAverageShsOutDil": 1365500000,
        "link": "https://www.sec.gov/Archives/edgar/data/63908/000095013100004816/0000950131-00-004816-index.htm",
        "finalLink": "https://www.sec.gov/Archives/edgar/data/63908/000095013100004816/0000950131-00-004816-0001.txt"
    },
    {
        "date": "2000-03-31",
        "symbol": "MCD",
        "reportedCurrency": "USD",
        "cik": "0000063908",
        "fillingDate": "2000-05-08",
        "acceptedDate": "2000-05-08 00:00:00",
        "calendarYear": "2000",
        "period": "Q1",
        "revenue": 3343800000,
        "costOfRevenue": 1971100000,
        "grossProfit": 1372700000,
        "grossProfitRatio": 0.4105209642,
        "researchAndDevelopmentExpenses": 0,
        "generalAndAdministrativeExpenses": 0,
        "sellingAndMarketingExpenses": 0,
        "sellingGeneralAndAdministrativeExpenses": 377600000,
        "otherExpenses": 255800000,
        "operatingExpenses": 633400000,
        "costAndExpenses": 2604500000,
        "interestIncome": 0,
        "interestExpense": 0,
        "depreciationAndAmortization": 255800000,
        "ebitda": 995100000,
        "ebitdaratio": 0.29759555,
        "operatingIncome": 739300000,
        "operatingIncomeRatio": 0.2210957593,
        "totalOtherIncomeExpensesNet": -76600000,
        "incomeBeforeTax": 662700000,
        "incomeBeforeTaxRatio": 0.1981876907,
        "incomeTaxExpense": 211800000,
        "netIncome": 450900000,
        "netIncomeRatio": 0.1348465817,
        "eps": 0.34,
        "epsdiluted": 0.33,
        "weightedAverageShsOut": 1343400000,
        "weightedAverageShsOutDil": 1383800000,
        "link": "https://www.sec.gov/Archives/edgar/data/63908/000095013100003126/0000950131-00-003126-index.html",
        "finalLink": "https://www.sec.gov/Archives/edgar/data/63908/000095013100003126/"
    },
    {
        "date": "1999-12-31",
        "symbol": "MCD",
        "reportedCurrency": "USD",
        "cik": "0000063908",
        "fillingDate": "2000-03-28",
        "acceptedDate": "2000-03-28 00:00:00",
        "calendarYear": "1999",
        "period": "Q4",
        "revenue": 3372900000,
        "costOfRevenue": -451700000,
        "grossProfit": 3824600000,
        "grossProfitRatio": 1.1339203653,
        "researchAndDevelopmentExpenses": 0,
        "generalAndAdministrativeExpenses": 0,
        "sellingAndMarketingExpenses": 0,
        "sellingGeneralAndAdministrativeExpenses": 2822500000,
        "otherExpenses": 235900000,
        "operatingExpenses": 3058400000,
        "costAndExpenses": 2606700000,
        "interestIncome": 0,
        "interestExpense": 0,
        "depreciationAndAmortization": 235900000,
        "ebitda": 1002100000,
        "ebitdaratio": 0.2971033828,
        "operatingIncome": 766200000,
        "operatingIncomeRatio": 0.2271635684,
        "totalOtherIncomeExpensesNet": -55900000,
        "incomeBeforeTax": 710300000,
        "incomeBeforeTaxRatio": 0.2105902932,
        "incomeTaxExpense": 224100000,
        "netIncome": 486200000,
        "netIncomeRatio": 0.1441489519,
        "eps": 0.36,
        "epsdiluted": 0.36,
        "weightedAverageShsOut": 1343400000,
        "weightedAverageShsOutDil": 1343400000,
        "link": "https://www.sec.gov/Archives/edgar/data/63908/000095013100002087/0000950131-00-002087-index.html",
        "finalLink": "https://www.sec.gov/Archives/edgar/data/63908/000095013100002087/"
    },
    {
        "date": "1999-09-30",
        "symbol": "MCD",
        "reportedCurrency": "USD",
        "cik": "0000063908",
        "fillingDate": "1999-11-10",
        "acceptedDate": "1999-11-10 00:00:00",
        "calendarYear": "1999",
        "period": "Q3",
        "revenue": 3444200000,
        "costOfRevenue": 1953800000,
        "grossProfit": 1490400000,
        "grossProfitRatio": 0.4327274839,
        "researchAndDevelopmentExpenses": 0,
        "generalAndAdministrativeExpenses": 0,
        "sellingAndMarketingExpenses": 0,
        "sellingGeneralAndAdministrativeExpenses": 368000000,
        "otherExpenses": 248600000,
        "operatingExpenses": 616600000,
        "costAndExpenses": 2570400000,
        "interestIncome": 0,
        "interestExpense": 0,
        "depreciationAndAmortization": 248600000,
        "ebitda": 1122400000,
        "ebitdaratio": 0.3258811916,
        "operatingIncome": 873800000,
        "operatingIncomeRatio": 0.2537018756,
        "totalOtherIncomeExpensesNet": -73500000,
        "incomeBeforeTax": 800300000,
        "incomeBeforeTaxRatio": 0.2323616515,
        "incomeTaxExpense": 259400000,
        "netIncome": 540900000,
        "netIncomeRatio": 0.1570466291,
        "eps": 0.4,
        "epsdiluted": 0.39,
        "weightedAverageShsOut": 1354700000,
        "weightedAverageShsOutDil": 1403100000,
        "link": "https://www.sec.gov/Archives/edgar/data/63908/000095013199006176/0000950131-99-006176-index.html",
        "finalLink": "https://www.sec.gov/Archives/edgar/data/63908/000095013199006176/"
    },
    {
        "date": "1999-06-30",
        "symbol": "MCD",
        "reportedCurrency": "USD",
        "cik": "0000063908",
        "fillingDate": "1999-08-12",
        "acceptedDate": "1999-08-12 00:00:00",
        "calendarYear": "1999",
        "period": "Q2",
        "revenue": 3407100000,
        "costOfRevenue": 1927900000,
        "grossProfit": 1479200000,
        "grossProfitRatio": 0.4341522116,
        "researchAndDevelopmentExpenses": 0,
        "generalAndAdministrativeExpenses": 0,
        "sellingAndMarketingExpenses": 0,
        "sellingGeneralAndAdministrativeExpenses": 365500000,
        "otherExpenses": 237700000,
        "operatingExpenses": 603200000,
        "costAndExpenses": 2531100000,
        "interestIncome": 0,
        "interestExpense": 0,
        "depreciationAndAmortization": 237700000,
        "ebitda": 1113700000,
        "ebitdaratio": 0.3268762291,
        "operatingIncome": 876000000,
        "operatingIncomeRatio": 0.2571101523,
        "totalOtherIncomeExpensesNet": -103200000,
        "incomeBeforeTax": 772800000,
        "incomeBeforeTaxRatio": 0.2268204632,
        "incomeTaxExpense": 254700000,
        "netIncome": 518100000,
        "netIncomeRatio": 0.1520648058,
        "eps": 0.38,
        "epsdiluted": 0.37,
        "weightedAverageShsOut": 1355500000,
        "weightedAverageShsOutDil": 1405600000,
        "link": "https://www.sec.gov/Archives/edgar/data/63908/000095013199004856/0000950131-99-004856-index.html",
        "finalLink": "https://www.sec.gov/Archives/edgar/data/63908/000095013199004856/"
    },
    {
        "date": "1999-03-31",
        "symbol": "MCD",
        "reportedCurrency": "USD",
        "cik": "0000063908",
        "fillingDate": "1999-05-13",
        "acceptedDate": "1999-05-13 00:00:00",
        "calendarYear": "1999",
        "period": "Q1",
        "revenue": 3035100000,
        "costOfRevenue": 1762700000,
        "grossProfit": 1272400000,
        "grossProfitRatio": 0.4192283615,
        "researchAndDevelopmentExpenses": 0,
        "generalAndAdministrativeExpenses": 0,
        "sellingAndMarketingExpenses": 0,
        "sellingGeneralAndAdministrativeExpenses": 339900000,
        "otherExpenses": 234100000,
        "operatingExpenses": 574000000,
        "costAndExpenses": 2336700000,
        "interestIncome": 0,
        "interestExpense": 0,
        "depreciationAndAmortization": 234100000,
        "ebitda": 932500000,
        "ebitdaratio": 0.3072386412,
        "operatingIncome": 698400000,
        "operatingIncomeRatio": 0.2301077394,
        "totalOtherIncomeExpensesNet": -97700000,
        "incomeBeforeTax": 600700000,
        "incomeBeforeTaxRatio": 0.1979176963,
        "incomeTaxExpense": 198000000,
        "netIncome": 402700000,
        "netIncomeRatio": 0.132680966,
        "eps": 0.3,
        "epsdiluted": 0.29,
        "weightedAverageShsOut": 1357300000,
        "weightedAverageShsOutDil": 1409200000,
        "link": "https://www.sec.gov/Archives/edgar/data/63908/000095013199003060/0000950131-99-003060-index.html",
        "finalLink": "https://www.sec.gov/Archives/edgar/data/63908/"
    },
    {
        "date": "1998-12-31",
        "symbol": "MCD",
        "reportedCurrency": "USD",
        "cik": "0000063908",
        "fillingDate": "1999-03-31",
        "acceptedDate": "1999-03-31 00:00:00",
        "calendarYear": "1998",
        "period": "Q4",
        "revenue": 3220700000,
        "costOfRevenue": -385400000,
        "grossProfit": 3606100000,
        "grossProfitRatio": 1.1196634272,
        "researchAndDevelopmentExpenses": 0,
        "generalAndAdministrativeExpenses": 0,
        "sellingAndMarketingExpenses": 0,
        "sellingGeneralAndAdministrativeExpenses": 2612400000,
        "otherExpenses": 232800000,
        "operatingExpenses": 2845200000,
        "costAndExpenses": 2459800000,
        "interestIncome": 0,
        "interestExpense": 0,
        "depreciationAndAmortization": 232800000,
        "ebitda": 993700000,
        "ebitdaratio": 0.3085354116,
        "operatingIncome": 760900000,
        "operatingIncomeRatio": 0.2362529885,
        "totalOtherIncomeExpensesNet": -244800000,
        "incomeBeforeTax": 516100000,
        "incomeBeforeTaxRatio": 0.1602446673,
        "incomeTaxExpense": 167600000,
        "netIncome": 348500000,
        "netIncomeRatio": 0.1082062906,
        "eps": 0.26,
        "epsdiluted": 0.26,
        "weightedAverageShsOut": 1357300000,
        "weightedAverageShsOutDil": 1357300000,
        "link": "https://www.sec.gov/Archives/edgar/data/63908/000095013199001938/0000950131-99-001938-index.html",
        "finalLink": "https://www.sec.gov/Archives/edgar/data/63908/"
    },
    {
        "date": "1998-09-30",
        "symbol": "MCD",
        "reportedCurrency": "USD",
        "cik": "0000063908",
        "fillingDate": "1998-11-13",
        "acceptedDate": "1998-11-13 00:00:00",
        "calendarYear": "1998",
        "period": "Q3",
        "revenue": 3215000000,
        "costOfRevenue": 1812400000,
        "grossProfit": 1402600000,
        "grossProfitRatio": 0.4362674961,
        "researchAndDevelopmentExpenses": 0,
        "generalAndAdministrativeExpenses": 0,
        "sellingAndMarketingExpenses": 0,
        "sellingGeneralAndAdministrativeExpenses": 358500000,
        "otherExpenses": 227800000,
        "operatingExpenses": 586300000,
        "costAndExpenses": 2398700000,
        "interestIncome": 0,
        "interestExpense": 0,
        "depreciationAndAmortization": 227800000,
        "ebitda": 1044100000,
        "ebitdaratio": 0.3247589425,
        "operatingIncome": 816300000,
        "operatingIncomeRatio": 0.253903577,
        "totalOtherIncomeExpensesNet": -99000000,
        "incomeBeforeTax": 717300000,
        "incomeBeforeTaxRatio": 0.2231104199,
        "incomeTaxExpense": 235100000,
        "netIncome": 482200000,
        "netIncomeRatio": 0.1499844479,
        "eps": 0.36,
        "epsdiluted": 0.35,
        "weightedAverageShsOut": 1339444444,
        "weightedAverageShsOutDil": 1377714286,
        "link": "https://www.sec.gov/Archives/edgar/data/63908/000095013198006040/0000950131-98-006040-index.html",
        "finalLink": "https://www.sec.gov/Archives/edgar/data/63908/"
    },
    {
        "date": "1998-06-30",
        "symbol": "MCD",
        "reportedCurrency": "USD",
        "cik": "0000063908",
        "fillingDate": "1998-08-14",
        "acceptedDate": "1998-08-14 00:00:00",
        "calendarYear": "1998",
        "period": "Q2",
        "revenue": 3180800000,
        "costOfRevenue": 1793600000,
        "grossProfit": 1387200000,
        "grossProfitRatio": 0.4361167002,
        "researchAndDevelopmentExpenses": 0,
        "generalAndAdministrativeExpenses": 0,
        "sellingAndMarketingExpenses": 0,
        "sellingGeneralAndAdministrativeExpenses": 364900000,
        "otherExpenses": 216600000,
        "operatingExpenses": 581500000,
        "costAndExpenses": 2375100000,
        "interestIncome": 0,
        "interestExpense": 0,
        "depreciationAndAmortization": 216600000,
        "ebitda": 1022300000,
        "ebitdaratio": 0.3213971328,
        "operatingIncome": 805700000,
        "operatingIncomeRatio": 0.2533010563,
        "totalOtherIncomeExpensesNet": -271900000,
        "incomeBeforeTax": 533800000,
        "incomeBeforeTaxRatio": 0.1678194165,
        "incomeTaxExpense": 176600000,
        "netIncome": 357200000,
        "netIncomeRatio": 0.1122987928,
        "eps": 0.26,
        "epsdiluted": 0.25,
        "weightedAverageShsOut": 1373846154,
        "weightedAverageShsOutDil": 1428800000,
        "link": "https://www.sec.gov/Archives/edgar/data/63908/000095013198004852/0000950131-98-004852-index.html",
        "finalLink": "https://www.sec.gov/Archives/edgar/data/63908/"
    },
    {
        "date": "1998-03-31",
        "symbol": "MCD",
        "reportedCurrency": "USD",
        "cik": "0000063908",
        "fillingDate": "1998-05-14",
        "acceptedDate": "1998-05-14 00:00:00",
        "calendarYear": "1998",
        "period": "Q1",
        "revenue": 2804900000,
        "costOfRevenue": 1615300000,
        "grossProfit": 1189600000,
        "grossProfitRatio": 0.4241149417,
        "researchAndDevelopmentExpenses": 0,
        "generalAndAdministrativeExpenses": 0,
        "sellingAndMarketingExpenses": 0,
        "sellingGeneralAndAdministrativeExpenses": 343000000,
        "otherExpenses": 203900000,
        "operatingExpenses": 546900000,
        "costAndExpenses": 2162200000,
        "interestIncome": 0,
        "interestExpense": 0,
        "depreciationAndAmortization": 203900000,
        "ebitda": 846600000,
        "ebitdaratio": 0.3018289422,
        "operatingIncome": 642700000,
        "operatingIncomeRatio": 0.2291347285,
        "totalOtherIncomeExpensesNet": -102500000,
        "incomeBeforeTax": 540200000,
        "incomeBeforeTaxRatio": 0.1925915362,
        "incomeTaxExpense": 178000000,
        "netIncome": 362200000,
        "netIncomeRatio": 0.1291311633,
        "eps": 0.27,
        "epsdiluted": 0.26,
        "weightedAverageShsOut": 1341481481,
        "weightedAverageShsOutDil": 1393076923,
        "link": "https://www.sec.gov/Archives/edgar/data/63908/000095013198003321/0000950131-98-003321-index.html",
        "finalLink": "https://www.sec.gov/Archives/edgar/data/63908/"
    },
    {
        "date": "1997-12-31",
        "symbol": "MCD",
        "reportedCurrency": "USD",
        "cik": "0000063908",
        "fillingDate": "1998-03-30",
        "acceptedDate": "1998-03-30 00:00:00",
        "calendarYear": "1997",
        "period": "Q4",
        "revenue": 2952600000,
        "costOfRevenue": -375000000,
        "grossProfit": 3327600000,
        "grossProfitRatio": 1.127006706,
        "researchAndDevelopmentExpenses": 0,
        "generalAndAdministrativeExpenses": 0,
        "sellingAndMarketingExpenses": 0,
        "sellingGeneralAndAdministrativeExpenses": 2418900000,
        "otherExpenses": 236800000,
        "operatingExpenses": 2655700000,
        "costAndExpenses": 2280700000,
        "interestIncome": 0,
        "interestExpense": 0,
        "depreciationAndAmortization": 236800000,
        "ebitda": 908700000,
        "ebitdaratio": 0.3077626499,
        "operatingIncome": 671900000,
        "operatingIncomeRatio": 0.2275621486,
        "totalOtherIncomeExpensesNet": -82500000,
        "incomeBeforeTax": 589400000,
        "incomeBeforeTaxRatio": 0.1996206733,
        "incomeTaxExpense": 178500000,
        "netIncome": 410900000,
        "netIncomeRatio": 0.1391654813,
        "eps": 0.31,
        "epsdiluted": 0.31,
        "weightedAverageShsOut": 1285363636,
        "weightedAverageShsOutDil": 1341481481,
        "link": "https://www.sec.gov/Archives/edgar/data/63908/000095013198002152/0000950131-98-002152-index.html",
        "finalLink": "https://www.sec.gov/Archives/edgar/data/63908/"
    },
    {
        "date": "1997-09-30",
        "symbol": "MCD",
        "reportedCurrency": "USD",
        "cik": "0000063908",
        "fillingDate": "1997-11-13",
        "acceptedDate": "1997-11-13 00:00:00",
        "calendarYear": "1997",
        "period": "Q3",
        "revenue": 3006000000,
        "costOfRevenue": 1739600000,
        "grossProfit": 1266400000,
        "grossProfitRatio": 0.4212907518,
        "researchAndDevelopmentExpenses": 0,
        "generalAndAdministrativeExpenses": 0,
        "sellingAndMarketingExpenses": 0,
        "sellingGeneralAndAdministrativeExpenses": 375500000,
        "otherExpenses": 170400000,
        "operatingExpenses": 545900000,
        "costAndExpenses": 2285500000,
        "interestIncome": 0,
        "interestExpense": 0,
        "depreciationAndAmortization": 170400000,
        "ebitda": 890900000,
        "ebitdaratio": 0.2963739188,
        "operatingIncome": 720500000,
        "operatingIncomeRatio": 0.2396872921,
        "totalOtherIncomeExpensesNet": -61400000,
        "incomeBeforeTax": 659100000,
        "incomeBeforeTaxRatio": 0.219261477,
        "incomeTaxExpense": 210200000,
        "netIncome": 448900000,
        "netIncomeRatio": 0.149334664,
        "eps": 0.32,
        "epsdiluted": 0.32,
        "weightedAverageShsOut": 1402812500,
        "weightedAverageShsOutDil": 1402812500,
        "link": "https://www.sec.gov/Archives/edgar/data/63908/000006390897000049/0000063908-97-000049-index.html",
        "finalLink": "https://www.sec.gov/Archives/edgar/data/63908/"
    },
    {
        "date": "1997-06-30",
        "symbol": "MCD",
        "reportedCurrency": "USD",
        "cik": "0000063908",
        "fillingDate": "1997-08-12",
        "acceptedDate": "1997-08-12 00:00:00",
        "calendarYear": "1997",
        "period": "Q2",
        "revenue": 2832600000,
        "costOfRevenue": 1596500000,
        "grossProfit": 1236100000,
        "grossProfitRatio": 0.4363835346,
        "researchAndDevelopmentExpenses": 0,
        "generalAndAdministrativeExpenses": 0,
        "sellingAndMarketingExpenses": 0,
        "sellingGeneralAndAdministrativeExpenses": 347200000,
        "otherExpenses": 194700000,
        "operatingExpenses": 541900000,
        "costAndExpenses": 2138400000,
        "interestIncome": 0,
        "interestExpense": 0,
        "depreciationAndAmortization": 194700000,
        "ebitda": 888900000,
        "ebitdaratio": 0.3138106333,
        "operatingIncome": 694200000,
        "operatingIncomeRatio": 0.2450751959,
        "totalOtherIncomeExpensesNet": -51100000,
        "incomeBeforeTax": 643100000,
        "incomeBeforeTaxRatio": 0.2270352326,
        "incomeTaxExpense": 204900000,
        "netIncome": 438200000,
        "netIncomeRatio": 0.1546988632,
        "eps": 0.32,
        "epsdiluted": 0.31,
        "weightedAverageShsOut": 1369375000,
        "weightedAverageShsOutDil": 1413548387,
        "link": "https://www.sec.gov/Archives/edgar/data/63908/000006390897000033/0000063908-97-000033-index.html",
        "finalLink": "https://www.sec.gov/Archives/edgar/data/63908/"
    },
    {
        "date": "1997-03-31",
        "symbol": "MCD",
        "reportedCurrency": "USD",
        "cik": "0000063908",
        "fillingDate": "1997-05-13",
        "acceptedDate": "1997-05-13 00:00:00",
        "calendarYear": "1997",
        "period": "Q1",
        "revenue": 2617600000,
        "costOfRevenue": 1483500000,
        "grossProfit": 1134100000,
        "grossProfitRatio": 0.4332594743,
        "researchAndDevelopmentExpenses": 0,
        "generalAndAdministrativeExpenses": 0,
        "sellingAndMarketingExpenses": 0,
        "sellingGeneralAndAdministrativeExpenses": 334000000,
        "otherExpenses": 191900000,
        "operatingExpenses": 525900000,
        "costAndExpenses": 2009400000,
        "interestIncome": 0,
        "interestExpense": 0,
        "depreciationAndAmortization": 191900000,
        "ebitda": 800100000,
        "ebitdaratio": 0.3056616748,
        "operatingIncome": 608200000,
        "operatingIncomeRatio": 0.2323502445,
        "totalOtherIncomeExpensesNet": -92500000,
        "incomeBeforeTax": 515700000,
        "incomeBeforeTaxRatio": 0.1970125306,
        "incomeTaxExpense": 171200000,
        "netIncome": 344500000,
        "netIncomeRatio": 0.1316091076,
        "eps": 0.25,
        "epsdiluted": 0.24,
        "weightedAverageShsOut": 1378000000,
        "weightedAverageShsOutDil": 1435416667,
        "link": "https://www.sec.gov/Archives/edgar/data/63908/000006390897000026/0000063908-97-000026-index.html",
        "finalLink": "https://www.sec.gov/Archives/edgar/data/63908/"
    },
    {
        "date": "1996-12-31",
        "symbol": "MCD",
        "reportedCurrency": "USD",
        "cik": "0000063908",
        "fillingDate": "1997-03-28",
        "acceptedDate": "1997-03-28 00:00:00",
        "calendarYear": "1996",
        "period": "Q4",
        "revenue": 2821600000,
        "costOfRevenue": 102800000,
        "grossProfit": 2718800000,
        "grossProfitRatio": 0.9635667706,
        "researchAndDevelopmentExpenses": 0,
        "generalAndAdministrativeExpenses": 0,
        "sellingAndMarketingExpenses": 0,
        "sellingGeneralAndAdministrativeExpenses": 1870700000,
        "otherExpenses": 196200000,
        "operatingExpenses": 2066900000,
        "costAndExpenses": 2169700000,
        "interestIncome": 0,
        "interestExpense": 0,
        "depreciationAndAmortization": 196200000,
        "ebitda": 848100000,
        "ebitdaratio": 0.3005741423,
        "operatingIncome": 651900000,
        "operatingIncomeRatio": 0.2310391267,
        "totalOtherIncomeExpensesNet": -128400000,
        "incomeBeforeTax": 523500000,
        "incomeBeforeTaxRatio": 0.1855330309,
        "incomeTaxExpense": 113500000,
        "netIncome": 410000000,
        "netIncomeRatio": 0.1453076269,
        "eps": 0.3,
        "epsdiluted": 0.3,
        "weightedAverageShsOut": 1353073171,
        "weightedAverageShsOutDil": 1378000000,
        "link": "https://www.sec.gov/Archives/edgar/data/63908/000006390897000007/0000063908-97-000007-index.html",
        "finalLink": "https://www.sec.gov/Archives/edgar/data/63908/"
    },
    {
        "date": "1996-09-30",
        "symbol": "MCD",
        "reportedCurrency": "USD",
        "cik": "0000063908",
        "fillingDate": "1996-11-13",
        "acceptedDate": "1996-11-13 00:00:00",
        "calendarYear": "1996",
        "period": "Q3",
        "revenue": 2773800000,
        "costOfRevenue": 1407000000,
        "grossProfit": 1366800000,
        "grossProfitRatio": 0.4927536232,
        "researchAndDevelopmentExpenses": 0,
        "generalAndAdministrativeExpenses": 0,
        "sellingAndMarketingExpenses": 0,
        "sellingGeneralAndAdministrativeExpenses": 490100000,
        "otherExpenses": 175100000,
        "operatingExpenses": 665200000,
        "costAndExpenses": 2072200000,
        "interestIncome": 0,
        "interestExpense": 0,
        "depreciationAndAmortization": 175100000,
        "ebitda": 876700000,
        "ebitdaratio": 0.3160646045,
        "operatingIncome": 701600000,
        "operatingIncomeRatio": 0.2529382075,
        "totalOtherIncomeExpensesNet": -51700000,
        "incomeBeforeTax": 649900000,
        "incomeBeforeTaxRatio": 0.2342995169,
        "incomeTaxExpense": 209300000,
        "netIncome": 440600000,
        "netIncomeRatio": 0.1588434638,
        "eps": 0.31,
        "epsdiluted": 0.31,
        "weightedAverageShsOut": 1421290323,
        "weightedAverageShsOutDil": 1421290323,
        "link": "https://www.sec.gov/Archives/edgar/data/63908/000006390896000051/0000063908-96-000051-index.html",
        "finalLink": "https://www.sec.gov/Archives/edgar/data/63908/"
    },
    {
        "date": "1996-06-30",
        "symbol": "MCD",
        "reportedCurrency": "USD",
        "cik": "0000063908",
        "fillingDate": "1996-08-12",
        "acceptedDate": "1996-08-12 00:00:00",
        "calendarYear": "1996",
        "period": "Q2",
        "revenue": 2665100000,
        "costOfRevenue": 1338100000,
        "grossProfit": 1327000000,
        "grossProfitRatio": 0.4979175265,
        "researchAndDevelopmentExpenses": 0,
        "generalAndAdministrativeExpenses": 0,
        "sellingAndMarketingExpenses": 0,
        "sellingGeneralAndAdministrativeExpenses": 467000000,
        "otherExpenses": 185000000,
        "operatingExpenses": 652000000,
        "costAndExpenses": 1990100000,
        "interestIncome": 0,
        "interestExpense": 0,
        "depreciationAndAmortization": 185000000,
        "ebitda": 860000000,
        "ebitdaratio": 0.3226895801,
        "operatingIncome": 675000000,
        "operatingIncomeRatio": 0.2532737984,
        "totalOtherIncomeExpensesNet": -49500000,
        "incomeBeforeTax": 625500000,
        "incomeBeforeTaxRatio": 0.2347003865,
        "incomeTaxExpense": 205100000,
        "netIncome": 420400000,
        "netIncomeRatio": 0.1577426738,
        "eps": 0.3,
        "epsdiluted": 0.29,
        "weightedAverageShsOut": 1378333333,
        "weightedAverageShsOutDil": 1425862069,
        "link": "https://www.sec.gov/Archives/edgar/data/63908/000006390896000042/0000063908-96-000042-index.html",
        "finalLink": "https://www.sec.gov/Archives/edgar/data/63908/"
    },
    {
        "date": "1996-03-31",
        "symbol": "MCD",
        "reportedCurrency": "USD",
        "cik": "0000063908",
        "fillingDate": "1996-05-09",
        "acceptedDate": "1996-05-09 00:00:00",
        "calendarYear": "1996",
        "period": "Q1",
        "revenue": 2426000000,
        "costOfRevenue": 1232600000,
        "grossProfit": 1193400000,
        "grossProfitRatio": 0.4919208574,
        "researchAndDevelopmentExpenses": 0,
        "generalAndAdministrativeExpenses": 0,
        "sellingAndMarketingExpenses": 0,
        "sellingGeneralAndAdministrativeExpenses": 448400000,
        "otherExpenses": 186600000,
        "operatingExpenses": 635000000,
        "costAndExpenses": 1867600000,
        "interestIncome": 0,
        "interestExpense": 0,
        "depreciationAndAmortization": 186600000,
        "ebitda": 745000000,
        "ebitdaratio": 0.3070898599,
        "operatingIncome": 558400000,
        "operatingIncomeRatio": 0.2301731245,
        "totalOtherIncomeExpensesNet": -106300000,
        "incomeBeforeTax": 452100000,
        "incomeBeforeTaxRatio": 0.1863561418,
        "incomeTaxExpense": 150500000,
        "netIncome": 301600000,
        "netIncomeRatio": 0.1243198681,
        "eps": 0.21,
        "epsdiluted": 0.21,
        "weightedAverageShsOut": 1403333333,
        "weightedAverageShsOutDil": 1403333333,
        "link": "https://www.sec.gov/Archives/edgar/data/63908/000095013196002064/0000950131-96-002064-index.html",
        "finalLink": "https://www.sec.gov/Archives/edgar/data/63908/"
    },
    {
        "date": "1995-12-31",
        "symbol": "MCD",
        "reportedCurrency": "USD",
        "cik": "0000063908",
        "fillingDate": "1996-03-28",
        "acceptedDate": "1996-03-28 00:00:00",
        "calendarYear": "1995",
        "period": "Q4",
        "revenue": 2585500000,
        "costOfRevenue": -304100000,
        "grossProfit": 2889600000,
        "grossProfitRatio": 1.1176174821,
        "researchAndDevelopmentExpenses": 0,
        "generalAndAdministrativeExpenses": 0,
        "sellingAndMarketingExpenses": 0,
        "sellingGeneralAndAdministrativeExpenses": 2072300000,
        "otherExpenses": 187200000,
        "operatingExpenses": 2259500000,
        "costAndExpenses": 1955400000,
        "interestIncome": 0,
        "interestExpense": 0,
        "depreciationAndAmortization": 187200000,
        "ebitda": 817300000,
        "ebitdaratio": 0.3161090698,
        "operatingIncome": 630100000,
        "operatingIncomeRatio": 0.2437052794,
        "totalOtherIncomeExpensesNet": -90500000,
        "incomeBeforeTax": 539600000,
        "incomeBeforeTaxRatio": 0.2087023787,
        "incomeTaxExpense": 172800000,
        "netIncome": 366800000,
        "netIncomeRatio": 0.1418681106,
        "eps": 0.26,
        "epsdiluted": 0.26,
        "weightedAverageShsOut": 1403333333,
        "weightedAverageShsOutDil": 1403333333,
        "link": "https://www.sec.gov/Archives/edgar/data/63908/000006390896000016/0000063908-96-000016-index.html",
        "finalLink": "https://www.sec.gov/Archives/edgar/data/63908/"
    },
    {
        "date": "1995-09-30",
        "symbol": "MCD",
        "reportedCurrency": "USD",
        "cik": "0000063908",
        "fillingDate": "1995-11-13",
        "acceptedDate": "1995-11-13 00:00:00",
        "calendarYear": "1995",
        "period": "Q3",
        "revenue": 2580100000,
        "costOfRevenue": 1403800000,
        "grossProfit": 1176300000,
        "grossProfitRatio": 0.4559125615,
        "researchAndDevelopmentExpenses": 0,
        "generalAndAdministrativeExpenses": 0,
        "sellingAndMarketingExpenses": 0,
        "sellingGeneralAndAdministrativeExpenses": 314100000,
        "otherExpenses": 175900000,
        "operatingExpenses": 490000000,
        "costAndExpenses": 1893800000,
        "interestIncome": 0,
        "interestExpense": 0,
        "depreciationAndAmortization": 175900000,
        "ebitda": 862200000,
        "ebitdaratio": 0.3341730941,
        "operatingIncome": 686300000,
        "operatingIncomeRatio": 0.265997442,
        "totalOtherIncomeExpensesNet": -76800000,
        "incomeBeforeTax": 609500000,
        "incomeBeforeTaxRatio": 0.2362311538,
        "incomeTaxExpense": 209400000,
        "netIncome": 400100000,
        "netIncomeRatio": 0.1550715089,
        "eps": 0.28,
        "epsdiluted": 0.28,
        "weightedAverageShsOut": 1400357143,
        "weightedAverageShsOutDil": 1400357143,
        "link": "https://www.sec.gov/Archives/edgar/data/63908/000006390895000037/0000063908-95-000037-index.html",
        "finalLink": "https://www.sec.gov/Archives/edgar/data/63908/"
    },
    {
        "date": "1995-06-30",
        "symbol": "MCD",
        "reportedCurrency": "USD",
        "cik": "0000063908",
        "fillingDate": "1995-08-11",
        "acceptedDate": "1995-08-11 00:00:00",
        "calendarYear": "1995",
        "period": "Q2",
        "revenue": 2467600000,
        "costOfRevenue": 1340400000,
        "grossProfit": 1127200000,
        "grossProfitRatio": 0.4568001297,
        "researchAndDevelopmentExpenses": 0,
        "generalAndAdministrativeExpenses": 0,
        "sellingAndMarketingExpenses": 0,
        "sellingGeneralAndAdministrativeExpenses": 305400000,
        "otherExpenses": 177100000,
        "operatingExpenses": 482500000,
        "costAndExpenses": 1822900000,
        "interestIncome": 0,
        "interestExpense": 0,
        "depreciationAndAmortization": 177100000,
        "ebitda": 821800000,
        "ebitdaratio": 0.3330361485,
        "operatingIncome": 644700000,
        "operatingIncomeRatio": 0.2612660075,
        "totalOtherIncomeExpensesNet": -59800000,
        "incomeBeforeTax": 584900000,
        "incomeBeforeTaxRatio": 0.2370319339,
        "incomeTaxExpense": 205200000,
        "netIncome": 379700000,
        "netIncomeRatio": 0.1538742098,
        "eps": 0.26,
        "epsdiluted": 0.26,
        "weightedAverageShsOut": 1414615385,
        "weightedAverageShsOutDil": 1414615385,
        "link": "https://www.sec.gov/Archives/edgar/data/63908/000006390895000025/0000063908-95-000025-index.html",
        "finalLink": "https://www.sec.gov/Archives/edgar/data/63908/"
    },
    {
        "date": "1995-03-31",
        "symbol": "MCD",
        "reportedCurrency": "USD",
        "cik": "0000063908",
        "fillingDate": "1995-05-12",
        "acceptedDate": "1995-05-12 00:00:00",
        "calendarYear": "1995",
        "period": "Q1",
        "revenue": 2161300000,
        "costOfRevenue": 1182600000,
        "grossProfit": 978700000,
        "grossProfitRatio": 0.4528293157,
        "researchAndDevelopmentExpenses": 0,
        "generalAndAdministrativeExpenses": 0,
        "sellingAndMarketingExpenses": 0,
        "sellingGeneralAndAdministrativeExpenses": 275400000,
        "otherExpenses": 168800000,
        "operatingExpenses": 444200000,
        "costAndExpenses": 1626800000,
        "interestIncome": 0,
        "interestExpense": 0,
        "depreciationAndAmortization": 168800000,
        "ebitda": 703300000,
        "ebitdaratio": 0.3254060056,
        "operatingIncome": 534500000,
        "operatingIncomeRatio": 0.2473048628,
        "totalOtherIncomeExpensesNet": -99400000,
        "incomeBeforeTax": 435100000,
        "incomeBeforeTaxRatio": 0.201314024,
        "incomeTaxExpense": 154400000,
        "netIncome": 280700000,
        "netIncomeRatio": 0.1298755379,
        "eps": 0.2,
        "epsdiluted": 0.2,
        "weightedAverageShsOut": 1344000000,
        "weightedAverageShsOutDil": 1344000000,
        "link": "https://www.sec.gov/Archives/edgar/data/63908/000006390895000014/0000063908-95-000014-index.html",
        "finalLink": "https://www.sec.gov/Archives/edgar/data/63908/"
    },
    {
        "date": "1994-12-31",
        "symbol": "MCD",
        "reportedCurrency": "USD",
        "cik": "0000063908",
        "fillingDate": "1995-03-29",
        "acceptedDate": "1995-03-29 00:00:00",
        "calendarYear": "1994",
        "period": "Q4",
        "revenue": 2270100000,
        "costOfRevenue": -248000000,
        "grossProfit": 2518100000,
        "grossProfitRatio": 1.1092462887,
        "researchAndDevelopmentExpenses": 0,
        "generalAndAdministrativeExpenses": 0,
        "sellingAndMarketingExpenses": 0,
        "sellingGeneralAndAdministrativeExpenses": 1768500000,
        "otherExpenses": 174400000,
        "operatingExpenses": 1942900000,
        "costAndExpenses": 1694900000,
        "interestIncome": 0,
        "interestExpense": 0,
        "depreciationAndAmortization": 174400000,
        "ebitda": 749600000,
        "ebitdaratio": 0.3302057178,
        "operatingIncome": 575200000,
        "operatingIncomeRatio": 0.2533809083,
        "totalOtherIncomeExpensesNet": -103600000,
        "incomeBeforeTax": 471600000,
        "incomeBeforeTaxRatio": 0.2077441522,
        "incomeTaxExpense": 162700000,
        "netIncome": 308900000,
        "netIncomeRatio": 0.1360733007,
        "eps": 0.23,
        "epsdiluted": 0.23,
        "weightedAverageShsOut": 1344000000,
        "weightedAverageShsOutDil": 1344000000,
        "link": "https://www.sec.gov/Archives/edgar/data/63908/000006390895000003/0000063908-95-000003-index.html",
        "finalLink": "https://www.sec.gov/Archives/edgar/data/63908/"
    },
    {
        "date": "1994-09-30",
        "symbol": "MCD",
        "reportedCurrency": "USD",
        "cik": "0000063908",
        "fillingDate": "1994-11-09",
        "acceptedDate": "1994-11-09 00:00:00",
        "calendarYear": "1994",
        "period": "Q3",
        "revenue": 2225400000,
        "costOfRevenue": 1185300000,
        "grossProfit": 1040100000,
        "grossProfitRatio": 0.4673766514,
        "researchAndDevelopmentExpenses": 0,
        "generalAndAdministrativeExpenses": 0,
        "sellingAndMarketingExpenses": 0,
        "sellingGeneralAndAdministrativeExpenses": 277100000,
        "otherExpenses": 157700000,
        "operatingExpenses": 434800000,
        "costAndExpenses": 1620100000,
        "interestIncome": 0,
        "interestExpense": 0,
        "depreciationAndAmortization": 157700000,
        "ebitda": 763000000,
        "ebitdaratio": 0.3428597106,
        "operatingIncome": 605300000,
        "operatingIncomeRatio": 0.2719960457,
        "totalOtherIncomeExpensesNet": -64200000,
        "incomeBeforeTax": 541100000,
        "incomeBeforeTaxRatio": 0.2431472994,
        "incomeTaxExpense": 191300000,
        "netIncome": 349800000,
        "netIncomeRatio": 0.1571852251,
        "eps": 0.24,
        "epsdiluted": 0.24,
        "weightedAverageShsOut": 1408333333,
        "weightedAverageShsOutDil": 1408333333,
        "link": "https://www.sec.gov/Archives/edgar/data/63908/000006390894000038/0000063908-94-000038-index.html",
        "finalLink": "https://www.sec.gov/Archives/edgar/data/63908/"
    },
    {
        "date": "1994-06-30",
        "symbol": "MCD",
        "reportedCurrency": "USD",
        "cik": "0000063908",
        "fillingDate": "1994-08-09",
        "acceptedDate": "1994-08-09 00:00:00",
        "calendarYear": "1994",
        "period": "Q2",
        "revenue": 2029300000,
        "costOfRevenue": 1085600000,
        "grossProfit": 943700000,
        "grossProfitRatio": 0.4650372049,
        "researchAndDevelopmentExpenses": 0,
        "generalAndAdministrativeExpenses": 0,
        "sellingAndMarketingExpenses": 0,
        "sellingGeneralAndAdministrativeExpenses": 257000000,
        "otherExpenses": 148600000,
        "operatingExpenses": 405600000,
        "costAndExpenses": 1491200000,
        "interestIncome": 0,
        "interestExpense": 0,
        "depreciationAndAmortization": 148600000,
        "ebitda": 686700000,
        "ebitdaratio": 0.3383925492,
        "operatingIncome": 538100000,
        "operatingIncomeRatio": 0.2651653279,
        "totalOtherIncomeExpensesNet": -41600000,
        "incomeBeforeTax": 496500000,
        "incomeBeforeTaxRatio": 0.2446656483,
        "incomeTaxExpense": 174200000,
        "netIncome": 322300000,
        "netIncomeRatio": 0.1588232395,
        "eps": 0.22,
        "epsdiluted": 0.22,
        "weightedAverageShsOut": 1411363636,
        "weightedAverageShsOutDil": 1411363636,
        "link": "https://www.sec.gov/Archives/edgar/data/63908/000006390894000032/0000063908-94-000032-index.html",
        "finalLink": "https://www.sec.gov/Archives/edgar/data/63908/"
    },
    {
        "date": "1994-03-31",
        "symbol": "MCD",
        "reportedCurrency": "USD",
        "cik": "0000063908",
        "fillingDate": "1994-05-10",
        "acceptedDate": "1994-05-10 00:00:00",
        "calendarYear": "1994",
        "period": "Q1",
        "revenue": 1796000000,
        "costOfRevenue": 969900000,
        "grossProfit": 826100000,
        "grossProfitRatio": 0.4599665924,
        "researchAndDevelopmentExpenses": 0,
        "generalAndAdministrativeExpenses": 0,
        "sellingAndMarketingExpenses": 0,
        "sellingGeneralAndAdministrativeExpenses": 239500000,
        "otherExpenses": 147900000,
        "operatingExpenses": 387400000,
        "costAndExpenses": 1357300000,
        "interestIncome": 0,
        "interestExpense": 0,
        "depreciationAndAmortization": 147900000,
        "ebitda": 586600000,
        "ebitdaratio": 0.3266146993,
        "operatingIncome": 438700000,
        "operatingIncomeRatio": 0.2442650334,
        "totalOtherIncomeExpensesNet": -61300000,
        "incomeBeforeTax": 377400000,
        "incomeBeforeTaxRatio": 0.2101336303,
        "incomeTaxExpense": 134000000,
        "netIncome": 243400000,
        "netIncomeRatio": 0.1355233853,
        "eps": 0.17,
        "epsdiluted": 0.16,
        "weightedAverageShsOut": 1415200000,
        "weightedAverageShsOutDil": 1458800000,
        "link": "https://www.sec.gov/Archives/edgar/data/63908/000006390894000022/0000063908-94-000022-index.html",
        "finalLink": "https://www.sec.gov/Archives/edgar/data/63908/"
    },
    {
        "date": "1993-12-31",
        "symbol": "MCD",
        "reportedCurrency": "USD",
        "cik": "0000063908",
        "fillingDate": "1994-06-29",
        "acceptedDate": "1994-06-29 00:00:00",
        "calendarYear": "1993",
        "period": "Q4",
        "revenue": 1931900000,
        "costOfRevenue": -258900000,
        "grossProfit": 2190800000,
        "grossProfitRatio": 1.1340131477,
        "researchAndDevelopmentExpenses": 0,
        "generalAndAdministrativeExpenses": 0,
        "sellingAndMarketingExpenses": 0,
        "sellingGeneralAndAdministrativeExpenses": 1547400000,
        "otherExpenses": 153300000,
        "operatingExpenses": 1700700000,
        "costAndExpenses": 1441800000,
        "interestIncome": 0,
        "interestExpense": 0,
        "depreciationAndAmortization": 153300000,
        "ebitda": 643400000,
        "ebitdaratio": 0.3330400124,
        "operatingIncome": 490100000,
        "operatingIncomeRatio": 0.2536880791,
        "totalOtherIncomeExpensesNet": -87100000,
        "incomeBeforeTax": 403000000,
        "incomeBeforeTaxRatio": 0.2086029298,
        "incomeTaxExpense": 138500000,
        "netIncome": 264500000,
        "netIncomeRatio": 0.1369118484,
        "eps": 0.19,
        "epsdiluted": 0.19,
        "weightedAverageShsOut": 1360000000,
        "weightedAverageShsOutDil": 1360000000,
        "link": "https://www.sec.gov/Archives/edgar/data/63908/000006390894000028/0000063908-94-000028-index.html",
        "finalLink": "https://www.sec.gov/Archives/edgar/data/63908/"
    },
    {
        "date": "1993-09-30",
        "symbol": "MCD",
        "reportedCurrency": "USD",
        "cik": "0000063908",
        "fillingDate": "1993-09-30",
        "acceptedDate": "1993-09-30 00:00:00",
        "calendarYear": "1993",
        "period": "Q3",
        "revenue": 1944300000,
        "costOfRevenue": 1028500000,
        "grossProfit": 915800000,
        "grossProfitRatio": 0.471017847,
        "researchAndDevelopmentExpenses": 0,
        "generalAndAdministrativeExpenses": 0,
        "sellingAndMarketingExpenses": 0,
        "sellingGeneralAndAdministrativeExpenses": 234600000,
        "otherExpenses": 144100000,
        "operatingExpenses": 378700000,
        "costAndExpenses": 1407200000,
        "interestIncome": 0,
        "interestExpense": 0,
        "depreciationAndAmortization": 144100000,
        "ebitda": 681200000,
        "ebitdaratio": 0.3503574551,
        "operatingIncome": 537100000,
        "operatingIncomeRatio": 0.2762433781,
        "totalOtherIncomeExpensesNet": -37400000,
        "incomeBeforeTax": 499700000,
        "incomeBeforeTaxRatio": 0.2570076634,
        "incomeTaxExpense": 188800000,
        "netIncome": 310900000,
        "netIncomeRatio": 0.1599033071,
        "eps": 0.22,
        "epsdiluted": 0.22,
        "weightedAverageShsOut": 1360000000,
        "weightedAverageShsOutDil": 1360000000,
        "link": null,
        "finalLink": null
    },
    {
        "date": "1993-06-30",
        "symbol": "MCD",
        "reportedCurrency": "USD",
        "cik": "0000063908",
        "fillingDate": "1993-06-30",
        "acceptedDate": "1993-06-30 00:00:00",
        "calendarYear": "1993",
        "period": "Q2",
        "revenue": 1877800000,
        "costOfRevenue": 1008700000,
        "grossProfit": 869100000,
        "grossProfitRatio": 0.4628288423,
        "researchAndDevelopmentExpenses": 0,
        "generalAndAdministrativeExpenses": 0,
        "sellingAndMarketingExpenses": 0,
        "sellingGeneralAndAdministrativeExpenses": 232500000,
        "otherExpenses": 134400000,
        "operatingExpenses": 366900000,
        "costAndExpenses": 1375600000,
        "interestIncome": 0,
        "interestExpense": 0,
        "depreciationAndAmortization": 134400000,
        "ebitda": 636600000,
        "ebitdaratio": 0.3390137395,
        "operatingIncome": 502200000,
        "operatingIncomeRatio": 0.267440622,
        "totalOtherIncomeExpensesNet": -62500000,
        "incomeBeforeTax": 439700000,
        "incomeBeforeTaxRatio": 0.2341569922,
        "incomeTaxExpense": 150900000,
        "netIncome": 288800000,
        "netIncomeRatio": 0.1537969965,
        "eps": 0.2,
        "epsdiluted": 0.2,
        "weightedAverageShsOut": 1384500000,
        "weightedAverageShsOutDil": 1384500000,
        "link": null,
        "finalLink": null
    },
    {
        "date": "1993-03-31",
        "symbol": "MCD",
        "reportedCurrency": "USD",
        "cik": "0000063908",
        "fillingDate": "1993-03-31",
        "acceptedDate": "1993-03-31 00:00:00",
        "calendarYear": "1993",
        "period": "Q1",
        "revenue": 1654100000,
        "costOfRevenue": 907100000,
        "grossProfit": 747000000,
        "grossProfitRatio": 0.4516051025,
        "researchAndDevelopmentExpenses": 0,
        "generalAndAdministrativeExpenses": 0,
        "sellingAndMarketingExpenses": 0,
        "sellingGeneralAndAdministrativeExpenses": 217800000,
        "otherExpenses": 136600000,
        "operatingExpenses": 354400000,
        "costAndExpenses": 1261500000,
        "interestIncome": 0,
        "interestExpense": 0,
        "depreciationAndAmortization": 136600000,
        "ebitda": 529200000,
        "ebitdaratio": 0.3199322895,
        "operatingIncome": 392600000,
        "operatingIncomeRatio": 0.2373496161,
        "totalOtherIncomeExpensesNet": -59300000,
        "incomeBeforeTax": 333300000,
        "incomeBeforeTaxRatio": 0.2014993048,
        "incomeTaxExpense": 115000000,
        "netIncome": 218300000,
        "netIncomeRatio": 0.1319750922,
        "eps": 0.15,
        "epsdiluted": 0.15,
        "weightedAverageShsOut": 1376666667,
        "weightedAverageShsOutDil": 1376666667,
        "link": null,
        "finalLink": null
    },
    {
        "date": "1992-12-31",
        "symbol": "MCD",
        "reportedCurrency": "USD",
        "cik": "0000063908",
        "fillingDate": "1992-12-31",
        "acceptedDate": "1992-12-31 00:00:00",
        "calendarYear": "1992",
        "period": "Q4",
        "revenue": 1828400000,
        "costOfRevenue": -1793300000,
        "grossProfit": 3621700000,
        "grossProfitRatio": 1.9808028878,
        "researchAndDevelopmentExpenses": 0,
        "generalAndAdministrativeExpenses": 0,
        "sellingAndMarketingExpenses": 0,
        "sellingGeneralAndAdministrativeExpenses": 3025900000,
        "otherExpenses": 141500000,
        "operatingExpenses": 3167400000,
        "costAndExpenses": 1374100000,
        "interestIncome": 0,
        "interestExpense": 0,
        "depreciationAndAmortization": 141500000,
        "ebitda": 595800000,
        "ebitdaratio": 0.3258586743,
        "operatingIncome": 454300000,
        "operatingIncomeRatio": 0.2484686064,
        "totalOtherIncomeExpensesNet": -110000000,
        "incomeBeforeTax": 344300000,
        "incomeBeforeTaxRatio": 0.1883067163,
        "incomeTaxExpense": 116400000,
        "netIncome": 227900000,
        "netIncomeRatio": 0.1246444979,
        "eps": 0.16,
        "epsdiluted": 0.16,
        "weightedAverageShsOut": 1424415385,
        "weightedAverageShsOutDil": 1446000000,
        "link": null,
        "finalLink": null
    },
    {
        "date": "1992-09-30",
        "symbol": "MCD",
        "reportedCurrency": "USD",
        "cik": "0000063908",
        "fillingDate": "1992-09-30",
        "acceptedDate": "1992-09-30 00:00:00",
        "calendarYear": "1992",
        "period": "Q3",
        "revenue": 1912500000,
        "costOfRevenue": 1039200000,
        "grossProfit": 873300000,
        "grossProfitRatio": 0.456627451,
        "researchAndDevelopmentExpenses": 0,
        "generalAndAdministrativeExpenses": 0,
        "sellingAndMarketingExpenses": 0,
        "sellingGeneralAndAdministrativeExpenses": 217100000,
        "otherExpenses": 143200000,
        "operatingExpenses": 360300000,
        "costAndExpenses": 1399500000,
        "interestIncome": 0,
        "interestExpense": 0,
        "depreciationAndAmortization": 143200000,
        "ebitda": 656200000,
        "ebitdaratio": 0.3431111111,
        "operatingIncome": 513000000,
        "operatingIncomeRatio": 0.2682352941,
        "totalOtherIncomeExpensesNet": -76100000,
        "incomeBeforeTax": 436900000,
        "incomeBeforeTaxRatio": 0.2284444444,
        "incomeTaxExpense": 147700000,
        "netIncome": 289200000,
        "netIncomeRatio": 0.1512156863,
        "eps": 0.2,
        "epsdiluted": 0.2,
        "weightedAverageShsOut": 1446000000,
        "weightedAverageShsOutDil": 1446000000,
        "link": null,
        "finalLink": null
    },
    {
        "date": "1992-06-30",
        "symbol": "MCD",
        "reportedCurrency": "USD",
        "cik": "0000063908",
        "fillingDate": "1992-06-30",
        "acceptedDate": "1992-06-30 00:00:00",
        "calendarYear": "1992",
        "period": "Q2",
        "revenue": 1774100000,
        "costOfRevenue": 980100000,
        "grossProfit": 794000000,
        "grossProfitRatio": 0.4475508709,
        "researchAndDevelopmentExpenses": 0,
        "generalAndAdministrativeExpenses": 0,
        "sellingAndMarketingExpenses": 0,
        "sellingGeneralAndAdministrativeExpenses": 209400000,
        "otherExpenses": 136600000,
        "operatingExpenses": 346000000,
        "costAndExpenses": 1326100000,
        "interestIncome": 0,
        "interestExpense": 0,
        "depreciationAndAmortization": 136600000,
        "ebitda": 584600000,
        "ebitdaratio": 0.3295191928,
        "operatingIncome": 448000000,
        "operatingIncomeRatio": 0.2525224057,
        "totalOtherIncomeExpensesNet": -64200000,
        "incomeBeforeTax": 383800000,
        "incomeBeforeTaxRatio": 0.2163350431,
        "incomeTaxExpense": 129700000,
        "netIncome": 254100000,
        "netIncomeRatio": 0.143227552,
        "eps": 0.18,
        "epsdiluted": 0.18,
        "weightedAverageShsOut": 1411666667,
        "weightedAverageShsOutDil": 1411666667,
        "link": null,
        "finalLink": null
    },
    {
        "date": "1992-03-31",
        "symbol": "MCD",
        "reportedCurrency": "USD",
        "cik": "0000063908",
        "fillingDate": "1992-03-31",
        "acceptedDate": "1992-03-31 00:00:00",
        "calendarYear": "1992",
        "period": "Q1",
        "revenue": 1618300000,
        "costOfRevenue": 907900000,
        "grossProfit": 710400000,
        "grossProfitRatio": 0.4389791757,
        "researchAndDevelopmentExpenses": 0,
        "generalAndAdministrativeExpenses": 0,
        "sellingAndMarketingExpenses": 0,
        "sellingGeneralAndAdministrativeExpenses": 194500000,
        "otherExpenses": 133600000,
        "operatingExpenses": 328100000,
        "costAndExpenses": 1236000000,
        "interestIncome": 0,
        "interestExpense": 0,
        "depreciationAndAmortization": 133600000,
        "ebitda": 515900000,
        "ebitdaratio": 0.3187913242,
        "operatingIncome": 382300000,
        "operatingIncomeRatio": 0.2362355558,
        "totalOtherIncomeExpensesNet": -99200000,
        "incomeBeforeTax": 283100000,
        "incomeBeforeTaxRatio": 0.1749366619,
        "incomeTaxExpense": 95700000,
        "netIncome": 187400000,
        "netIncomeRatio": 0.1158005314,
        "eps": 0.13,
        "epsdiluted": 0.13,
        "weightedAverageShsOut": 1441538462,
        "weightedAverageShsOutDil": 1441538462,
        "link": null,
        "finalLink": null
    },
    {
        "date": "1991-12-31",
        "symbol": "MCD",
        "reportedCurrency": "USD",
        "cik": "0000063908",
        "fillingDate": "1991-12-31",
        "acceptedDate": "1991-12-31 00:00:00",
        "calendarYear": "1991",
        "period": "Q4",
        "revenue": 1729800000,
        "costOfRevenue": -1724200000,
        "grossProfit": 3454000000,
        "grossProfitRatio": 1.9967626315,
        "researchAndDevelopmentExpenses": 0,
        "generalAndAdministrativeExpenses": 0,
        "sellingAndMarketingExpenses": 0,
        "sellingGeneralAndAdministrativeExpenses": 2916900000,
        "otherExpenses": 131600000,
        "operatingExpenses": 3048500000,
        "costAndExpenses": 1324300000,
        "interestIncome": 0,
        "interestExpense": 0,
        "depreciationAndAmortization": 131600000,
        "ebitda": 537100000,
        "ebitdaratio": 0.3104983235,
        "operatingIncome": 405500000,
        "operatingIncomeRatio": 0.2344201642,
        "totalOtherIncomeExpensesNet": -102600000,
        "incomeBeforeTax": 302900000,
        "incomeBeforeTaxRatio": 0.1751069488,
        "incomeTaxExpense": 102500000,
        "netIncome": 200400000,
        "netIncomeRatio": 0.1158515435,
        "eps": 0.14,
        "epsdiluted": 0.14,
        "weightedAverageShsOut": 1437222222,
        "weightedAverageShsOutDil": 1437222222,
        "link": null,
        "finalLink": null
    },
    {
        "date": "1991-09-30",
        "symbol": "MCD",
        "reportedCurrency": "USD",
        "cik": "0000063908",
        "fillingDate": "1991-09-30",
        "acceptedDate": "1991-09-30 00:00:00",
        "calendarYear": "1991",
        "period": "Q3",
        "revenue": 1736600000,
        "costOfRevenue": 963900000,
        "grossProfit": 772700000,
        "grossProfitRatio": 0.4449499021,
        "researchAndDevelopmentExpenses": 0,
        "generalAndAdministrativeExpenses": 0,
        "sellingAndMarketingExpenses": 0,
        "sellingGeneralAndAdministrativeExpenses": 203200000,
        "otherExpenses": 129200000,
        "operatingExpenses": 332400000,
        "costAndExpenses": 1296300000,
        "interestIncome": 0,
        "interestExpense": 0,
        "depreciationAndAmortization": 129200000,
        "ebitda": 569500000,
        "ebitdaratio": 0.3279396522,
        "operatingIncome": 440300000,
        "operatingIncomeRatio": 0.2535414027,
        "totalOtherIncomeExpensesNet": -50700000,
        "incomeBeforeTax": 389600000,
        "incomeBeforeTaxRatio": 0.224346424,
        "incomeTaxExpense": 130900000,
        "netIncome": 258700000,
        "netIncomeRatio": 0.1489692503,
        "eps": 0.18,
        "epsdiluted": 0.18,
        "weightedAverageShsOut": 1437222222,
        "weightedAverageShsOutDil": 1437222222,
        "link": null,
        "finalLink": null
    },
    {
        "date": "1991-06-30",
        "symbol": "MCD",
        "reportedCurrency": "USD",
        "cik": "0000063908",
        "fillingDate": "1991-06-30",
        "acceptedDate": "1991-06-30 00:00:00",
        "calendarYear": "1991",
        "period": "Q2",
        "revenue": 1670800000,
        "costOfRevenue": 953900000,
        "grossProfit": 716900000,
        "grossProfitRatio": 0.4290758918,
        "researchAndDevelopmentExpenses": 0,
        "generalAndAdministrativeExpenses": 0,
        "sellingAndMarketingExpenses": 0,
        "sellingGeneralAndAdministrativeExpenses": 198400000,
        "otherExpenses": 127200000,
        "operatingExpenses": 325600000,
        "costAndExpenses": 1279500000,
        "interestIncome": 0,
        "interestExpense": 0,
        "depreciationAndAmortization": 127200000,
        "ebitda": 518500000,
        "ebitdaratio": 0.3103303807,
        "operatingIncome": 391300000,
        "operatingIncomeRatio": 0.234199186,
        "totalOtherIncomeExpensesNet": -39800000,
        "incomeBeforeTax": 351500000,
        "incomeBeforeTaxRatio": 0.2103782619,
        "incomeTaxExpense": 119500000,
        "netIncome": 232000000,
        "netIncomeRatio": 0.138855638,
        "eps": 0.16,
        "epsdiluted": 0.16,
        "weightedAverageShsOut": 1450000000,
        "weightedAverageShsOutDil": 1450000000,
        "link": null,
        "finalLink": null
    },
    {
        "date": "1991-03-31",
        "symbol": "MCD",
        "reportedCurrency": "USD",
        "cik": "0000063908",
        "fillingDate": "1991-03-31",
        "acceptedDate": "1991-03-31 00:00:00",
        "calendarYear": "1991",
        "period": "Q1",
        "revenue": 1557800000,
        "costOfRevenue": 919700000,
        "grossProfit": 638100000,
        "grossProfitRatio": 0.4096161253,
        "researchAndDevelopmentExpenses": 0,
        "generalAndAdministrativeExpenses": 0,
        "sellingAndMarketingExpenses": 0,
        "sellingGeneralAndAdministrativeExpenses": 184300000,
        "otherExpenses": 126200000,
        "operatingExpenses": 310500000,
        "costAndExpenses": 1230200000,
        "interestIncome": 0,
        "interestExpense": 0,
        "depreciationAndAmortization": 126200000,
        "ebitda": 453800000,
        "ebitdaratio": 0.2913082552,
        "operatingIncome": 327600000,
        "operatingIncomeRatio": 0.2102965721,
        "totalOtherIncomeExpensesNet": -72200000,
        "incomeBeforeTax": 255400000,
        "incomeBeforeTaxRatio": 0.1639491591,
        "incomeTaxExpense": 86900000,
        "netIncome": 168500000,
        "netIncomeRatio": 0.1081653614,
        "eps": 0.12,
        "epsdiluted": 0.12,
        "weightedAverageShsOut": 1404166667,
        "weightedAverageShsOutDil": 1404166667,
        "link": null,
        "finalLink": null
    },
    {
        "date": "1990-12-31",
        "symbol": "MCD",
        "reportedCurrency": "USD",
        "cik": "0000063908",
        "fillingDate": "1990-12-31",
        "acceptedDate": "1990-12-31 00:00:00",
        "calendarYear": "1990",
        "period": "Q4",
        "revenue": 1589000000,
        "costOfRevenue": -1723700000,
        "grossProfit": 3312700000,
        "grossProfitRatio": 2.0847702958,
        "researchAndDevelopmentExpenses": 0,
        "generalAndAdministrativeExpenses": 0,
        "sellingAndMarketingExpenses": 0,
        "sellingGeneralAndAdministrativeExpenses": 2917600000,
        "otherExpenses": 134100000,
        "operatingExpenses": 3051700000,
        "costAndExpenses": 1328000000,
        "interestIncome": 0,
        "interestExpense": 0,
        "depreciationAndAmortization": 134100000,
        "ebitda": 395100000,
        "ebitdaratio": 0.2486469478,
        "operatingIncome": 261000000,
        "operatingIncomeRatio": 0.164254248,
        "totalOtherIncomeExpensesNet": 25500000,
        "incomeBeforeTax": 286500000,
        "incomeBeforeTaxRatio": 0.1803020768,
        "incomeTaxExpense": 100300000,
        "netIncome": 186200000,
        "netIncomeRatio": 0.1171806167,
        "eps": 0.13,
        "epsdiluted": 0.13,
        "weightedAverageShsOut": 1424705882,
        "weightedAverageShsOutDil": 1424705882,
        "link": null,
        "finalLink": null
    },
    {
        "date": "1990-09-30",
        "symbol": "MCD",
        "reportedCurrency": "USD",
        "cik": "0000063908",
        "fillingDate": "1990-09-30",
        "acceptedDate": "1990-09-30 00:00:00",
        "calendarYear": "1990",
        "period": "Q3",
        "revenue": 1816200000,
        "costOfRevenue": 1039100000,
        "grossProfit": 777100000,
        "grossProfitRatio": 0.4278713798,
        "researchAndDevelopmentExpenses": 0,
        "generalAndAdministrativeExpenses": 0,
        "sellingAndMarketingExpenses": 0,
        "sellingGeneralAndAdministrativeExpenses": 180100000,
        "otherExpenses": 123900000,
        "operatingExpenses": 304000000,
        "costAndExpenses": 1343100000,
        "interestIncome": 0,
        "interestExpense": 0,
        "depreciationAndAmortization": 123900000,
        "ebitda": 597000000,
        "ebitdaratio": 0.328708292,
        "operatingIncome": 473100000,
        "operatingIncomeRatio": 0.2604889329,
        "totalOtherIncomeExpensesNet": -97700000,
        "incomeBeforeTax": 375400000,
        "incomeBeforeTaxRatio": 0.2066952979,
        "incomeTaxExpense": 133200000,
        "netIncome": 242200000,
        "netIncomeRatio": 0.1333553573,
        "eps": 0.17,
        "epsdiluted": 0.17,
        "weightedAverageShsOut": 1424705882,
        "weightedAverageShsOutDil": 1424705882,
        "link": null,
        "finalLink": null
    },
    {
        "date": "1990-06-30",
        "symbol": "MCD",
        "reportedCurrency": "USD",
        "cik": "0000063908",
        "fillingDate": "1990-06-30",
        "acceptedDate": "1990-06-30 00:00:00",
        "calendarYear": "1990",
        "period": "Q2",
        "revenue": 1701300000,
        "costOfRevenue": 966300000,
        "grossProfit": 735000000,
        "grossProfitRatio": 0.432022571,
        "researchAndDevelopmentExpenses": 0,
        "generalAndAdministrativeExpenses": 0,
        "sellingAndMarketingExpenses": 0,
        "sellingGeneralAndAdministrativeExpenses": 186300000,
        "otherExpenses": 121400000,
        "operatingExpenses": 307700000,
        "costAndExpenses": 1274000000,
        "interestIncome": 0,
        "interestExpense": 0,
        "depreciationAndAmortization": 121400000,
        "ebitda": 548700000,
        "ebitdaratio": 0.3225180744,
        "operatingIncome": 427300000,
        "operatingIncomeRatio": 0.251160877,
        "totalOtherIncomeExpensesNet": -92700000,
        "incomeBeforeTax": 334600000,
        "incomeBeforeTaxRatio": 0.1966731323,
        "incomeTaxExpense": 118800000,
        "netIncome": 215800000,
        "netIncomeRatio": 0.126844178,
        "eps": 0.15,
        "epsdiluted": 0.15,
        "weightedAverageShsOut": 1438666667,
        "weightedAverageShsOutDil": 1438666667,
        "link": null,
        "finalLink": null
    },
    {
        "date": "1990-03-31",
        "symbol": "MCD",
        "reportedCurrency": "USD",
        "cik": "0000063908",
        "fillingDate": "1990-03-31",
        "acceptedDate": "1990-03-31 00:00:00",
        "calendarYear": "1990",
        "period": "Q1",
        "revenue": 1533100000,
        "costOfRevenue": 908400000,
        "grossProfit": 624700000,
        "grossProfitRatio": 0.4074750506,
        "researchAndDevelopmentExpenses": 0,
        "generalAndAdministrativeExpenses": 0,
        "sellingAndMarketingExpenses": 0,
        "sellingGeneralAndAdministrativeExpenses": 171500000,
        "otherExpenses": 113900000,
        "operatingExpenses": 285400000,
        "costAndExpenses": 1193800000,
        "interestIncome": 0,
        "interestExpense": 0,
        "depreciationAndAmortization": 113900000,
        "ebitda": 453200000,
        "ebitdaratio": 0.2956102016,
        "operatingIncome": 339300000,
        "operatingIncomeRatio": 0.2213162873,
        "totalOtherIncomeExpensesNet": -89500000,
        "incomeBeforeTax": 249800000,
        "incomeBeforeTaxRatio": 0.1629378384,
        "incomeTaxExpense": 91700000,
        "netIncome": 158100000,
        "netIncomeRatio": 0.1031243885,
        "eps": 0.11,
        "epsdiluted": 0.11,
        "weightedAverageShsOut": 1437272727,
        "weightedAverageShsOutDil": 1437272727,
        "link": null,
        "finalLink": null
    },
    {
        "date": "1989-12-31",
        "symbol": "MCD",
        "reportedCurrency": "USD",
        "cik": "0000063908",
        "fillingDate": "1989-12-31",
        "acceptedDate": "1989-12-31 00:00:00",
        "calendarYear": "1989",
        "period": "Q4",
        "revenue": 1580300000,
        "costOfRevenue": 942100000,
        "grossProfit": 638200000,
        "grossProfitRatio": 0.4038473708,
        "researchAndDevelopmentExpenses": 0,
        "generalAndAdministrativeExpenses": 0,
        "sellingAndMarketingExpenses": 0,
        "sellingGeneralAndAdministrativeExpenses": 177200000,
        "otherExpenses": 110700000,
        "operatingExpenses": 287900000,
        "costAndExpenses": 1230000000,
        "interestIncome": 0,
        "interestExpense": 0,
        "depreciationAndAmortization": 110700000,
        "ebitda": 461000000,
        "ebitdaratio": 0.2917167626,
        "operatingIncome": 350300000,
        "operatingIncomeRatio": 0.2216667721,
        "totalOtherIncomeExpensesNet": -79200000,
        "incomeBeforeTax": 271100000,
        "incomeBeforeTaxRatio": 0.1715497058,
        "incomeTaxExpense": 99700000,
        "netIncome": 171400000,
        "netIncomeRatio": 0.1084604189,
        "eps": 0.12,
        "epsdiluted": 0.12,
        "weightedAverageShsOut": 1452666667,
        "weightedAverageShsOutDil": 1452666667,
        "link": null,
        "finalLink": null
    },
    {
        "date": "1989-09-30",
        "symbol": "MCD",
        "reportedCurrency": "USD",
        "cik": "0000063908",
        "fillingDate": "1989-09-30",
        "acceptedDate": "1989-09-30 00:00:00",
        "calendarYear": "1989",
        "period": "Q3",
        "revenue": 1631800000,
        "costOfRevenue": 934200000,
        "grossProfit": 697600000,
        "grossProfitRatio": 0.4275033705,
        "researchAndDevelopmentExpenses": 0,
        "generalAndAdministrativeExpenses": 0,
        "sellingAndMarketingExpenses": 0,
        "sellingGeneralAndAdministrativeExpenses": 164600000,
        "otherExpenses": 110800000,
        "operatingExpenses": 275400000,
        "costAndExpenses": 1209600000,
        "interestIncome": 0,
        "interestExpense": 0,
        "depreciationAndAmortization": 110800000,
        "ebitda": 533000000,
        "ebitdaratio": 0.3266331658,
        "operatingIncome": 422200000,
        "operatingIncomeRatio": 0.2587326878,
        "totalOtherIncomeExpensesNet": -76800000,
        "incomeBeforeTax": 345400000,
        "incomeBeforeTaxRatio": 0.2116680966,
        "incomeTaxExpense": 127500000,
        "netIncome": 217900000,
        "netIncomeRatio": 0.1335335213,
        "eps": 0.15,
        "epsdiluted": 0.15,
        "weightedAverageShsOut": 1452666667,
        "weightedAverageShsOutDil": 1452666667,
        "link": null,
        "finalLink": null
    },
    {
        "date": "1989-06-30",
        "symbol": "MCD",
        "reportedCurrency": "USD",
        "cik": "0000063908",
        "fillingDate": "1989-06-30",
        "acceptedDate": "1989-06-29 20:00:00",
        "calendarYear": "1989",
        "period": "Q2",
        "revenue": 1548100000,
        "costOfRevenue": 886500000,
        "grossProfit": 661600000,
        "grossProfitRatio": 0.4273625735,
        "researchAndDevelopmentExpenses": 0,
        "generalAndAdministrativeExpenses": 0,
        "sellingAndMarketingExpenses": 0,
        "sellingGeneralAndAdministrativeExpenses": 166000000,
        "otherExpenses": 109000000,
        "operatingExpenses": 275000000,
        "costAndExpenses": 1161500000,
        "interestIncome": 0,
        "interestExpense": 0,
        "depreciationAndAmortization": 109000000,
        "ebitda": 495600000,
        "ebitdaratio": 0.3201343582,
        "operatingIncome": 386600000,
        "operatingIncomeRatio": 0.2497254699,
        "totalOtherIncomeExpensesNet": -73200000,
        "incomeBeforeTax": 313400000,
        "incomeBeforeTaxRatio": 0.2024417027,
        "incomeTaxExpense": 117400000,
        "netIncome": 196000000,
        "netIncomeRatio": 0.1266068083,
        "eps": 0.14,
        "epsdiluted": 0.14,
        "weightedAverageShsOut": 1400000000,
        "weightedAverageShsOutDil": 1400000000,
        "link": "",
        "finalLink": ""
    },
    {
        "date": "1989-03-31",
        "symbol": "MCD",
        "reportedCurrency": "USD",
        "cik": "0000063908",
        "fillingDate": "1989-03-31",
        "acceptedDate": "1989-03-30 19:00:00",
        "calendarYear": "1989",
        "period": "Q1",
        "revenue": 1381800000,
        "costOfRevenue": 0,
        "grossProfit": 0,
        "grossProfitRatio": 0,
        "researchAndDevelopmentExpenses": 0,
        "generalAndAdministrativeExpenses": 0,
        "sellingAndMarketingExpenses": 0,
        "sellingGeneralAndAdministrativeExpenses": 0,
        "otherExpenses": 1381800000,
        "operatingExpenses": 1381800000,
        "costAndExpenses": 1381800000,
        "interestIncome": 0,
        "interestExpense": 0,
        "depreciationAndAmortization": 0,
        "ebitda": 1381800000,
        "ebitdaratio": 1,
        "operatingIncome": 1381800000,
        "operatingIncomeRatio": 1,
        "totalOtherIncomeExpensesNet": -1381800000,
        "incomeBeforeTax": 0,
        "incomeBeforeTaxRatio": 0,
        "incomeTaxExpense": 0,
        "netIncome": 141700000,
        "netIncomeRatio": 0.1025474019,
        "eps": 0.1,
        "epsdiluted": 0.1,
        "weightedAverageShsOut": 1504344000,
        "weightedAverageShsOutDil": 1504344000,
        "link": "",
        "finalLink": ""
    },
    {
        "date": "1988-12-31",
        "symbol": "MCD",
        "reportedCurrency": "USD",
        "cik": "0000063908",
        "fillingDate": "1988-12-31",
        "acceptedDate": "1988-12-30 19:00:00",
        "calendarYear": "1988",
        "period": "Q4",
        "revenue": 1451300000,
        "costOfRevenue": 0,
        "grossProfit": 0,
        "grossProfitRatio": 0,
        "researchAndDevelopmentExpenses": 0,
        "generalAndAdministrativeExpenses": 0,
        "sellingAndMarketingExpenses": 0,
        "sellingGeneralAndAdministrativeExpenses": 0,
        "otherExpenses": 1451300000,
        "operatingExpenses": 1451300000,
        "costAndExpenses": 1451300000,
        "interestIncome": 0,
        "interestExpense": 0,
        "depreciationAndAmortization": 0,
        "ebitda": -2831300000,
        "ebitdaratio": -1.9508716323,
        "operatingIncome": -2831300000,
        "operatingIncomeRatio": -1.9508716323,
        "totalOtherIncomeExpensesNet": 2831300000,
        "incomeBeforeTax": 0,
        "incomeBeforeTaxRatio": 0,
        "incomeTaxExpense": 0,
        "netIncome": 151500000,
        "netIncomeRatio": 0.1043891683,
        "eps": 0.1008719599,
        "epsdiluted": 0.100645727,
        "weightedAverageShsOut": 1501904000,
        "weightedAverageShsOutDil": 1505280000,
        "link": "",
        "finalLink": ""
    },
    {
        "date": "1988-09-30",
        "symbol": "MCD",
        "reportedCurrency": "USD",
        "cik": "0000063908",
        "fillingDate": "1988-09-30",
        "acceptedDate": "1988-09-29 20:00:00",
        "calendarYear": "1988",
        "period": "Q3",
        "revenue": 1460700000,
        "costOfRevenue": 0,
        "grossProfit": 0,
        "grossProfitRatio": 0,
        "researchAndDevelopmentExpenses": 0,
        "generalAndAdministrativeExpenses": 0,
        "sellingAndMarketingExpenses": 0,
        "sellingGeneralAndAdministrativeExpenses": 0,
        "otherExpenses": 1460700000,
        "operatingExpenses": 1460700000,
        "costAndExpenses": 1460700000,
        "interestIncome": 0,
        "interestExpense": 0,
        "depreciationAndAmortization": 0,
        "ebitda": 1460700000,
        "ebitdaratio": 1,
        "operatingIncome": 1460700000,
        "operatingIncomeRatio": 1,
        "totalOtherIncomeExpensesNet": -1460700000,
        "incomeBeforeTax": 0,
        "incomeBeforeTaxRatio": 0,
        "incomeTaxExpense": 0,
        "netIncome": 191300000,
        "netIncomeRatio": 0.130964606,
        "eps": 0.13,
        "epsdiluted": 0.13,
        "weightedAverageShsOut": 1505280000,
        "weightedAverageShsOutDil": 1505280000,
        "link": "",
        "finalLink": ""
    },
    {
        "date": "1988-06-30",
        "symbol": "MCD",
        "reportedCurrency": "USD",
        "cik": "0000063908",
        "fillingDate": "1988-06-30",
        "acceptedDate": "1988-06-29 20:00:00",
        "calendarYear": "1988",
        "period": "Q2",
        "revenue": 1426000000,
        "costOfRevenue": 0,
        "grossProfit": 0,
        "grossProfitRatio": 0,
        "researchAndDevelopmentExpenses": 0,
        "generalAndAdministrativeExpenses": 0,
        "sellingAndMarketingExpenses": 0,
        "sellingGeneralAndAdministrativeExpenses": 0,
        "otherExpenses": 1426000000,
        "operatingExpenses": 1426000000,
        "costAndExpenses": 1426000000,
        "interestIncome": 0,
        "interestExpense": 0,
        "depreciationAndAmortization": 0,
        "ebitda": 1426000000,
        "ebitdaratio": 1,
        "operatingIncome": 1426000000,
        "operatingIncomeRatio": 1,
        "totalOtherIncomeExpensesNet": -1426000000,
        "incomeBeforeTax": 0,
        "incomeBeforeTaxRatio": 0,
        "incomeTaxExpense": 0,
        "netIncome": 177200000,
        "netIncomeRatio": 0.1242636746,
        "eps": 0.12,
        "epsdiluted": 0.12,
        "weightedAverageShsOut": 1508640000,
        "weightedAverageShsOutDil": 1508640000,
        "link": "",
        "finalLink": ""
    },
    {
        "date": "1988-03-31",
        "symbol": "MCD",
        "reportedCurrency": "USD",
        "cik": "0000063908",
        "fillingDate": "1988-03-31",
        "acceptedDate": "1988-03-30 19:00:00",
        "calendarYear": "1988",
        "period": "Q1",
        "revenue": 1228400000,
        "costOfRevenue": 0,
        "grossProfit": 0,
        "grossProfitRatio": 0,
        "researchAndDevelopmentExpenses": 0,
        "generalAndAdministrativeExpenses": 0,
        "sellingAndMarketingExpenses": 0,
        "sellingGeneralAndAdministrativeExpenses": 0,
        "otherExpenses": 1228400000,
        "operatingExpenses": 1228400000,
        "costAndExpenses": 1228400000,
        "interestIncome": 0,
        "interestExpense": 0,
        "depreciationAndAmortization": 0,
        "ebitda": 1228400000,
        "ebitdaratio": 1,
        "operatingIncome": 1228400000,
        "operatingIncomeRatio": 1,
        "totalOtherIncomeExpensesNet": -1228400000,
        "incomeBeforeTax": 0,
        "incomeBeforeTaxRatio": 0,
        "incomeTaxExpense": 0,
        "netIncome": 125800000,
        "netIncomeRatio": 0.1024096386,
        "eps": 0.09,
        "epsdiluted": 0.09,
        "weightedAverageShsOut": 1517208000,
        "weightedAverageShsOutDil": 1517208000,
        "link": "",
        "finalLink": ""
    },
    {
        "date": "1987-12-31",
        "symbol": "MCD",
        "reportedCurrency": "USD",
        "cik": "0000063908",
        "fillingDate": "1987-12-31",
        "acceptedDate": "1987-12-30 19:00:00",
        "calendarYear": "1987",
        "period": "Q4",
        "revenue": 1265800000,
        "costOfRevenue": 0,
        "grossProfit": 0,
        "grossProfitRatio": 0,
        "researchAndDevelopmentExpenses": 0,
        "generalAndAdministrativeExpenses": 0,
        "sellingAndMarketingExpenses": 0,
        "sellingGeneralAndAdministrativeExpenses": 0,
        "otherExpenses": 1265800000,
        "operatingExpenses": 1265800000,
        "costAndExpenses": 1265800000,
        "interestIncome": 0,
        "interestExpense": 0,
        "depreciationAndAmortization": 0,
        "ebitda": -2465900000,
        "ebitdaratio": -1.9480960657,
        "operatingIncome": -2465900000,
        "operatingIncomeRatio": -1.9480960657,
        "totalOtherIncomeExpensesNet": 2465900000,
        "incomeBeforeTax": 0,
        "incomeBeforeTaxRatio": 0,
        "incomeTaxExpense": 0,
        "netIncome": 133300000,
        "netIncomeRatio": 0.1053088956,
        "eps": 0.0882285974,
        "epsdiluted": 0.0878680174,
        "weightedAverageShsOut": 1510848000,
        "weightedAverageShsOutDil": 1517048000,
        "link": "",
        "finalLink": ""
    },
    {
        "date": "1987-09-30",
        "symbol": "MCD",
        "reportedCurrency": "USD",
        "cik": "0000063908",
        "fillingDate": "1987-09-30",
        "acceptedDate": "1987-09-29 20:00:00",
        "calendarYear": "1987",
        "period": "Q3",
        "revenue": 1313800000,
        "costOfRevenue": 0,
        "grossProfit": 0,
        "grossProfitRatio": 0,
        "researchAndDevelopmentExpenses": 0,
        "generalAndAdministrativeExpenses": 0,
        "sellingAndMarketingExpenses": 0,
        "sellingGeneralAndAdministrativeExpenses": 0,
        "otherExpenses": 1313800000,
        "operatingExpenses": 1313800000,
        "costAndExpenses": 1313800000,
        "interestIncome": 0,
        "interestExpense": 0,
        "depreciationAndAmortization": 0,
        "ebitda": 1313800000,
        "ebitdaratio": 1,
        "operatingIncome": 1313800000,
        "operatingIncomeRatio": 1,
        "totalOtherIncomeExpensesNet": -1313800000,
        "incomeBeforeTax": 0,
        "incomeBeforeTaxRatio": 0,
        "incomeTaxExpense": 0,
        "netIncome": 162300000,
        "netIncomeRatio": 0.1235347846,
        "eps": 0.11,
        "epsdiluted": 0.11,
        "weightedAverageShsOut": 1517048000,
        "weightedAverageShsOutDil": 1517048000,
        "link": "",
        "finalLink": ""
    },
    {
        "date": "1987-06-30",
        "symbol": "MCD",
        "reportedCurrency": "USD",
        "cik": "0000063908",
        "fillingDate": "1987-06-30",
        "acceptedDate": "1987-06-29 20:00:00",
        "calendarYear": "1987",
        "period": "Q2",
        "revenue": 1245600000,
        "costOfRevenue": 0,
        "grossProfit": 0,
        "grossProfitRatio": 0,
        "researchAndDevelopmentExpenses": 0,
        "generalAndAdministrativeExpenses": 0,
        "sellingAndMarketingExpenses": 0,
        "sellingGeneralAndAdministrativeExpenses": 0,
        "otherExpenses": 1245600000,
        "operatingExpenses": 1245600000,
        "costAndExpenses": 1245600000,
        "interestIncome": 0,
        "interestExpense": 0,
        "depreciationAndAmortization": 0,
        "ebitda": 1245600000,
        "ebitdaratio": 1,
        "operatingIncome": 1245600000,
        "operatingIncomeRatio": 1,
        "totalOtherIncomeExpensesNet": -1245600000,
        "incomeBeforeTax": 0,
        "incomeBeforeTaxRatio": 0,
        "incomeTaxExpense": 0,
        "netIncome": 147400000,
        "netIncomeRatio": 0.1183365446,
        "eps": 0.1,
        "epsdiluted": 0.1,
        "weightedAverageShsOut": 1518992000,
        "weightedAverageShsOutDil": 1518992000,
        "link": "",
        "finalLink": ""
    },
    {
        "date": "1987-03-31",
        "symbol": "MCD",
        "reportedCurrency": "USD",
        "cik": "0000063908",
        "fillingDate": "1987-03-31",
        "acceptedDate": "1987-03-30 19:00:00",
        "calendarYear": "1987",
        "period": "Q1",
        "revenue": 1068400000,
        "costOfRevenue": 0,
        "grossProfit": 0,
        "grossProfitRatio": 0,
        "researchAndDevelopmentExpenses": 0,
        "generalAndAdministrativeExpenses": 0,
        "sellingAndMarketingExpenses": 0,
        "sellingGeneralAndAdministrativeExpenses": 0,
        "otherExpenses": 1068400000,
        "operatingExpenses": 1068400000,
        "costAndExpenses": 1068400000,
        "interestIncome": 0,
        "interestExpense": 0,
        "depreciationAndAmortization": 0,
        "ebitda": 1068400000,
        "ebitdaratio": 1,
        "operatingIncome": 1068400000,
        "operatingIncomeRatio": 1,
        "totalOtherIncomeExpensesNet": -1068400000,
        "incomeBeforeTax": 0,
        "incomeBeforeTaxRatio": 0,
        "incomeTaxExpense": 0,
        "netIncome": 106000000,
        "netIncomeRatio": 0.0992137776,
        "eps": 0.07,
        "epsdiluted": 0.07,
        "weightedAverageShsOut": 1528192000,
        "weightedAverageShsOutDil": 1528192000,
        "link": "",
        "finalLink": ""
    },
    {
        "date": "1986-12-31",
        "symbol": "MCD",
        "reportedCurrency": "USD",
        "cik": "0000063908",
        "fillingDate": "1986-12-31",
        "acceptedDate": "1986-12-30 19:00:00",
        "calendarYear": "1986",
        "period": "Q4",
        "revenue": 991600000,
        "costOfRevenue": 0,
        "grossProfit": 0,
        "grossProfitRatio": 0,
        "researchAndDevelopmentExpenses": 0,
        "generalAndAdministrativeExpenses": 0,
        "sellingAndMarketingExpenses": 0,
        "sellingGeneralAndAdministrativeExpenses": 0,
        "otherExpenses": 991600000,
        "operatingExpenses": 991600000,
        "costAndExpenses": 991600000,
        "interestIncome": 0,
        "interestExpense": 0,
        "depreciationAndAmortization": 0,
        "ebitda": -2227600000,
        "ebitdaratio": -2.2464703509,
        "operatingIncome": -2227600000,
        "operatingIncomeRatio": -2.2464703509,
        "totalOtherIncomeExpensesNet": 2227600000,
        "incomeBeforeTax": 0,
        "incomeBeforeTaxRatio": 0,
        "incomeTaxExpense": 0,
        "netIncome": 113500000,
        "netIncomeRatio": 0.1144614764,
        "eps": 0.074738514,
        "epsdiluted": 0.074085775,
        "weightedAverageShsOut": 1518628000,
        "weightedAverageShsOutDil": 1532008000,
        "link": "",
        "finalLink": ""
    },
    {
        "date": "1986-09-30",
        "symbol": "MCD",
        "reportedCurrency": "USD",
        "cik": "0000063908",
        "fillingDate": "1986-09-30",
        "acceptedDate": "1986-09-29 20:00:00",
        "calendarYear": "1986",
        "period": "Q3",
        "revenue": 1133800000,
        "costOfRevenue": 0,
        "grossProfit": 0,
        "grossProfitRatio": 0,
        "researchAndDevelopmentExpenses": 0,
        "generalAndAdministrativeExpenses": 0,
        "sellingAndMarketingExpenses": 0,
        "sellingGeneralAndAdministrativeExpenses": 0,
        "otherExpenses": 1133800000,
        "operatingExpenses": 1133800000,
        "costAndExpenses": 1133800000,
        "interestIncome": 0,
        "interestExpense": 0,
        "depreciationAndAmortization": 0,
        "ebitda": 1133800000,
        "ebitdaratio": 1,
        "operatingIncome": 1133800000,
        "operatingIncomeRatio": 1,
        "totalOtherIncomeExpensesNet": -1133800000,
        "incomeBeforeTax": 0,
        "incomeBeforeTaxRatio": 0,
        "incomeTaxExpense": 0,
        "netIncome": 142300000,
        "netIncomeRatio": 0.1255071441,
        "eps": 0.1,
        "epsdiluted": 0.1,
        "weightedAverageShsOut": 1532008000,
        "weightedAverageShsOutDil": 1532008000,
        "link": "",
        "finalLink": ""
    },
    {
        "date": "1986-06-30",
        "symbol": "MCD",
        "reportedCurrency": "USD",
        "cik": "0000063908",
        "fillingDate": "1986-06-30",
        "acceptedDate": "1986-06-29 20:00:00",
        "calendarYear": "1986",
        "period": "Q2",
        "revenue": 1076800000,
        "costOfRevenue": 0,
        "grossProfit": 0,
        "grossProfitRatio": 0,
        "researchAndDevelopmentExpenses": 0,
        "generalAndAdministrativeExpenses": 0,
        "sellingAndMarketingExpenses": 0,
        "sellingGeneralAndAdministrativeExpenses": 0,
        "otherExpenses": 1076800000,
        "operatingExpenses": 1076800000,
        "costAndExpenses": 1076800000,
        "interestIncome": 0,
        "interestExpense": 0,
        "depreciationAndAmortization": 0,
        "ebitda": 1076800000,
        "ebitdaratio": 1,
        "operatingIncome": 1076800000,
        "operatingIncomeRatio": 1,
        "totalOtherIncomeExpensesNet": -1076800000,
        "incomeBeforeTax": 0,
        "incomeBeforeTaxRatio": 0,
        "incomeTaxExpense": 0,
        "netIncome": 129800000,
        "netIncomeRatio": 0.1205423477,
        "eps": 0.09,
        "epsdiluted": 0.09,
        "weightedAverageShsOut": 1533680000,
        "weightedAverageShsOutDil": 1533680000,
        "link": "",
        "finalLink": ""
    },
    {
        "date": "1986-03-31",
        "symbol": "MCD",
        "reportedCurrency": "USD",
        "cik": "0000063908",
        "fillingDate": "1986-03-31",
        "acceptedDate": "1986-03-30 19:00:00",
        "calendarYear": "1986",
        "period": "Q1",
        "revenue": 941400000,
        "costOfRevenue": 0,
        "grossProfit": 0,
        "grossProfitRatio": 0,
        "researchAndDevelopmentExpenses": 0,
        "generalAndAdministrativeExpenses": 0,
        "sellingAndMarketingExpenses": 0,
        "sellingGeneralAndAdministrativeExpenses": 0,
        "otherExpenses": 941400000,
        "operatingExpenses": 941400000,
        "costAndExpenses": 941400000,
        "interestIncome": 0,
        "interestExpense": 0,
        "depreciationAndAmortization": 0,
        "ebitda": 941400000,
        "ebitdaratio": 1,
        "operatingIncome": 941400000,
        "operatingIncomeRatio": 1,
        "totalOtherIncomeExpensesNet": -941400000,
        "incomeBeforeTax": 0,
        "incomeBeforeTaxRatio": 0,
        "incomeTaxExpense": 0,
        "netIncome": 94100000,
        "netIncomeRatio": 0.0999575101,
        "eps": 0.07,
        "epsdiluted": 0.07,
        "weightedAverageShsOut": 1540912000,
        "weightedAverageShsOutDil": 1540912000,
        "link": "",
        "finalLink": ""
    },
    {
        "date": "1985-12-31",
        "symbol": "MCD",
        "reportedCurrency": "USD",
        "cik": "0000063908",
        "fillingDate": "1985-12-31",
        "acceptedDate": "1985-12-30 19:00:00",
        "calendarYear": "1985",
        "period": "Q4",
        "revenue": 915900000,
        "costOfRevenue": 0,
        "grossProfit": 0,
        "grossProfitRatio": 0,
        "researchAndDevelopmentExpenses": 0,
        "generalAndAdministrativeExpenses": 0,
        "sellingAndMarketingExpenses": 0,
        "sellingGeneralAndAdministrativeExpenses": 0,
        "otherExpenses": 915900000,
        "operatingExpenses": 915900000,
        "costAndExpenses": 915900000,
        "interestIncome": 0,
        "interestExpense": 0,
        "depreciationAndAmortization": 0,
        "ebitda": -1921900000,
        "ebitdaratio": -2.0983731848,
        "operatingIncome": -1921900000,
        "operatingIncomeRatio": -2.0983731848,
        "totalOtherIncomeExpensesNet": 1921900000,
        "incomeBeforeTax": 0,
        "incomeBeforeTaxRatio": 0,
        "incomeTaxExpense": 0,
        "netIncome": 103500000,
        "netIncomeRatio": 0.113003603,
        "eps": 0.0671493635,
        "epsdiluted": 0.0670656479,
        "weightedAverageShsOut": 1541340000,
        "weightedAverageShsOutDil": 1543264000,
        "link": "",
        "finalLink": ""
    },
    {
        "date": "1985-09-30",
        "symbol": "MCD",
        "reportedCurrency": "USD",
        "cik": "0000063908",
        "fillingDate": "1985-09-30",
        "acceptedDate": "1985-09-29 20:00:00",
        "calendarYear": "1985",
        "period": "Q3",
        "revenue": 1014600000,
        "costOfRevenue": 0,
        "grossProfit": 0,
        "grossProfitRatio": 0,
        "researchAndDevelopmentExpenses": 0,
        "generalAndAdministrativeExpenses": 0,
        "sellingAndMarketingExpenses": 0,
        "sellingGeneralAndAdministrativeExpenses": 0,
        "otherExpenses": 1014600000,
        "operatingExpenses": 1014600000,
        "costAndExpenses": 1014600000,
        "interestIncome": 0,
        "interestExpense": 0,
        "depreciationAndAmortization": 0,
        "ebitda": 1014600000,
        "ebitdaratio": 1,
        "operatingIncome": 1014600000,
        "operatingIncomeRatio": 1,
        "totalOtherIncomeExpensesNet": -1014600000,
        "incomeBeforeTax": 0,
        "incomeBeforeTaxRatio": 0,
        "incomeTaxExpense": 0,
        "netIncome": 128100000,
        "netIncomeRatio": 0.1262566529,
        "eps": 0.09,
        "epsdiluted": 0.09,
        "weightedAverageShsOut": 1543264000,
        "weightedAverageShsOutDil": 1543264000,
        "link": "",
        "finalLink": ""
    }
]