[
    {
        "date": "2021-12-31",
        "symbol": "MF",
        "reportedCurrency": "CNY",
        "cik": "0001851682",
        "fillingDate": "2022-11-14",
        "acceptedDate": "2022-11-14 06:10:50",
        "calendarYear": "2021",
        "period": "Q4",
        "revenue": 1404896000,
        "costOfRevenue": 1175873000,
        "grossProfit": 229023000,
        "grossProfitRatio": 0.1630177607,
        "researchAndDevelopmentExpenses": 0,
        "generalAndAdministrativeExpenses": 850556000,
        "sellingAndMarketingExpenses": 174822000,
        "sellingGeneralAndAdministrativeExpenses": 1025378000,
        "otherExpenses": -9399000,
        "operatingExpenses": 1025378000,
        "costAndExpenses": 2201251000,
        "interestIncome": 0,
        "interestExpense": 0,
        "depreciationAndAmortization": -89457000,
        "ebitda": -885812000,
        "ebitdaratio": -0.6305178462,
        "operatingIncome": -796355000,
        "operatingIncomeRatio": -0.5668426702,
        "totalOtherIncomeExpensesNet": -36156000,
        "incomeBeforeTax": -832511000,
        "incomeBeforeTaxRatio": -0.592578383,
        "incomeTaxExpense": 3000,
        "netIncome": -832514000,
        "netIncomeRatio": -0.5925805184,
        "eps": -106.07,
        "epsdiluted": -106.07,
        "weightedAverageShsOut": 7848383,
        "weightedAverageShsOutDil": 7848383,
        "link": "https://www.sec.gov/Archives/edgar/data/1851682/000110465922117441/0001104659-22-117441-index.htm",
        "finalLink": "https://www.sec.gov/Archives/edgar/data/1851682/000110465922117441/mf-20211231x20f.htm"
    },
    {
        "date": "2021-09-30",
        "symbol": "MF",
        "reportedCurrency": "CNY",
        "cik": "0001851682",
        "fillingDate": "2021-11-12",
        "acceptedDate": "2021-11-12 16:07:32",
        "calendarYear": "2021",
        "period": "Q3",
        "revenue": 2121932000,
        "costOfRevenue": 1861290000,
        "grossProfit": 260642000,
        "grossProfitRatio": 0.1228323999,
        "researchAndDevelopmentExpenses": 0,
        "generalAndAdministrativeExpenses": 975166000,
        "sellingAndMarketingExpenses": 256208000,
        "sellingGeneralAndAdministrativeExpenses": 1231374000,
        "otherExpenses": 7241000,
        "operatingExpenses": 1231374000,
        "costAndExpenses": 3092664000,
        "interestIncome": 0,
        "interestExpense": 10025000,
        "depreciationAndAmortization": 7046000,
        "ebitda": -963686000,
        "ebitdaratio": -0.4541549871,
        "operatingIncome": -970732000,
        "operatingIncomeRatio": -0.4574755459,
        "totalOtherIncomeExpensesNet": -2979000,
        "incomeBeforeTax": -973711000,
        "incomeBeforeTaxRatio": -0.4588794551,
        "incomeTaxExpense": 15000,
        "netIncome": -973726000,
        "netIncomeRatio": -0.4588865242,
        "eps": -127.24,
        "epsdiluted": -127.24,
        "weightedAverageShsOut": 7652399,
        "weightedAverageShsOutDil": 7652399,
        "link": "https://www.sec.gov/Archives/edgar/data/1851682/000119312521328069/0001193125-21-328069-index.htm",
        "finalLink": "https://www.sec.gov/Archives/edgar/data/1851682/000119312521328069/d261276dex991.htm"
    },
    {
        "date": "2021-06-30",
        "symbol": "MF",
        "reportedCurrency": "CNY",
        "cik": "0001851682",
        "fillingDate": "2021-08-27",
        "acceptedDate": "2021-08-27 16:01:52",
        "calendarYear": "2021",
        "period": "Q2",
        "revenue": 1894480000,
        "costOfRevenue": 1752626000,
        "grossProfit": 141854000,
        "grossProfitRatio": 0.074877539,
        "researchAndDevelopmentExpenses": 0,
        "generalAndAdministrativeExpenses": 1330831000,
        "sellingAndMarketingExpenses": 304700000,
        "sellingGeneralAndAdministrativeExpenses": 1635531000,
        "otherExpenses": 6193000,
        "operatingExpenses": 1635531000,
        "costAndExpenses": 3388157000,
        "interestIncome": 0,
        "interestExpense": 14649000,
        "depreciationAndAmortization": 5998000,
        "ebitda": -1487679000,
        "ebitdaratio": -0.7852703644,
        "operatingIncome": -1493677000,
        "operatingIncomeRatio": -0.7884364047,
        "totalOtherIncomeExpensesNet": 60443000,
        "incomeBeforeTax": -1433234000,
        "incomeBeforeTaxRatio": -0.7565316076,
        "incomeTaxExpense": 15000,
        "netIncome": -1433249000,
        "netIncomeRatio": -0.7565395254,
        "eps": -911.05,
        "epsdiluted": -911.05,
        "weightedAverageShsOut": 1573179,
        "weightedAverageShsOutDil": 1573179,
        "link": "https://www.sec.gov/Archives/edgar/data/1851682/000119312521259325/0001193125-21-259325-index.htm",
        "finalLink": "https://www.sec.gov/Archives/edgar/data/1851682/000119312521259325/d170997dex991.htm"
    },
    {
        "date": "2021-03-31",
        "symbol": "MF",
        "reportedCurrency": "CNY",
        "cik": "0001851682",
        "fillingDate": "2021-03-31",
        "acceptedDate": "2021-03-31 00:00:00",
        "calendarYear": "2021",
        "period": "Q1",
        "revenue": 1530227000,
        "costOfRevenue": 1341249000,
        "grossProfit": 188978000,
        "grossProfitRatio": 0.12349671,
        "researchAndDevelopmentExpenses": 0,
        "generalAndAdministrativeExpenses": 621871000,
        "sellingAndMarketingExpenses": 167615000,
        "sellingGeneralAndAdministrativeExpenses": 789486000,
        "otherExpenses": -2772000,
        "operatingExpenses": 789486000,
        "costAndExpenses": 2130735000,
        "interestIncome": 0,
        "interestExpense": 0,
        "depreciationAndAmortization": 13839000,
        "ebitda": -586669000,
        "ebitdaratio": -0.3833869093,
        "operatingIncome": -600508000,
        "operatingIncomeRatio": -0.3924306655,
        "totalOtherIncomeExpensesNet": -9839000,
        "incomeBeforeTax": -610347000,
        "incomeBeforeTaxRatio": -0.3988604305,
        "incomeTaxExpense": 2000,
        "netIncome": -610349000,
        "netIncomeRatio": -0.3988617375,
        "eps": -77.77,
        "epsdiluted": -77.77,
        "weightedAverageShsOut": 7848383,
        "weightedAverageShsOutDil": 7848383,
        "link": null,
        "finalLink": null
    },
    {
        "date": "2020-12-31",
        "symbol": "MF",
        "reportedCurrency": "CNY",
        "cik": "0001851682",
        "fillingDate": "2020-12-31",
        "acceptedDate": "2020-12-31 00:00:00",
        "calendarYear": "2020",
        "period": "Q4",
        "revenue": 1653387000,
        "costOfRevenue": 1499867000,
        "grossProfit": 153520000,
        "grossProfitRatio": 0.0928518248,
        "researchAndDevelopmentExpenses": 0,
        "generalAndAdministrativeExpenses": 603597000,
        "sellingAndMarketingExpenses": 181117000,
        "sellingGeneralAndAdministrativeExpenses": 784714000,
        "otherExpenses": 0,
        "operatingExpenses": 784714000,
        "costAndExpenses": 2284581000,
        "interestIncome": 0,
        "interestExpense": 0,
        "depreciationAndAmortization": -13368000,
        "ebitda": -644562000,
        "ebitdaratio": -0.3898433942,
        "operatingIncome": -631194000,
        "operatingIncomeRatio": -0.3817581728,
        "totalOtherIncomeExpensesNet": -722000,
        "incomeBeforeTax": -631916000,
        "incomeBeforeTaxRatio": -0.3821948521,
        "incomeTaxExpense": 15221000,
        "netIncome": -647137000,
        "netIncomeRatio": -0.3914008033,
        "eps": -82.45,
        "epsdiluted": -82.45,
        "weightedAverageShsOut": 7848383,
        "weightedAverageShsOutDil": 7848383,
        "link": null,
        "finalLink": null
    },
    {
        "date": "2020-09-30",
        "symbol": "MF",
        "reportedCurrency": "CNY",
        "cik": "0001851682",
        "fillingDate": "2020-09-30",
        "acceptedDate": "2020-09-29 20:00:00",
        "calendarYear": "2020",
        "period": "Q3",
        "revenue": 1441187000,
        "costOfRevenue": 1202017000,
        "grossProfit": 239170000,
        "grossProfitRatio": 0.1659534814,
        "researchAndDevelopmentExpenses": 0,
        "generalAndAdministrativeExpenses": 557861000,
        "sellingAndMarketingExpenses": 170269000,
        "sellingGeneralAndAdministrativeExpenses": 728130000,
        "otherExpenses": 0,
        "operatingExpenses": 728130000,
        "costAndExpenses": 1930147000,
        "interestIncome": 0,
        "interestExpense": 13047000,
        "depreciationAndAmortization": 19231000,
        "ebitda": -469729000,
        "ebitdaratio": -0.3259320269,
        "operatingIncome": -488960000,
        "operatingIncomeRatio": -0.3392758886,
        "totalOtherIncomeExpensesNet": 6184000,
        "incomeBeforeTax": -482776000,
        "incomeBeforeTaxRatio": -0.3349849811,
        "incomeTaxExpense": 0,
        "netIncome": -482776000,
        "netIncomeRatio": -0.3349849811,
        "eps": -61.51,
        "epsdiluted": -61.51,
        "weightedAverageShsOut": 7848383,
        "weightedAverageShsOutDil": 7848383,
        "link": null,
        "finalLink": null
    },
    {
        "date": "2020-06-30",
        "symbol": "MF",
        "reportedCurrency": "CNY",
        "cik": "0001851682",
        "fillingDate": "2020-06-30",
        "acceptedDate": "2020-06-29 20:00:00",
        "calendarYear": "2020",
        "period": "Q2",
        "revenue": 1346048000,
        "costOfRevenue": 1059125000,
        "grossProfit": 286923000,
        "grossProfitRatio": 0.2131595604,
        "researchAndDevelopmentExpenses": 0,
        "generalAndAdministrativeExpenses": 484524000,
        "sellingAndMarketingExpenses": 139150000,
        "sellingGeneralAndAdministrativeExpenses": 623674000,
        "otherExpenses": 121000,
        "operatingExpenses": 623674000,
        "costAndExpenses": 1682799000,
        "interestIncome": 0,
        "interestExpense": 2993000,
        "depreciationAndAmortization": -73000,
        "ebitda": -336824000,
        "ebitdaratio": -0.2502317897,
        "operatingIncome": -336751000,
        "operatingIncomeRatio": -0.2501775568,
        "totalOtherIncomeExpensesNet": -3066000,
        "incomeBeforeTax": -339817000,
        "incomeBeforeTaxRatio": -0.2524553359,
        "incomeTaxExpense": 2993000,
        "netIncome": -339817000,
        "netIncomeRatio": -0.2524553359,
        "eps": -43.3,
        "epsdiluted": -43.3,
        "weightedAverageShsOut": 7848383,
        "weightedAverageShsOutDil": 7848383,
        "link": null,
        "finalLink": null
    },
    {
        "date": "2020-03-31",
        "symbol": "MF",
        "reportedCurrency": "CNY",
        "cik": "0001851682",
        "fillingDate": "2020-03-31",
        "acceptedDate": "2020-03-30 20:00:00",
        "calendarYear": "2020",
        "period": "Q1",
        "revenue": 1689815000,
        "costOfRevenue": 1179007000,
        "grossProfit": 510808000,
        "grossProfitRatio": 0.302286345,
        "researchAndDevelopmentExpenses": 0,
        "generalAndAdministrativeExpenses": 599169000,
        "sellingAndMarketingExpenses": 98656000,
        "sellingGeneralAndAdministrativeExpenses": 697825000,
        "otherExpenses": -5595000,
        "operatingExpenses": 697825000,
        "costAndExpenses": 1876832000,
        "interestIncome": 0,
        "interestExpense": 0,
        "depreciationAndAmortization": 41080000,
        "ebitda": -145937000,
        "ebitdaratio": -0.0863627083,
        "operatingIncome": -187017000,
        "operatingIncomeRatio": -0.1106730618,
        "totalOtherIncomeExpensesNet": -7648000,
        "incomeBeforeTax": -194665000,
        "incomeBeforeTaxRatio": -0.1151990011,
        "incomeTaxExpense": 1858000,
        "netIncome": -194665000,
        "netIncomeRatio": -0.1151990011,
        "eps": -24.8,
        "epsdiluted": -24.8,
        "weightedAverageShsOut": 7848383,
        "weightedAverageShsOutDil": 7848383,
        "link": null,
        "finalLink": null
    }
]