[
    {
        "date": "2023-03-31",
        "symbol": "MGI",
        "reportedCurrency": "USD",
        "cik": "0001273931",
        "fillingDate": "2023-04-28",
        "acceptedDate": "2023-04-28 17:04:51",
        "calendarYear": "2023",
        "period": "Q1",
        "revenue": 337500000,
        "costOfRevenue": 238900000,
        "grossProfit": 98600000,
        "grossProfitRatio": 0.2921481481,
        "researchAndDevelopmentExpenses": 0,
        "generalAndAdministrativeExpenses": 66400000,
        "sellingAndMarketingExpenses": 0,
        "sellingGeneralAndAdministrativeExpenses": 66400000,
        "otherExpenses": 12500000,
        "operatingExpenses": 78900000,
        "costAndExpenses": 317800000,
        "interestIncome": 0,
        "interestExpense": 15000000,
        "depreciationAndAmortization": 11500000,
        "ebitda": 31200000,
        "ebitdaratio": 0.0924444444,
        "operatingIncome": 19700000,
        "operatingIncomeRatio": 0.0583703704,
        "totalOtherIncomeExpensesNet": -16000000,
        "incomeBeforeTax": 3700000,
        "incomeBeforeTaxRatio": 0.010962963,
        "incomeTaxExpense": -1300000,
        "netIncome": 5000000,
        "netIncomeRatio": 0.0148148148,
        "eps": 0.0497,
        "epsdiluted": 0.0497,
        "weightedAverageShsOut": 100700000,
        "weightedAverageShsOutDil": 100700000,
        "link": "https://www.sec.gov/Archives/edgar/data/1273931/000127393123000071/0001273931-23-000071-index.htm",
        "finalLink": "https://www.sec.gov/Archives/edgar/data/1273931/000127393123000071/mgi-20230331.htm"
    },
    {
        "date": "2022-12-31",
        "symbol": "MGI",
        "reportedCurrency": "USD",
        "cik": "0001273931",
        "fillingDate": "2023-02-24",
        "acceptedDate": "2023-02-24 16:59:17",
        "calendarYear": "2022",
        "period": "Q4",
        "revenue": 342100000,
        "costOfRevenue": 237900000,
        "grossProfit": 104200000,
        "grossProfitRatio": 0.3045893014,
        "researchAndDevelopmentExpenses": 0,
        "generalAndAdministrativeExpenses": 15500000,
        "sellingAndMarketingExpenses": 0,
        "sellingGeneralAndAdministrativeExpenses": 15500000,
        "otherExpenses": 53600000,
        "operatingExpenses": 69100000,
        "costAndExpenses": 307000000,
        "interestIncome": 0,
        "interestExpense": 14200000,
        "depreciationAndAmortization": 12500000,
        "ebitda": 47600000,
        "ebitdaratio": 0.1391406022,
        "operatingIncome": 35100000,
        "operatingIncomeRatio": 0.1026015785,
        "totalOtherIncomeExpensesNet": -15400000,
        "incomeBeforeTax": 19700000,
        "incomeBeforeTaxRatio": 0.0575855013,
        "incomeTaxExpense": -2100000,
        "netIncome": 21800000,
        "netIncomeRatio": 0.0637240573,
        "eps": 0.23,
        "epsdiluted": 0.22,
        "weightedAverageShsOut": 96800000,
        "weightedAverageShsOutDil": 100300000,
        "link": "https://www.sec.gov/Archives/edgar/data/1273931/000127393123000039/0001273931-23-000039-index.htm",
        "finalLink": "https://www.sec.gov/Archives/edgar/data/1273931/000127393123000039/mgi-20221231.htm"
    },
    {
        "date": "2022-09-30",
        "symbol": "MGI",
        "reportedCurrency": "USD",
        "cik": "0001273931",
        "fillingDate": "2022-11-08",
        "acceptedDate": "2022-11-08 16:49:20",
        "calendarYear": "2022",
        "period": "Q3",
        "revenue": 330800000,
        "costOfRevenue": 230400000,
        "grossProfit": 100400000,
        "grossProfitRatio": 0.3035066505,
        "researchAndDevelopmentExpenses": 0,
        "generalAndAdministrativeExpenses": 63600000,
        "sellingAndMarketingExpenses": 0,
        "sellingGeneralAndAdministrativeExpenses": 63600000,
        "otherExpenses": 13700000,
        "operatingExpenses": 77300000,
        "costAndExpenses": 307700000,
        "interestIncome": 0,
        "interestExpense": 12200000,
        "depreciationAndAmortization": 12900000,
        "ebitda": 36000000,
        "ebitdaratio": 0.1088270859,
        "operatingIncome": 23100000,
        "operatingIncomeRatio": 0.0698307134,
        "totalOtherIncomeExpensesNet": -13000000,
        "incomeBeforeTax": 10100000,
        "incomeBeforeTaxRatio": 0.0305320435,
        "incomeTaxExpense": 5900000,
        "netIncome": 4200000,
        "netIncomeRatio": 0.0126964933,
        "eps": 0.04,
        "epsdiluted": 0.04,
        "weightedAverageShsOut": 96600000,
        "weightedAverageShsOutDil": 100100000,
        "link": "https://www.sec.gov/Archives/edgar/data/1273931/000127393122000107/0001273931-22-000107-index.htm",
        "finalLink": "https://www.sec.gov/Archives/edgar/data/1273931/000127393122000107/mgi-20220930.htm"
    },
    {
        "date": "2022-06-30",
        "symbol": "MGI",
        "reportedCurrency": "USD",
        "cik": "0001273931",
        "fillingDate": "2022-08-05",
        "acceptedDate": "2022-08-05 08:27:56",
        "calendarYear": "2022",
        "period": "Q2",
        "revenue": 329600000,
        "costOfRevenue": 232000000,
        "grossProfit": 97600000,
        "grossProfitRatio": 0.2961165049,
        "researchAndDevelopmentExpenses": 0,
        "generalAndAdministrativeExpenses": 68400000,
        "sellingAndMarketingExpenses": 0,
        "sellingGeneralAndAdministrativeExpenses": 68400000,
        "otherExpenses": 12100000,
        "operatingExpenses": 80500000,
        "costAndExpenses": 312500000,
        "interestIncome": 0,
        "interestExpense": 12100000,
        "depreciationAndAmortization": 11000000,
        "ebitda": 28100000,
        "ebitdaratio": 0.0852548544,
        "operatingIncome": 17100000,
        "operatingIncomeRatio": 0.051881068,
        "totalOtherIncomeExpensesNet": -13200000,
        "incomeBeforeTax": 3900000,
        "incomeBeforeTaxRatio": 0.0118325243,
        "incomeTaxExpense": 800000,
        "netIncome": 3100000,
        "netIncomeRatio": 0.0094053398,
        "eps": 0.0309,
        "epsdiluted": 0.0309,
        "weightedAverageShsOut": 96600000,
        "weightedAverageShsOutDil": 100200000,
        "link": "https://www.sec.gov/Archives/edgar/data/1273931/000127393122000097/0001273931-22-000097-index.htm",
        "finalLink": "https://www.sec.gov/Archives/edgar/data/1273931/000127393122000097/mgi-20220630.htm"
    },
    {
        "date": "2022-03-31",
        "symbol": "MGI",
        "reportedCurrency": "USD",
        "cik": "0001273931",
        "fillingDate": "2022-05-06",
        "acceptedDate": "2022-05-06 08:10:27",
        "calendarYear": "2022",
        "period": "Q1",
        "revenue": 307600000,
        "costOfRevenue": 217900000,
        "grossProfit": 89700000,
        "grossProfitRatio": 0.2916124837,
        "researchAndDevelopmentExpenses": 0,
        "generalAndAdministrativeExpenses": 59600000,
        "sellingAndMarketingExpenses": 0,
        "sellingGeneralAndAdministrativeExpenses": 59600000,
        "otherExpenses": 12200000,
        "operatingExpenses": 71800000,
        "costAndExpenses": 289700000,
        "interestIncome": 0,
        "interestExpense": 10900000,
        "depreciationAndAmortization": 11300000,
        "ebitda": 29200000,
        "ebitdaratio": 0.0949284785,
        "operatingIncome": 17900000,
        "operatingIncomeRatio": 0.0581924577,
        "totalOtherIncomeExpensesNet": -11800000,
        "incomeBeforeTax": 6100000,
        "incomeBeforeTaxRatio": 0.0198309493,
        "incomeTaxExpense": 1000000,
        "netIncome": 5100000,
        "netIncomeRatio": 0.016579974,
        "eps": 0.0513,
        "epsdiluted": 0.0513,
        "weightedAverageShsOut": 95700000,
        "weightedAverageShsOutDil": 99500000,
        "link": "https://www.sec.gov/Archives/edgar/data/1273931/000127393122000072/0001273931-22-000072-index.htm",
        "finalLink": "https://www.sec.gov/Archives/edgar/data/1273931/000127393122000072/mgi-20220331.htm"
    },
    {
        "date": "2021-12-31",
        "symbol": "MGI",
        "reportedCurrency": "USD",
        "cik": "0001273931",
        "fillingDate": "2022-02-25",
        "acceptedDate": "2022-02-25 16:30:29",
        "calendarYear": "2021",
        "period": "Q4",
        "revenue": 324600000,
        "costOfRevenue": 223400000,
        "grossProfit": 101200000,
        "grossProfitRatio": 0.3117683303,
        "researchAndDevelopmentExpenses": 0,
        "generalAndAdministrativeExpenses": 71100000,
        "sellingAndMarketingExpenses": 0,
        "sellingGeneralAndAdministrativeExpenses": 71100000,
        "otherExpenses": -900000,
        "operatingExpenses": 84600000,
        "costAndExpenses": 308000000,
        "interestIncome": 0,
        "interestExpense": 11700000,
        "depreciationAndAmortization": 13500000,
        "ebitda": 29200000,
        "ebitdaratio": 0.08995687,
        "operatingIncome": 16600000,
        "operatingIncomeRatio": 0.0511398644,
        "totalOtherIncomeExpensesNet": -12800000,
        "incomeBeforeTax": 3800000,
        "incomeBeforeTaxRatio": 0.011706716,
        "incomeTaxExpense": -400000,
        "netIncome": 4200000,
        "netIncomeRatio": 0.0129390018,
        "eps": 0.04,
        "epsdiluted": 0.04,
        "weightedAverageShsOut": 95600000,
        "weightedAverageShsOutDil": 99600000,
        "link": "https://www.sec.gov/Archives/edgar/data/1273931/000127393122000039/0001273931-22-000039-index.htm",
        "finalLink": "https://www.sec.gov/Archives/edgar/data/1273931/000127393122000039/mgi-20211231.htm"
    },
    {
        "date": "2021-09-30",
        "symbol": "MGI",
        "reportedCurrency": "USD",
        "cik": "0001273931",
        "fillingDate": "2021-10-29",
        "acceptedDate": "2021-10-29 16:08:40",
        "calendarYear": "2021",
        "period": "Q3",
        "revenue": 319600000,
        "costOfRevenue": 224300000,
        "grossProfit": 95300000,
        "grossProfitRatio": 0.2981852315,
        "researchAndDevelopmentExpenses": 0,
        "generalAndAdministrativeExpenses": 54400000,
        "sellingAndMarketingExpenses": 0,
        "sellingGeneralAndAdministrativeExpenses": 54400000,
        "otherExpenses": -1000000,
        "operatingExpenses": 68500000,
        "costAndExpenses": 292800000,
        "interestIncome": 0,
        "interestExpense": 13000000,
        "depreciationAndAmortization": 14100000,
        "ebitda": 6300000,
        "ebitdaratio": 0.0197121402,
        "operatingIncome": 26800000,
        "operatingIncomeRatio": 0.0838548185,
        "totalOtherIncomeExpensesNet": -47600000,
        "incomeBeforeTax": -20800000,
        "incomeBeforeTaxRatio": -0.0650813517,
        "incomeTaxExpense": -5200000,
        "netIncome": -15600000,
        "netIncomeRatio": -0.0488110138,
        "eps": -0.16,
        "epsdiluted": -0.16,
        "weightedAverageShsOut": 96000000,
        "weightedAverageShsOutDil": 96000000,
        "link": "https://www.sec.gov/Archives/edgar/data/1273931/000127393121000149/0001273931-21-000149-index.htm",
        "finalLink": "https://www.sec.gov/Archives/edgar/data/1273931/000127393121000149/mgi-20210930.htm"
    },
    {
        "date": "2021-06-30",
        "symbol": "MGI",
        "reportedCurrency": "USD",
        "cik": "0001273931",
        "fillingDate": "2021-07-30",
        "acceptedDate": "2021-07-30 16:20:16",
        "calendarYear": "2021",
        "period": "Q2",
        "revenue": 329300000,
        "costOfRevenue": 236700000,
        "grossProfit": 92600000,
        "grossProfitRatio": 0.2812025509,
        "researchAndDevelopmentExpenses": 0,
        "generalAndAdministrativeExpenses": 56600000,
        "sellingAndMarketingExpenses": 0,
        "sellingGeneralAndAdministrativeExpenses": 56600000,
        "otherExpenses": -800000,
        "operatingExpenses": 70700000,
        "costAndExpenses": 307400000,
        "interestIncome": 0,
        "interestExpense": 22500000,
        "depreciationAndAmortization": 14100000,
        "ebitda": 35200000,
        "ebitdaratio": 0.1068934103,
        "operatingIncome": 21900000,
        "operatingIncomeRatio": 0.066504707,
        "totalOtherIncomeExpensesNet": -33600000,
        "incomeBeforeTax": -11700000,
        "incomeBeforeTaxRatio": -0.0355299119,
        "incomeTaxExpense": -600000,
        "netIncome": -11100000,
        "netIncomeRatio": -0.0337078652,
        "eps": -0.13,
        "epsdiluted": -0.13,
        "weightedAverageShsOut": 87200000,
        "weightedAverageShsOutDil": 87200000,
        "link": "https://www.sec.gov/Archives/edgar/data/1273931/000127393121000127/0001273931-21-000127-index.htm",
        "finalLink": "https://www.sec.gov/Archives/edgar/data/1273931/000127393121000127/mgi-20210630.htm"
    },
    {
        "date": "2021-03-31",
        "symbol": "MGI",
        "reportedCurrency": "USD",
        "cik": "0001273931",
        "fillingDate": "2021-05-07",
        "acceptedDate": "2021-05-07 16:08:13",
        "calendarYear": "2021",
        "period": "Q1",
        "revenue": 310100000,
        "costOfRevenue": 227500000,
        "grossProfit": 82600000,
        "grossProfitRatio": 0.2663656885,
        "researchAndDevelopmentExpenses": 0,
        "generalAndAdministrativeExpenses": 58900000,
        "sellingAndMarketingExpenses": 0,
        "sellingGeneralAndAdministrativeExpenses": 58900000,
        "otherExpenses": -1000000,
        "operatingExpenses": 74200000,
        "costAndExpenses": 301700000,
        "interestIncome": 0,
        "interestExpense": 22300000,
        "depreciationAndAmortization": 15300000,
        "ebitda": 22700000,
        "ebitdaratio": 0.0732021928,
        "operatingIncome": 8400000,
        "operatingIncomeRatio": 0.0270880361,
        "totalOtherIncomeExpensesNet": -23300000,
        "incomeBeforeTax": -14900000,
        "incomeBeforeTaxRatio": -0.0480490164,
        "incomeTaxExpense": 500000,
        "netIncome": -15400000,
        "netIncomeRatio": -0.0496613995,
        "eps": -0.19,
        "epsdiluted": -0.19,
        "weightedAverageShsOut": 79600000,
        "weightedAverageShsOutDil": 79600000,
        "link": "https://www.sec.gov/Archives/edgar/data/1273931/000127393121000104/0001273931-21-000104-index.htm",
        "finalLink": "https://www.sec.gov/Archives/edgar/data/1273931/000127393121000104/mgi-20210331.htm"
    },
    {
        "date": "2020-12-31",
        "symbol": "MGI",
        "reportedCurrency": "USD",
        "cik": "0001273931",
        "fillingDate": "2021-02-22",
        "acceptedDate": "2021-02-22 17:01:52",
        "calendarYear": "2020",
        "period": "Q4",
        "revenue": 323300000,
        "costOfRevenue": 232100000,
        "grossProfit": 91200000,
        "grossProfitRatio": 0.2820909372,
        "researchAndDevelopmentExpenses": 0,
        "generalAndAdministrativeExpenses": 44700000,
        "sellingAndMarketingExpenses": 0,
        "sellingGeneralAndAdministrativeExpenses": 44700000,
        "otherExpenses": -1100000,
        "operatingExpenses": 59900000,
        "costAndExpenses": 292000000,
        "interestIncome": 0,
        "interestExpense": 22900000,
        "depreciationAndAmortization": 15200000,
        "ebitda": 45400000,
        "ebitdaratio": 0.1404268481,
        "operatingIncome": 31300000,
        "operatingIncomeRatio": 0.0968141045,
        "totalOtherIncomeExpensesNet": -24000000,
        "incomeBeforeTax": 7300000,
        "incomeBeforeTaxRatio": 0.0225796474,
        "incomeTaxExpense": 0,
        "netIncome": 7300000,
        "netIncomeRatio": 0.0225796474,
        "eps": 0.09,
        "epsdiluted": 0.08,
        "weightedAverageShsOut": 77900000,
        "weightedAverageShsOutDil": 88800000,
        "link": "https://www.sec.gov/Archives/edgar/data/1273931/000127393121000021/0001273931-21-000021-index.htm",
        "finalLink": "https://www.sec.gov/Archives/edgar/data/1273931/000127393121000021/mgi-20201231.htm"
    },
    {
        "date": "2020-09-30",
        "symbol": "MGI",
        "reportedCurrency": "USD",
        "cik": "0001273931",
        "fillingDate": "2020-10-30",
        "acceptedDate": "2020-10-30 16:46:01",
        "calendarYear": "2020",
        "period": "Q3",
        "revenue": 323200000,
        "costOfRevenue": 230800000,
        "grossProfit": 92400000,
        "grossProfitRatio": 0.2858910891,
        "researchAndDevelopmentExpenses": 0,
        "generalAndAdministrativeExpenses": 39900000,
        "sellingAndMarketingExpenses": 0,
        "sellingGeneralAndAdministrativeExpenses": 39900000,
        "otherExpenses": -1100000,
        "operatingExpenses": 55800000,
        "costAndExpenses": 286600000,
        "interestIncome": 0,
        "interestExpense": 23000000,
        "depreciationAndAmortization": 15900000,
        "ebitda": 51400000,
        "ebitdaratio": 0.1590346535,
        "operatingIncome": 36600000,
        "operatingIncomeRatio": 0.1132425743,
        "totalOtherIncomeExpensesNet": -24100000,
        "incomeBeforeTax": 12500000,
        "incomeBeforeTaxRatio": 0.0386757426,
        "incomeTaxExpense": 1600000,
        "netIncome": 10900000,
        "netIncomeRatio": 0.0337252475,
        "eps": 0.14,
        "epsdiluted": 0.12,
        "weightedAverageShsOut": 77900000,
        "weightedAverageShsOutDil": 88700000,
        "link": "https://www.sec.gov/Archives/edgar/data/1273931/000127393120000120/0001273931-20-000120-index.htm",
        "finalLink": "https://www.sec.gov/Archives/edgar/data/1273931/000127393120000120/mgi-20200930.htm"
    },
    {
        "date": "2020-06-30",
        "symbol": "MGI",
        "reportedCurrency": "USD",
        "cik": "0001273931",
        "fillingDate": "2020-07-31",
        "acceptedDate": "2020-07-31 16:44:01",
        "calendarYear": "2020",
        "period": "Q2",
        "revenue": 279800000,
        "costOfRevenue": 206100000,
        "grossProfit": 73700000,
        "grossProfitRatio": 0.2634024303,
        "researchAndDevelopmentExpenses": 0,
        "generalAndAdministrativeExpenses": 35500000,
        "sellingAndMarketingExpenses": 0,
        "sellingGeneralAndAdministrativeExpenses": 35500000,
        "otherExpenses": -1200000,
        "operatingExpenses": 51700000,
        "costAndExpenses": 257800000,
        "interestIncome": 0,
        "interestExpense": 22700000,
        "depreciationAndAmortization": 16200000,
        "ebitda": 37000000,
        "ebitdaratio": 0.1322373124,
        "operatingIncome": 22000000,
        "operatingIncomeRatio": 0.0786275911,
        "totalOtherIncomeExpensesNet": -23900000,
        "incomeBeforeTax": -1900000,
        "incomeBeforeTaxRatio": -0.0067905647,
        "incomeTaxExpense": 2700000,
        "netIncome": -4600000,
        "netIncomeRatio": -0.0164403145,
        "eps": -0.0591,
        "epsdiluted": -0.0591,
        "weightedAverageShsOut": 77800000,
        "weightedAverageShsOutDil": 77800000,
        "link": "https://www.sec.gov/Archives/edgar/data/1273931/000127393120000102/0001273931-20-000102-index.htm",
        "finalLink": "https://www.sec.gov/Archives/edgar/data/1273931/000127393120000102/mgi-20200630.htm"
    },
    {
        "date": "2020-03-31",
        "symbol": "MGI",
        "reportedCurrency": "USD",
        "cik": "0001273931",
        "fillingDate": "2020-05-01",
        "acceptedDate": "2020-05-01 16:58:14",
        "calendarYear": "2020",
        "period": "Q1",
        "revenue": 290900000,
        "costOfRevenue": 207800000,
        "grossProfit": 83100000,
        "grossProfitRatio": 0.285665177,
        "researchAndDevelopmentExpenses": 0,
        "generalAndAdministrativeExpenses": 52900000,
        "sellingAndMarketingExpenses": 0,
        "sellingGeneralAndAdministrativeExpenses": 52900000,
        "otherExpenses": -1100000,
        "operatingExpenses": 70000000,
        "costAndExpenses": 277800000,
        "interestIncome": 0,
        "interestExpense": 23800000,
        "depreciationAndAmortization": 17100000,
        "ebitda": 29100000,
        "ebitdaratio": 0.1000343761,
        "operatingIncome": 13100000,
        "operatingIncomeRatio": 0.0450326573,
        "totalOtherIncomeExpensesNet": -24900000,
        "incomeBeforeTax": -11800000,
        "incomeBeforeTaxRatio": -0.0405637676,
        "incomeTaxExpense": 9700000,
        "netIncome": -21500000,
        "netIncomeRatio": -0.0739085596,
        "eps": -0.28,
        "epsdiluted": -0.28,
        "weightedAverageShsOut": 77400000,
        "weightedAverageShsOutDil": 77400000,
        "link": "https://www.sec.gov/Archives/edgar/data/1273931/000127393120000073/0001273931-20-000073-index.htm",
        "finalLink": "https://www.sec.gov/Archives/edgar/data/1273931/000127393120000073/mgi-20200331.htm"
    },
    {
        "date": "2019-12-31",
        "symbol": "MGI",
        "reportedCurrency": "USD",
        "cik": "0001273931",
        "fillingDate": "2020-02-28",
        "acceptedDate": "2020-02-28 07:49:18",
        "calendarYear": "2019",
        "period": "Q4",
        "revenue": 323700000,
        "costOfRevenue": 232700000,
        "grossProfit": 91000000,
        "grossProfitRatio": 0.281124498,
        "researchAndDevelopmentExpenses": 0,
        "generalAndAdministrativeExpenses": 59900000,
        "sellingAndMarketingExpenses": 0,
        "sellingGeneralAndAdministrativeExpenses": 59900000,
        "otherExpenses": -1200000,
        "operatingExpenses": 78300000,
        "costAndExpenses": 311000000,
        "interestIncome": 0,
        "interestExpense": 24300000,
        "depreciationAndAmortization": 18400000,
        "ebitda": 29900000,
        "ebitdaratio": 0.0923694779,
        "operatingIncome": 12700000,
        "operatingIncomeRatio": 0.0392338585,
        "totalOtherIncomeExpensesNet": -25500000,
        "incomeBeforeTax": -12800000,
        "incomeBeforeTaxRatio": -0.0395427865,
        "incomeTaxExpense": -900000,
        "netIncome": -11900000,
        "netIncomeRatio": -0.0367624344,
        "eps": -0.16,
        "epsdiluted": -0.16,
        "weightedAverageShsOut": 76700000,
        "weightedAverageShsOutDil": 76700000,
        "link": "https://www.sec.gov/Archives/edgar/data/1273931/000127393120000036/0001273931-20-000036-index.htm",
        "finalLink": "https://www.sec.gov/Archives/edgar/data/1273931/000127393120000036/mgi201910-k.htm"
    },
    {
        "date": "2019-09-30",
        "symbol": "MGI",
        "reportedCurrency": "USD",
        "cik": "0001273931",
        "fillingDate": "2019-11-06",
        "acceptedDate": "2019-11-06 15:24:55",
        "calendarYear": "2019",
        "period": "Q3",
        "revenue": 324600000,
        "costOfRevenue": 216300000,
        "grossProfit": 108300000,
        "grossProfitRatio": 0.3336414048,
        "researchAndDevelopmentExpenses": 0,
        "generalAndAdministrativeExpenses": 73700000,
        "sellingAndMarketingExpenses": 0,
        "sellingGeneralAndAdministrativeExpenses": 73700000,
        "otherExpenses": -1200000,
        "operatingExpenses": 91900000,
        "costAndExpenses": 308200000,
        "interestIncome": 0,
        "interestExpense": 24800000,
        "depreciationAndAmortization": 18200000,
        "ebitda": 33400000,
        "ebitdaratio": 0.1028958718,
        "operatingIncome": 16400000,
        "operatingIncomeRatio": 0.0505237215,
        "totalOtherIncomeExpensesNet": -26000000,
        "incomeBeforeTax": -9600000,
        "incomeBeforeTaxRatio": -0.0295748614,
        "incomeTaxExpense": -1900000,
        "netIncome": -7700000,
        "netIncomeRatio": -0.0237215034,
        "eps": -0.1,
        "epsdiluted": -0.1,
        "weightedAverageShsOut": 76400000,
        "weightedAverageShsOutDil": 76400000,
        "link": "https://www.sec.gov/Archives/edgar/data/1273931/000127393119000107/0001273931-19-000107-index.htm",
        "finalLink": "https://www.sec.gov/Archives/edgar/data/1273931/000127393119000107/mgi2019q310-q.htm"
    },
    {
        "date": "2019-06-30",
        "symbol": "MGI",
        "reportedCurrency": "USD",
        "cik": "0001273931",
        "fillingDate": "2019-08-02",
        "acceptedDate": "2019-08-02 16:50:48",
        "calendarYear": "2019",
        "period": "Q2",
        "revenue": 323800000,
        "costOfRevenue": 221300000,
        "grossProfit": 102500000,
        "grossProfitRatio": 0.316553428,
        "researchAndDevelopmentExpenses": 0,
        "generalAndAdministrativeExpenses": 70000000,
        "sellingAndMarketingExpenses": 0,
        "sellingGeneralAndAdministrativeExpenses": 70000000,
        "otherExpenses": -35300000,
        "operatingExpenses": 88200000,
        "costAndExpenses": 309500000,
        "interestIncome": 0,
        "interestExpense": 14000000,
        "depreciationAndAmortization": 18200000,
        "ebitda": -2800000,
        "ebitdaratio": -0.0086473132,
        "operatingIncome": 14300000,
        "operatingIncomeRatio": 0.0441630636,
        "totalOtherIncomeExpensesNet": -49300000,
        "incomeBeforeTax": -35000000,
        "incomeBeforeTaxRatio": -0.1080914145,
        "incomeTaxExpense": -7800000,
        "netIncome": -27200000,
        "netIncomeRatio": -0.0840024707,
        "eps": -0.41,
        "epsdiluted": -0.41,
        "weightedAverageShsOut": 66100000,
        "weightedAverageShsOutDil": 66100000,
        "link": "https://www.sec.gov/Archives/edgar/data/1273931/000127393119000092/0001273931-19-000092-index.htm",
        "finalLink": "https://www.sec.gov/Archives/edgar/data/1273931/000127393119000092/mgi2019q210-q.htm"
    },
    {
        "date": "2019-03-31",
        "symbol": "MGI",
        "reportedCurrency": "USD",
        "cik": "0001273931",
        "fillingDate": "2019-05-10",
        "acceptedDate": "2019-05-10 07:34:50",
        "calendarYear": "2019",
        "period": "Q1",
        "revenue": 315400000,
        "costOfRevenue": 220300000,
        "grossProfit": 95100000,
        "grossProfitRatio": 0.301521877,
        "researchAndDevelopmentExpenses": 0,
        "generalAndAdministrativeExpenses": 67500000,
        "sellingAndMarketingExpenses": 0,
        "sellingGeneralAndAdministrativeExpenses": 67500000,
        "otherExpenses": -1600000,
        "operatingExpenses": 86500000,
        "costAndExpenses": 306800000,
        "interestIncome": 0,
        "interestExpense": 13900000,
        "depreciationAndAmortization": 19000000,
        "ebitda": 26000000,
        "ebitdaratio": 0.0824350032,
        "operatingIncome": 8600000,
        "operatingIncomeRatio": 0.0272669626,
        "totalOtherIncomeExpensesNet": -15500000,
        "incomeBeforeTax": -6900000,
        "incomeBeforeTaxRatio": -0.0218769816,
        "incomeTaxExpense": 6600000,
        "netIncome": -13500000,
        "netIncomeRatio": -0.0428027901,
        "eps": -0.21,
        "epsdiluted": -0.21,
        "weightedAverageShsOut": 64800000,
        "weightedAverageShsOutDil": 64800000,
        "link": "https://www.sec.gov/Archives/edgar/data/1273931/000127393119000068/0001273931-19-000068-index.htm",
        "finalLink": "https://www.sec.gov/Archives/edgar/data/1273931/000127393119000068/mgi2019q110-q.htm"
    },
    {
        "date": "2018-12-31",
        "symbol": "MGI",
        "reportedCurrency": "USD",
        "cik": "0001273931",
        "fillingDate": "2019-03-06",
        "acceptedDate": "2019-03-06 07:21:06",
        "calendarYear": "2018",
        "period": "Q4",
        "revenue": 345800000,
        "costOfRevenue": 235300000,
        "grossProfit": 110500000,
        "grossProfitRatio": 0.3195488722,
        "researchAndDevelopmentExpenses": 0,
        "generalAndAdministrativeExpenses": 78200000,
        "sellingAndMarketingExpenses": 0,
        "sellingGeneralAndAdministrativeExpenses": 78200000,
        "otherExpenses": -1400000,
        "operatingExpenses": 96800000,
        "costAndExpenses": 332100000,
        "interestIncome": 0,
        "interestExpense": 13800000,
        "depreciationAndAmortization": 18600000,
        "ebitda": 30900000,
        "ebitdaratio": 0.0893580104,
        "operatingIncome": 13700000,
        "operatingIncomeRatio": 0.0396182765,
        "totalOtherIncomeExpensesNet": -15200000,
        "incomeBeforeTax": -1500000,
        "incomeBeforeTaxRatio": -0.0043377675,
        "incomeTaxExpense": 11000000,
        "netIncome": -12500000,
        "netIncomeRatio": -0.0361480625,
        "eps": -0.19,
        "epsdiluted": -0.19,
        "weightedAverageShsOut": 64500000,
        "weightedAverageShsOutDil": 64500000,
        "link": "https://www.sec.gov/Archives/edgar/data/1273931/000127393119000061/0001273931-19-000061-index.htm",
        "finalLink": "https://www.sec.gov/Archives/edgar/data/1273931/000127393119000061/mgi201810-k.htm"
    },
    {
        "date": "2018-09-30",
        "symbol": "MGI",
        "reportedCurrency": "USD",
        "cik": "0001273931",
        "fillingDate": "2018-11-09",
        "acceptedDate": "2018-11-08 20:19:24",
        "calendarYear": "2018",
        "period": "Q3",
        "revenue": 347200000,
        "costOfRevenue": 236400000,
        "grossProfit": 110800000,
        "grossProfitRatio": 0.319124424,
        "researchAndDevelopmentExpenses": 0,
        "generalAndAdministrativeExpenses": 102200000,
        "sellingAndMarketingExpenses": 0,
        "sellingGeneralAndAdministrativeExpenses": 102200000,
        "otherExpenses": -1500000,
        "operatingExpenses": 121700000,
        "costAndExpenses": 358100000,
        "interestIncome": 0,
        "interestExpense": 13800000,
        "depreciationAndAmortization": 19500000,
        "ebitda": 7100000,
        "ebitdaratio": 0.0204493088,
        "operatingIncome": -10900000,
        "operatingIncomeRatio": -0.0313940092,
        "totalOtherIncomeExpensesNet": -15300000,
        "incomeBeforeTax": -26200000,
        "incomeBeforeTaxRatio": -0.0754608295,
        "incomeTaxExpense": -5300000,
        "netIncome": -20900000,
        "netIncomeRatio": -0.0601958525,
        "eps": -0.32,
        "epsdiluted": -0.32,
        "weightedAverageShsOut": 64500000,
        "weightedAverageShsOutDil": 64500000,
        "link": "https://www.sec.gov/Archives/edgar/data/1273931/000127393118000043/0001273931-18-000043-index.htm",
        "finalLink": "https://www.sec.gov/Archives/edgar/data/1273931/000127393118000043/mgiq3201810-q.htm"
    },
    {
        "date": "2018-06-30",
        "symbol": "MGI",
        "reportedCurrency": "USD",
        "cik": "0001273931",
        "fillingDate": "2018-08-03",
        "acceptedDate": "2018-08-03 07:20:44",
        "calendarYear": "2018",
        "period": "Q2",
        "revenue": 374600000,
        "costOfRevenue": 255500000,
        "grossProfit": 119100000,
        "grossProfitRatio": 0.3179391351,
        "researchAndDevelopmentExpenses": 0,
        "generalAndAdministrativeExpenses": 89000000,
        "sellingAndMarketingExpenses": 0,
        "sellingGeneralAndAdministrativeExpenses": 89000000,
        "otherExpenses": -1400000,
        "operatingExpenses": 109100000,
        "costAndExpenses": 364600000,
        "interestIncome": 0,
        "interestExpense": 13700000,
        "depreciationAndAmortization": 20100000,
        "ebitda": 28700000,
        "ebitdaratio": 0.0766150561,
        "operatingIncome": 10000000,
        "operatingIncomeRatio": 0.0266951415,
        "totalOtherIncomeExpensesNet": -15100000,
        "incomeBeforeTax": -5100000,
        "incomeBeforeTaxRatio": -0.0136145222,
        "incomeTaxExpense": -7400000,
        "netIncome": 2300000,
        "netIncomeRatio": 0.0061398825,
        "eps": 0.04,
        "epsdiluted": 0.03,
        "weightedAverageShsOut": 64500000,
        "weightedAverageShsOutDil": 66400000,
        "link": "https://www.sec.gov/Archives/edgar/data/1273931/000127393118000026/0001273931-18-000026-index.htm",
        "finalLink": "https://www.sec.gov/Archives/edgar/data/1273931/000127393118000026/mgiq2201810-q.htm"
    },
    {
        "date": "2018-03-31",
        "symbol": "MGI",
        "reportedCurrency": "USD",
        "cik": "0001273931",
        "fillingDate": "2018-05-08",
        "acceptedDate": "2018-05-08 07:33:23",
        "calendarYear": "2018",
        "period": "Q1",
        "revenue": 380000000,
        "costOfRevenue": 264800000,
        "grossProfit": 115200000,
        "grossProfitRatio": 0.3031578947,
        "researchAndDevelopmentExpenses": 0,
        "generalAndAdministrativeExpenses": 91400000,
        "sellingAndMarketingExpenses": 0,
        "sellingGeneralAndAdministrativeExpenses": 91400000,
        "otherExpenses": 28500000,
        "operatingExpenses": 109500000,
        "costAndExpenses": 374300000,
        "interestIncome": 0,
        "interestExpense": 12300000,
        "depreciationAndAmortization": 18100000,
        "ebitda": 52300000,
        "ebitdaratio": 0.1376315789,
        "operatingIncome": 5700000,
        "operatingIncomeRatio": 0.015,
        "totalOtherIncomeExpensesNet": 16200000,
        "incomeBeforeTax": 21900000,
        "incomeBeforeTaxRatio": 0.0576315789,
        "incomeTaxExpense": 14800000,
        "netIncome": 7100000,
        "netIncomeRatio": 0.0186842105,
        "eps": 0.11,
        "epsdiluted": 0.11,
        "weightedAverageShsOut": 63800000,
        "weightedAverageShsOutDil": 66200000,
        "link": "https://www.sec.gov/Archives/edgar/data/1273931/000127393118000018/0001273931-18-000018-index.htm",
        "finalLink": "https://www.sec.gov/Archives/edgar/data/1273931/000127393118000018/mgiq1201810-q.htm"
    },
    {
        "date": "2017-12-31",
        "symbol": "MGI",
        "reportedCurrency": "USD",
        "cik": "0001273931",
        "fillingDate": "2018-03-16",
        "acceptedDate": "2018-03-16 16:26:44",
        "calendarYear": "2017",
        "period": "Q4",
        "revenue": 408200000,
        "costOfRevenue": 266200000,
        "grossProfit": 142000000,
        "grossProfitRatio": 0.3478686918,
        "researchAndDevelopmentExpenses": 0,
        "generalAndAdministrativeExpenses": 179200000,
        "sellingAndMarketingExpenses": 0,
        "sellingGeneralAndAdministrativeExpenses": 179200000,
        "otherExpenses": 0,
        "operatingExpenses": 198500000,
        "costAndExpenses": 464700000,
        "interestIncome": 0,
        "interestExpense": 11700000,
        "depreciationAndAmortization": 19300000,
        "ebitda": -37200000,
        "ebitdaratio": -0.0911317981,
        "operatingIncome": -56500000,
        "operatingIncomeRatio": -0.1384125429,
        "totalOtherIncomeExpensesNet": -11700000,
        "incomeBeforeTax": -68200000,
        "incomeBeforeTaxRatio": -0.1670749633,
        "incomeTaxExpense": -15700000,
        "netIncome": -52500000,
        "netIncomeRatio": -0.1286134248,
        "eps": -0.83,
        "epsdiluted": -0.83,
        "weightedAverageShsOut": 63100000,
        "weightedAverageShsOutDil": 63100000,
        "link": "https://www.sec.gov/Archives/edgar/data/1273931/000127393118000010/0001273931-18-000010-index.htm",
        "finalLink": "https://www.sec.gov/Archives/edgar/data/1273931/000127393118000010/mgi2017123110-k.htm"
    },
    {
        "date": "2017-09-30",
        "symbol": "MGI",
        "reportedCurrency": "USD",
        "cik": "0001273931",
        "fillingDate": "2017-11-02",
        "acceptedDate": "2017-11-02 16:30:52",
        "calendarYear": "2017",
        "period": "Q3",
        "revenue": 397800000,
        "costOfRevenue": 261800000,
        "grossProfit": 136000000,
        "grossProfitRatio": 0.3418803419,
        "researchAndDevelopmentExpenses": 0,
        "generalAndAdministrativeExpenses": 93800000,
        "sellingAndMarketingExpenses": 0,
        "sellingGeneralAndAdministrativeExpenses": 93800000,
        "otherExpenses": 374500000,
        "operatingExpenses": 112700000,
        "costAndExpenses": 374500000,
        "interestIncome": 0,
        "interestExpense": 11600000,
        "depreciationAndAmortization": 18900000,
        "ebitda": 42200000,
        "ebitdaratio": 0.106083459,
        "operatingIncome": 23300000,
        "operatingIncomeRatio": 0.0585721468,
        "totalOtherIncomeExpensesNet": -11600000,
        "incomeBeforeTax": 11700000,
        "incomeBeforeTaxRatio": 0.0294117647,
        "incomeTaxExpense": 4000000,
        "netIncome": 7700000,
        "netIncomeRatio": 0.0193564605,
        "eps": 0.12,
        "epsdiluted": 0.12,
        "weightedAverageShsOut": 63100000,
        "weightedAverageShsOutDil": 66200000,
        "link": "https://www.sec.gov/Archives/edgar/data/1273931/000127393117000040/0001273931-17-000040-index.htm",
        "finalLink": "https://www.sec.gov/Archives/edgar/data/1273931/000127393117000040/mgi-2017930x10q.htm"
    },
    {
        "date": "2017-06-30",
        "symbol": "MGI",
        "reportedCurrency": "USD",
        "cik": "0001273931",
        "fillingDate": "2017-08-07",
        "acceptedDate": "2017-08-07 08:07:52",
        "calendarYear": "2017",
        "period": "Q2",
        "revenue": 410000000,
        "costOfRevenue": 263100000,
        "grossProfit": 146900000,
        "grossProfitRatio": 0.3582926829,
        "researchAndDevelopmentExpenses": 0,
        "generalAndAdministrativeExpenses": 108500000,
        "sellingAndMarketingExpenses": 0,
        "sellingGeneralAndAdministrativeExpenses": 108500000,
        "otherExpenses": 390200000,
        "operatingExpenses": 127100000,
        "costAndExpenses": 390200000,
        "interestIncome": 0,
        "interestExpense": 11200000,
        "depreciationAndAmortization": 18600000,
        "ebitda": 38400000,
        "ebitdaratio": 0.0936585366,
        "operatingIncome": 19800000,
        "operatingIncomeRatio": 0.0482926829,
        "totalOtherIncomeExpensesNet": -11200000,
        "incomeBeforeTax": 8600000,
        "incomeBeforeTaxRatio": 0.0209756098,
        "incomeTaxExpense": 2400000,
        "netIncome": 6200000,
        "netIncomeRatio": 0.0151219512,
        "eps": 0.1,
        "epsdiluted": 0.09,
        "weightedAverageShsOut": 63000000,
        "weightedAverageShsOutDil": 66300000,
        "link": "https://www.sec.gov/Archives/edgar/data/1273931/000127393117000030/0001273931-17-000030-index.htm",
        "finalLink": "https://www.sec.gov/Archives/edgar/data/1273931/000127393117000030/mgi-2017630x10q.htm"
    },
    {
        "date": "2017-03-31",
        "symbol": "MGI",
        "reportedCurrency": "USD",
        "cik": "0001273931",
        "fillingDate": "2017-05-05",
        "acceptedDate": "2017-05-04 17:38:52",
        "calendarYear": "2017",
        "period": "Q1",
        "revenue": 386100000,
        "costOfRevenue": 258800000,
        "grossProfit": 127300000,
        "grossProfitRatio": 0.3297073297,
        "researchAndDevelopmentExpenses": 0,
        "generalAndAdministrativeExpenses": 86900000,
        "sellingAndMarketingExpenses": 0,
        "sellingGeneralAndAdministrativeExpenses": 86900000,
        "otherExpenses": 364000000,
        "operatingExpenses": 105200000,
        "costAndExpenses": 364000000,
        "interestIncome": 0,
        "interestExpense": 10800000,
        "depreciationAndAmortization": 18300000,
        "ebitda": 40400000,
        "ebitdaratio": 0.1046361046,
        "operatingIncome": 22100000,
        "operatingIncomeRatio": 0.0572390572,
        "totalOtherIncomeExpensesNet": -10800000,
        "incomeBeforeTax": 11300000,
        "incomeBeforeTaxRatio": 0.0292670293,
        "incomeTaxExpense": 2500000,
        "netIncome": 8800000,
        "netIncomeRatio": 0.0227920228,
        "eps": 0.14,
        "epsdiluted": 0.13,
        "weightedAverageShsOut": 62100000,
        "weightedAverageShsOutDil": 66100000,
        "link": "https://www.sec.gov/Archives/edgar/data/1273931/000127393117000008/0001273931-17-000008-index.htm",
        "finalLink": "https://www.sec.gov/Archives/edgar/data/1273931/000127393117000008/mgi-2017331x10q.htm"
    },
    {
        "date": "2016-12-31",
        "symbol": "MGI",
        "reportedCurrency": "USD",
        "cik": "0001273931",
        "fillingDate": "2017-03-16",
        "acceptedDate": "2017-03-16 15:31:17",
        "calendarYear": "2016",
        "period": "Q4",
        "revenue": 416200000,
        "costOfRevenue": 276100000,
        "grossProfit": 140100000,
        "grossProfitRatio": 0.3366170111,
        "researchAndDevelopmentExpenses": 0,
        "generalAndAdministrativeExpenses": 97500000,
        "sellingAndMarketingExpenses": 0,
        "sellingGeneralAndAdministrativeExpenses": 97500000,
        "otherExpenses": 0,
        "operatingExpenses": 117200000,
        "costAndExpenses": 393300000,
        "interestIncome": 0,
        "interestExpense": 11200000,
        "depreciationAndAmortization": 19700000,
        "ebitda": 42600000,
        "ebitdaratio": 0.1023546372,
        "operatingIncome": 22900000,
        "operatingIncomeRatio": 0.0550216242,
        "totalOtherIncomeExpensesNet": -11500000,
        "incomeBeforeTax": 11400000,
        "incomeBeforeTaxRatio": 0.0273906776,
        "incomeTaxExpense": 4200000,
        "netIncome": 7200000,
        "netIncomeRatio": 0.0172993753,
        "eps": 0.12,
        "epsdiluted": 0.11,
        "weightedAverageShsOut": 61900000,
        "weightedAverageShsOutDil": 66400000,
        "link": "https://www.sec.gov/Archives/edgar/data/1273931/000127393117000004/0001273931-17-000004-index.htm",
        "finalLink": "https://www.sec.gov/Archives/edgar/data/1273931/000127393117000004/mgi2016123110-k.htm"
    },
    {
        "date": "2016-09-30",
        "symbol": "MGI",
        "reportedCurrency": "USD",
        "cik": "0001273931",
        "fillingDate": "2016-10-31",
        "acceptedDate": "2016-10-31 17:27:18",
        "calendarYear": "2016",
        "period": "Q3",
        "revenue": 383100000,
        "costOfRevenue": 243200000,
        "grossProfit": 139900000,
        "grossProfitRatio": 0.3651788045,
        "researchAndDevelopmentExpenses": 0,
        "generalAndAdministrativeExpenses": 95100000,
        "sellingAndMarketingExpenses": 0,
        "sellingGeneralAndAdministrativeExpenses": 95100000,
        "otherExpenses": 356900000,
        "operatingExpenses": 113700000,
        "costAndExpenses": 356900000,
        "interestIncome": 0,
        "interestExpense": 11300000,
        "depreciationAndAmortization": 18600000,
        "ebitda": 44800000,
        "ebitdaratio": 0.1169407465,
        "operatingIncome": 26200000,
        "operatingIncomeRatio": 0.0683894545,
        "totalOtherIncomeExpensesNet": -11300000,
        "incomeBeforeTax": 14900000,
        "incomeBeforeTaxRatio": 0.0388932394,
        "incomeTaxExpense": 4700000,
        "netIncome": 10200000,
        "netIncomeRatio": 0.0266249021,
        "eps": 0.16,
        "epsdiluted": 0.15,
        "weightedAverageShsOut": 62200000,
        "weightedAverageShsOutDil": 66400000,
        "link": "https://www.sec.gov/Archives/edgar/data/1273931/000127393116000075/0001273931-16-000075-index.htm",
        "finalLink": "https://www.sec.gov/Archives/edgar/data/1273931/000127393116000075/mgi-20160930x10q.htm"
    },
    {
        "date": "2016-06-30",
        "symbol": "MGI",
        "reportedCurrency": "USD",
        "cik": "0001273931",
        "fillingDate": "2016-08-01",
        "acceptedDate": "2016-08-01 16:11:51",
        "calendarYear": "2016",
        "period": "Q2",
        "revenue": 383700000,
        "costOfRevenue": 247900000,
        "grossProfit": 135800000,
        "grossProfitRatio": 0.3539223352,
        "researchAndDevelopmentExpenses": 0,
        "generalAndAdministrativeExpenses": 99100000,
        "sellingAndMarketingExpenses": 0,
        "sellingGeneralAndAdministrativeExpenses": 99100000,
        "otherExpenses": 367500000,
        "operatingExpenses": 119600000,
        "costAndExpenses": 367500000,
        "interestIncome": 0,
        "interestExpense": 11200000,
        "depreciationAndAmortization": 20500000,
        "ebitda": 36700000,
        "ebitdaratio": 0.0956476414,
        "operatingIncome": 16200000,
        "operatingIncomeRatio": 0.0422204848,
        "totalOtherIncomeExpensesNet": -11200000,
        "incomeBeforeTax": 5000000,
        "incomeBeforeTaxRatio": 0.0130310138,
        "incomeTaxExpense": 1900000,
        "netIncome": 3100000,
        "netIncomeRatio": 0.0080792286,
        "eps": 0.05,
        "epsdiluted": 0.05,
        "weightedAverageShsOut": 62500000,
        "weightedAverageShsOutDil": 66000000,
        "link": "https://www.sec.gov/Archives/edgar/data/1273931/000127393116000071/0001273931-16-000071-index.htm",
        "finalLink": "https://www.sec.gov/Archives/edgar/data/1273931/000127393116000071/mgi-20160630x10q.htm"
    },
    {
        "date": "2016-03-31",
        "symbol": "MGI",
        "reportedCurrency": "USD",
        "cik": "0001273931",
        "fillingDate": "2016-05-03",
        "acceptedDate": "2016-05-03 16:12:00",
        "calendarYear": "2016",
        "period": "Q1",
        "revenue": 358400000,
        "costOfRevenue": 234500000,
        "grossProfit": 123900000,
        "grossProfitRatio": 0.345703125,
        "researchAndDevelopmentExpenses": 0,
        "generalAndAdministrativeExpenses": 79700000,
        "sellingAndMarketingExpenses": 0,
        "sellingGeneralAndAdministrativeExpenses": 79700000,
        "otherExpenses": 335300000,
        "operatingExpenses": 100800000,
        "costAndExpenses": 335300000,
        "interestIncome": 0,
        "interestExpense": 11300000,
        "depreciationAndAmortization": 21100000,
        "ebitda": 44200000,
        "ebitdaratio": 0.1233258929,
        "operatingIncome": 23100000,
        "operatingIncomeRatio": 0.064453125,
        "totalOtherIncomeExpensesNet": -11300000,
        "incomeBeforeTax": 11800000,
        "incomeBeforeTaxRatio": 0.0329241071,
        "incomeTaxExpense": 16000000,
        "netIncome": -4200000,
        "netIncomeRatio": -0.01171875,
        "eps": -0.0673,
        "epsdiluted": -0.0673,
        "weightedAverageShsOut": 62400000,
        "weightedAverageShsOutDil": 62400000,
        "link": "https://www.sec.gov/Archives/edgar/data/1273931/000127393116000067/0001273931-16-000067-index.htm",
        "finalLink": "https://www.sec.gov/Archives/edgar/data/1273931/000127393116000067/mgi-2016331x10q.htm"
    },
    {
        "date": "2015-12-31",
        "symbol": "MGI",
        "reportedCurrency": "USD",
        "cik": "0001273931",
        "fillingDate": "2016-03-02",
        "acceptedDate": "2016-03-02 16:44:03",
        "calendarYear": "2015",
        "period": "Q4",
        "revenue": 376700000,
        "costOfRevenue": 243900000,
        "grossProfit": 132800000,
        "grossProfitRatio": 0.3525351739,
        "researchAndDevelopmentExpenses": 0,
        "generalAndAdministrativeExpenses": 101900000,
        "sellingAndMarketingExpenses": 0,
        "sellingGeneralAndAdministrativeExpenses": 101900000,
        "otherExpenses": 0,
        "operatingExpenses": 119200000,
        "costAndExpenses": 363100000,
        "interestIncome": 0,
        "interestExpense": 11600000,
        "depreciationAndAmortization": 17300000,
        "ebitda": 30900000,
        "ebitdaratio": 0.0820281391,
        "operatingIncome": 13600000,
        "operatingIncomeRatio": 0.0361029997,
        "totalOtherIncomeExpensesNet": -11600000,
        "incomeBeforeTax": 2000000,
        "incomeBeforeTaxRatio": 0.0053092647,
        "incomeTaxExpense": -600000,
        "netIncome": 2600000,
        "netIncomeRatio": 0.0069020441,
        "eps": 0.04,
        "epsdiluted": 0.04,
        "weightedAverageShsOut": 62100000,
        "weightedAverageShsOutDil": 64100000,
        "link": "https://www.sec.gov/Archives/edgar/data/1273931/000127393116000064/0001273931-16-000064-index.htm",
        "finalLink": "https://www.sec.gov/Archives/edgar/data/1273931/000127393116000064/mgi2015123110-k.htm"
    },
    {
        "date": "2015-09-30",
        "symbol": "MGI",
        "reportedCurrency": "USD",
        "cik": "0001273931",
        "fillingDate": "2015-11-02",
        "acceptedDate": "2015-11-02 16:44:37",
        "calendarYear": "2015",
        "period": "Q3",
        "revenue": 368600000,
        "costOfRevenue": 242000000,
        "grossProfit": 126600000,
        "grossProfitRatio": 0.3434617472,
        "researchAndDevelopmentExpenses": 0,
        "generalAndAdministrativeExpenses": 93200000,
        "sellingAndMarketingExpenses": 0,
        "sellingGeneralAndAdministrativeExpenses": 93200000,
        "otherExpenses": 352000000,
        "operatingExpenses": 110000000,
        "costAndExpenses": 352000000,
        "interestIncome": 0,
        "interestExpense": 11200000,
        "depreciationAndAmortization": 16800000,
        "ebitda": 33400000,
        "ebitdaratio": 0.0906131308,
        "operatingIncome": 16600000,
        "operatingIncomeRatio": 0.0450352686,
        "totalOtherIncomeExpensesNet": -11200000.000000002,
        "incomeBeforeTax": 5400000,
        "incomeBeforeTaxRatio": 0.0146500271,
        "incomeTaxExpense": 500000,
        "netIncome": 4900000,
        "netIncomeRatio": 0.0132935431,
        "eps": 0.08,
        "epsdiluted": 0.08,
        "weightedAverageShsOut": 62100000,
        "weightedAverageShsOutDil": 63800000,
        "link": "https://www.sec.gov/Archives/edgar/data/1273931/000127393115000060/0001273931-15-000060-index.htm",
        "finalLink": "https://www.sec.gov/Archives/edgar/data/1273931/000127393115000060/mgi-20150930x10q.htm"
    },
    {
        "date": "2015-06-30",
        "symbol": "MGI",
        "reportedCurrency": "USD",
        "cik": "0001273931",
        "fillingDate": "2015-08-03",
        "acceptedDate": "2015-08-03 16:13:37",
        "calendarYear": "2015",
        "period": "Q2",
        "revenue": 358800000,
        "costOfRevenue": 251200000,
        "grossProfit": 107600000,
        "grossProfitRatio": 0.2998885173,
        "researchAndDevelopmentExpenses": 0,
        "generalAndAdministrativeExpenses": 106100000,
        "sellingAndMarketingExpenses": 0,
        "sellingGeneralAndAdministrativeExpenses": 106100000,
        "otherExpenses": 374500000,
        "operatingExpenses": 123300000,
        "costAndExpenses": 374500000,
        "interestIncome": 0,
        "interestExpense": 11400000,
        "depreciationAndAmortization": 17200000,
        "ebitda": 1500000,
        "ebitdaratio": 0.004180602,
        "operatingIncome": -15700000,
        "operatingIncomeRatio": -0.0437569677,
        "totalOtherIncomeExpensesNet": -11400000,
        "incomeBeforeTax": -27100000,
        "incomeBeforeTaxRatio": -0.0755295429,
        "incomeTaxExpense": -14700000,
        "netIncome": -12400000,
        "netIncomeRatio": -0.0345596433,
        "eps": -0.2,
        "epsdiluted": -0.2,
        "weightedAverageShsOut": 62100000,
        "weightedAverageShsOutDil": 62100000,
        "link": "https://www.sec.gov/Archives/edgar/data/1273931/000127393115000057/0001273931-15-000057-index.htm",
        "finalLink": "https://www.sec.gov/Archives/edgar/data/1273931/000127393115000057/mgi-20150630x10q.htm"
    },
    {
        "date": "2015-03-31",
        "symbol": "MGI",
        "reportedCurrency": "USD",
        "cik": "0001273931",
        "fillingDate": "2015-05-04",
        "acceptedDate": "2015-05-04 16:29:43",
        "calendarYear": "2015",
        "period": "Q1",
        "revenue": 330600000,
        "costOfRevenue": 228200000,
        "grossProfit": 102400000,
        "grossProfitRatio": 0.3097398669,
        "researchAndDevelopmentExpenses": 0,
        "generalAndAdministrativeExpenses": 85900000,
        "sellingAndMarketingExpenses": 0,
        "sellingGeneralAndAdministrativeExpenses": 85900000,
        "otherExpenses": 328900000,
        "operatingExpenses": 100700000,
        "costAndExpenses": 328900000,
        "interestIncome": 0,
        "interestExpense": 11100000,
        "depreciationAndAmortization": 14800000,
        "ebitda": 16500000,
        "ebitdaratio": 0.0499092559,
        "operatingIncome": 1700000,
        "operatingIncomeRatio": 0.0051421658,
        "totalOtherIncomeExpensesNet": -11100000,
        "incomeBeforeTax": -9400000,
        "incomeBeforeTaxRatio": -0.0284331518,
        "incomeTaxExpense": 62600000,
        "netIncome": -72000000,
        "netIncomeRatio": -0.2177858439,
        "eps": -1.16,
        "epsdiluted": -1.16,
        "weightedAverageShsOut": 62000000,
        "weightedAverageShsOutDil": 62000000,
        "link": "https://www.sec.gov/Archives/edgar/data/1273931/000127393115000035/0001273931-15-000035-index.htm",
        "finalLink": "https://www.sec.gov/Archives/edgar/data/1273931/000127393115000035/mgi-20150331x10q.htm"
    },
    {
        "date": "2014-12-31",
        "symbol": "MGI",
        "reportedCurrency": "USD",
        "cik": "0001273931",
        "fillingDate": "2015-03-03",
        "acceptedDate": "2015-03-03 16:07:29",
        "calendarYear": "2014",
        "period": "Q4",
        "revenue": 349600000,
        "costOfRevenue": 220900000,
        "grossProfit": 128700000,
        "grossProfitRatio": 0.3681350114,
        "researchAndDevelopmentExpenses": 0,
        "generalAndAdministrativeExpenses": 116400000,
        "sellingAndMarketingExpenses": 0,
        "sellingGeneralAndAdministrativeExpenses": 116400000,
        "otherExpenses": 0,
        "operatingExpenses": 131700000,
        "costAndExpenses": 352600000,
        "interestIncome": 0,
        "interestExpense": 11500000,
        "depreciationAndAmortization": 15300000,
        "ebitda": 12300000,
        "ebitdaratio": 0.0351830664,
        "operatingIncome": -3000000,
        "operatingIncomeRatio": -0.0085812357,
        "totalOtherIncomeExpensesNet": 11500000,
        "incomeBeforeTax": 8500000,
        "incomeBeforeTaxRatio": 0.0243135011,
        "incomeTaxExpense": -2000000,
        "netIncome": 10500000,
        "netIncomeRatio": 0.0300343249,
        "eps": 0.17,
        "epsdiluted": 0.17,
        "weightedAverageShsOut": 62600000,
        "weightedAverageShsOutDil": 62700000,
        "link": "https://www.sec.gov/Archives/edgar/data/1273931/000127393115000032/0001273931-15-000032-index.htm",
        "finalLink": "https://www.sec.gov/Archives/edgar/data/1273931/000127393115000032/mgi2014123110-k.htm"
    },
    {
        "date": "2014-09-30",
        "symbol": "MGI",
        "reportedCurrency": "USD",
        "cik": "0001273931",
        "fillingDate": "2014-11-13",
        "acceptedDate": "2014-11-13 06:49:46",
        "calendarYear": "2014",
        "period": "Q3",
        "revenue": 358000000,
        "costOfRevenue": 233100000,
        "grossProfit": 124900000,
        "grossProfitRatio": 0.3488826816,
        "researchAndDevelopmentExpenses": 0,
        "generalAndAdministrativeExpenses": 95100000,
        "sellingAndMarketingExpenses": 0,
        "sellingGeneralAndAdministrativeExpenses": 95100000,
        "otherExpenses": 341700000,
        "operatingExpenses": 108600000,
        "costAndExpenses": 341700000,
        "interestIncome": 0,
        "interestExpense": 11600000,
        "depreciationAndAmortization": 13500000,
        "ebitda": 29800000,
        "ebitdaratio": 0.0832402235,
        "operatingIncome": 16300000,
        "operatingIncomeRatio": 0.0455307263,
        "totalOtherIncomeExpensesNet": -11600000,
        "incomeBeforeTax": 4700000,
        "incomeBeforeTaxRatio": 0.0131284916,
        "incomeTaxExpense": 7700000,
        "netIncome": -3000000,
        "netIncomeRatio": -0.0083798883,
        "eps": -0.0474,
        "epsdiluted": -0.0474,
        "weightedAverageShsOut": 63300000,
        "weightedAverageShsOutDil": 63300000,
        "link": "https://www.sec.gov/Archives/edgar/data/1273931/000127393114000017/0001273931-14-000017-index.htm",
        "finalLink": "https://www.sec.gov/Archives/edgar/data/1273931/000127393114000017/mgi-20140930x10q.htm"
    },
    {
        "date": "2014-06-30",
        "symbol": "MGI",
        "reportedCurrency": "USD",
        "cik": "0001273931",
        "fillingDate": "2014-08-06",
        "acceptedDate": "2014-08-06 17:12:32",
        "calendarYear": "2014",
        "period": "Q2",
        "revenue": 372400000,
        "costOfRevenue": 246700000,
        "grossProfit": 125700000,
        "grossProfitRatio": 0.3375402793,
        "researchAndDevelopmentExpenses": 0,
        "generalAndAdministrativeExpenses": 91000000,
        "sellingAndMarketingExpenses": 0,
        "sellingGeneralAndAdministrativeExpenses": 91000000,
        "otherExpenses": 351300000,
        "operatingExpenses": 104600000,
        "costAndExpenses": 351300000,
        "interestIncome": 0,
        "interestExpense": 11400000,
        "depreciationAndAmortization": 13600000,
        "ebitda": 34700000,
        "ebitdaratio": 0.093179377,
        "operatingIncome": 21100000,
        "operatingIncomeRatio": 0.0566595059,
        "totalOtherIncomeExpensesNet": 11000000,
        "incomeBeforeTax": 32100000,
        "incomeBeforeTaxRatio": 0.0861976369,
        "incomeTaxExpense": 6500000,
        "netIncome": 25600000,
        "netIncomeRatio": 0.0687432868,
        "eps": 0.4,
        "epsdiluted": 0.4,
        "weightedAverageShsOut": 63600000,
        "weightedAverageShsOutDil": 63800000,
        "link": "https://www.sec.gov/Archives/edgar/data/1273931/000127393114000011/0001273931-14-000011-index.htm",
        "finalLink": "https://www.sec.gov/Archives/edgar/data/1273931/000127393114000011/mgi-20140630x10q.htm"
    },
    {
        "date": "2014-03-31",
        "symbol": "MGI",
        "reportedCurrency": "USD",
        "cik": "0001273931",
        "fillingDate": "2014-05-02",
        "acceptedDate": "2014-05-02 16:40:01",
        "calendarYear": "2014",
        "period": "Q1",
        "revenue": 374900000,
        "costOfRevenue": 240700000,
        "grossProfit": 134200000,
        "grossProfitRatio": 0.3579621232,
        "researchAndDevelopmentExpenses": 0,
        "generalAndAdministrativeExpenses": 84100000,
        "sellingAndMarketingExpenses": 0,
        "sellingGeneralAndAdministrativeExpenses": 84100000,
        "otherExpenses": 337900000,
        "operatingExpenses": 97200000,
        "costAndExpenses": 337900000,
        "interestIncome": 0,
        "interestExpense": 9700000,
        "depreciationAndAmortization": 13100000,
        "ebitda": 50100000,
        "ebitdaratio": 0.1336356362,
        "operatingIncome": 37000000,
        "operatingIncomeRatio": 0.0986929848,
        "totalOtherIncomeExpensesNet": -9700000,
        "incomeBeforeTax": 27300000,
        "incomeBeforeTaxRatio": 0.0728194185,
        "incomeTaxExpense": -11700000,
        "netIncome": 39000000,
        "netIncomeRatio": 0.1040277407,
        "eps": 0.54,
        "epsdiluted": 0.54,
        "weightedAverageShsOut": 71600000,
        "weightedAverageShsOutDil": 71900000,
        "link": "https://www.sec.gov/Archives/edgar/data/1273931/000127393114000008/0001273931-14-000008-index.htm",
        "finalLink": "https://www.sec.gov/Archives/edgar/data/1273931/000127393114000008/mgi-20140331x10q.htm"
    },
    {
        "date": "2013-12-31",
        "symbol": "MGI",
        "reportedCurrency": "USD",
        "cik": "0001273931",
        "fillingDate": "2014-03-03",
        "acceptedDate": "2014-03-03 16:55:29",
        "calendarYear": "2013",
        "period": "Q4",
        "revenue": 385800000,
        "costOfRevenue": 242200000,
        "grossProfit": 143600000,
        "grossProfitRatio": 0.3722135822,
        "researchAndDevelopmentExpenses": 0,
        "generalAndAdministrativeExpenses": 86400000,
        "sellingAndMarketingExpenses": 0,
        "sellingGeneralAndAdministrativeExpenses": 86400000,
        "otherExpenses": 0,
        "operatingExpenses": 100600000,
        "costAndExpenses": 342800000,
        "interestIncome": 0,
        "interestExpense": 10000000,
        "depreciationAndAmortization": 14200000,
        "ebitda": 57200000,
        "ebitdaratio": 0.1482633489,
        "operatingIncome": 43000000,
        "operatingIncomeRatio": 0.1114567133,
        "totalOtherIncomeExpensesNet": -10000000,
        "incomeBeforeTax": 33000000,
        "incomeBeforeTaxRatio": 0.0855365474,
        "incomeTaxExpense": 9600000,
        "netIncome": 23400000,
        "netIncomeRatio": 0.0606531882,
        "eps": 0.33,
        "epsdiluted": 0.33,
        "weightedAverageShsOut": 71600000,
        "weightedAverageShsOutDil": 71900000,
        "link": "https://www.sec.gov/Archives/edgar/data/1273931/000127393114000004/0001273931-14-000004-index.htm",
        "finalLink": "https://www.sec.gov/Archives/edgar/data/1273931/000127393114000004/mgi2013123110-k.htm"
    },
    {
        "date": "2013-09-30",
        "symbol": "MGI",
        "reportedCurrency": "USD",
        "cik": "0001273931",
        "fillingDate": "2013-10-30",
        "acceptedDate": "2013-10-30 16:40:17",
        "calendarYear": "2013",
        "period": "Q3",
        "revenue": 383000000,
        "costOfRevenue": 244900000,
        "grossProfit": 138100000,
        "grossProfitRatio": 0.3605744125,
        "researchAndDevelopmentExpenses": 0,
        "generalAndAdministrativeExpenses": 77500000,
        "sellingAndMarketingExpenses": 0,
        "sellingGeneralAndAdministrativeExpenses": 77500000,
        "otherExpenses": 334900000,
        "operatingExpenses": 90000000,
        "costAndExpenses": 334900000,
        "interestIncome": 0,
        "interestExpense": 10000000,
        "depreciationAndAmortization": 12500000,
        "ebitda": 60600000,
        "ebitdaratio": 0.1582245431,
        "operatingIncome": 48100000,
        "operatingIncomeRatio": 0.1255874674,
        "totalOtherIncomeExpensesNet": -10000000,
        "incomeBeforeTax": 38100000,
        "incomeBeforeTaxRatio": 0.0994778068,
        "incomeTaxExpense": 15600000,
        "netIncome": 22500000,
        "netIncomeRatio": 0.0587467363,
        "eps": 0.31,
        "epsdiluted": 0.31,
        "weightedAverageShsOut": 71600000,
        "weightedAverageShsOutDil": 72000000,
        "link": "https://www.sec.gov/Archives/edgar/data/1273931/000127393113000015/0001273931-13-000015-index.htm",
        "finalLink": "https://www.sec.gov/Archives/edgar/data/1273931/000127393113000015/mgi-2013930x10q.htm"
    },
    {
        "date": "2013-06-30",
        "symbol": "MGI",
        "reportedCurrency": "USD",
        "cik": "0001273931",
        "fillingDate": "2013-07-30",
        "acceptedDate": "2013-07-30 17:00:21",
        "calendarYear": "2013",
        "period": "Q2",
        "revenue": 365100000,
        "costOfRevenue": 236100000,
        "grossProfit": 129000000,
        "grossProfitRatio": 0.3533278554,
        "researchAndDevelopmentExpenses": 0,
        "generalAndAdministrativeExpenses": 74300000,
        "sellingAndMarketingExpenses": 0,
        "sellingGeneralAndAdministrativeExpenses": 74300000,
        "otherExpenses": 322600000,
        "operatingExpenses": 86500000,
        "costAndExpenses": 322600000,
        "interestIncome": 0,
        "interestExpense": 9900000,
        "depreciationAndAmortization": 12200000,
        "ebitda": 54700000,
        "ebitdaratio": 0.1498219666,
        "operatingIncome": 42500000,
        "operatingIncomeRatio": 0.116406464,
        "totalOtherIncomeExpensesNet": -9900000,
        "incomeBeforeTax": 32600000,
        "incomeBeforeTaxRatio": 0.0892906053,
        "incomeTaxExpense": 13500000,
        "netIncome": 19100000,
        "netIncomeRatio": 0.0523144344,
        "eps": 0.27,
        "epsdiluted": 0.27,
        "weightedAverageShsOut": 71600000,
        "weightedAverageShsOutDil": 71800000,
        "link": "https://www.sec.gov/Archives/edgar/data/1273931/000127393113000011/0001273931-13-000011-index.htm",
        "finalLink": "https://www.sec.gov/Archives/edgar/data/1273931/000127393113000011/mgi-2013630x10q.htm"
    },
    {
        "date": "2013-03-31",
        "symbol": "MGI",
        "reportedCurrency": "USD",
        "cik": "0001273931",
        "fillingDate": "2013-05-03",
        "acceptedDate": "2013-05-03 15:32:44",
        "calendarYear": "2013",
        "period": "Q1",
        "revenue": 340500000,
        "costOfRevenue": 219900000,
        "grossProfit": 120600000,
        "grossProfitRatio": 0.354185022,
        "researchAndDevelopmentExpenses": 0,
        "generalAndAdministrativeExpenses": 64500000,
        "sellingAndMarketingExpenses": 0,
        "sellingGeneralAndAdministrativeExpenses": 64500000,
        "otherExpenses": 296200000,
        "operatingExpenses": 76300000,
        "costAndExpenses": 296200000,
        "interestIncome": 0,
        "interestExpense": 17400000,
        "depreciationAndAmortization": 11800000,
        "ebitda": 10800000,
        "ebitdaratio": 0.0317180617,
        "operatingIncome": 44300000,
        "operatingIncomeRatio": 0.13010279,
        "totalOtherIncomeExpensesNet": -62700000,
        "incomeBeforeTax": -18400000,
        "incomeBeforeTaxRatio": -0.0540381791,
        "incomeTaxExpense": -5800000,
        "netIncome": -12600000,
        "netIncomeRatio": -0.0370044053,
        "eps": -0.18,
        "epsdiluted": -0.18,
        "weightedAverageShsOut": 71500000,
        "weightedAverageShsOutDil": 71500000,
        "link": "https://www.sec.gov/Archives/edgar/data/1273931/000144530513001102/0001445305-13-001102-index.htm",
        "finalLink": "https://www.sec.gov/Archives/edgar/data/1273931/000144530513001102/mgi-2013331x10q.htm"
    },
    {
        "date": "2012-12-31",
        "symbol": "MGI",
        "reportedCurrency": "USD",
        "cik": "0001273931",
        "fillingDate": "2013-03-04",
        "acceptedDate": "2013-03-04 16:42:53",
        "calendarYear": "2012",
        "period": "Q4",
        "revenue": 354400000,
        "costOfRevenue": 227000000,
        "grossProfit": 127400000,
        "grossProfitRatio": 0.3594808126,
        "researchAndDevelopmentExpenses": 0,
        "generalAndAdministrativeExpenses": 75000000,
        "sellingAndMarketingExpenses": 0,
        "sellingGeneralAndAdministrativeExpenses": 75000000,
        "otherExpenses": 0,
        "operatingExpenses": 86700000,
        "costAndExpenses": 313700000,
        "interestIncome": 0,
        "interestExpense": 17700000,
        "depreciationAndAmortization": 11700000,
        "ebitda": 52400000,
        "ebitdaratio": 0.1478555305,
        "operatingIncome": 40700000,
        "operatingIncomeRatio": 0.1148419865,
        "totalOtherIncomeExpensesNet": -7700000,
        "incomeBeforeTax": 33000000,
        "incomeBeforeTaxRatio": 0.0931151242,
        "incomeTaxExpense": 12800000,
        "netIncome": 20200000,
        "netIncomeRatio": 0.0569977427,
        "eps": 0.28,
        "epsdiluted": 0.28,
        "weightedAverageShsOut": 71500000,
        "weightedAverageShsOutDil": 71600000,
        "link": "https://www.sec.gov/Archives/edgar/data/1273931/000119312513089758/0001193125-13-089758-index.htm",
        "finalLink": "https://www.sec.gov/Archives/edgar/data/1273931/000119312513089758/d440705d10k.htm"
    },
    {
        "date": "2012-09-30",
        "symbol": "MGI",
        "reportedCurrency": "USD",
        "cik": "0001273931",
        "fillingDate": "2012-11-09",
        "acceptedDate": "2012-11-09 07:18:57",
        "calendarYear": "2012",
        "period": "Q3",
        "revenue": 338550000,
        "costOfRevenue": 152466000,
        "grossProfit": 186084000,
        "grossProfitRatio": 0.5496499778,
        "researchAndDevelopmentExpenses": 0,
        "generalAndAdministrativeExpenses": 202618000,
        "sellingAndMarketingExpenses": 0,
        "sellingGeneralAndAdministrativeExpenses": 202618000,
        "otherExpenses": 365924000,
        "operatingExpenses": 213458000,
        "costAndExpenses": 365924000,
        "interestIncome": 0,
        "interestExpense": 17710000,
        "depreciationAndAmortization": 10900000,
        "ebitda": -16474000,
        "ebitdaratio": -0.0486604637,
        "operatingIncome": -27374000,
        "operatingIncomeRatio": -0.0808565943,
        "totalOtherIncomeExpensesNet": -17760000,
        "incomeBeforeTax": -45134000,
        "incomeBeforeTaxRatio": -0.1333156107,
        "incomeTaxExpense": 9626000,
        "netIncome": -54760000,
        "netIncomeRatio": -0.1617486339,
        "eps": -0.77,
        "epsdiluted": -0.77,
        "weightedAverageShsOut": 71500000,
        "weightedAverageShsOutDil": 71500000,
        "link": "https://www.sec.gov/Archives/edgar/data/1273931/000119312512461726/0001193125-12-461726-index.htm",
        "finalLink": "https://www.sec.gov/Archives/edgar/data/1273931/000119312512461726/d415195d10q.htm"
    },
    {
        "date": "2012-06-30",
        "symbol": "MGI",
        "reportedCurrency": "USD",
        "cik": "0001273931",
        "fillingDate": "2012-08-09",
        "acceptedDate": "2012-08-09 15:51:46",
        "calendarYear": "2012",
        "period": "Q2",
        "revenue": 330142000,
        "costOfRevenue": 146776000,
        "grossProfit": 183366000,
        "grossProfitRatio": 0.5554155485,
        "researchAndDevelopmentExpenses": 0,
        "generalAndAdministrativeExpenses": 169180000,
        "sellingAndMarketingExpenses": 0,
        "sellingGeneralAndAdministrativeExpenses": 169180000,
        "otherExpenses": 327009000,
        "operatingExpenses": 180233000,
        "costAndExpenses": 327009000,
        "interestIncome": 0,
        "interestExpense": 17637000,
        "depreciationAndAmortization": 11053000,
        "ebitda": 14186000,
        "ebitdaratio": 0.0429693889,
        "operatingIncome": 3133000,
        "operatingIncomeRatio": 0.0094898559,
        "totalOtherIncomeExpensesNet": -17984000,
        "incomeBeforeTax": -14851000,
        "incomeBeforeTaxRatio": -0.0449836737,
        "incomeTaxExpense": 10205000,
        "netIncome": -25056000,
        "netIncomeRatio": -0.075894615,
        "eps": -0.35,
        "epsdiluted": -0.35,
        "weightedAverageShsOut": 71500000,
        "weightedAverageShsOutDil": 71500000,
        "link": "https://www.sec.gov/Archives/edgar/data/1273931/000119312512347412/0001193125-12-347412-index.htm",
        "finalLink": "https://www.sec.gov/Archives/edgar/data/1273931/000119312512347412/d355663d10q.htm"
    },
    {
        "date": "2012-03-31",
        "symbol": "MGI",
        "reportedCurrency": "USD",
        "cik": "0001273931",
        "fillingDate": "2012-05-04",
        "acceptedDate": "2012-05-04 16:50:56",
        "calendarYear": "2012",
        "period": "Q1",
        "revenue": 318095000,
        "costOfRevenue": 141992000,
        "grossProfit": 176103000,
        "grossProfitRatio": 0.55361763,
        "researchAndDevelopmentExpenses": 0,
        "generalAndAdministrativeExpenses": 129489000,
        "sellingAndMarketingExpenses": 0,
        "sellingGeneralAndAdministrativeExpenses": 129489000,
        "otherExpenses": 262323000,
        "operatingExpenses": 140172000,
        "costAndExpenses": 282164000,
        "interestIncome": 0,
        "interestExpense": 17883000,
        "depreciationAndAmortization": 10683000,
        "ebitda": 0,
        "ebitdaratio": 0,
        "operatingIncome": 35931000,
        "operatingIncomeRatio": 0.1129568211,
        "totalOtherIncomeExpensesNet": -17883000,
        "incomeBeforeTax": 18048000,
        "incomeBeforeTaxRatio": 0.056737767,
        "incomeTaxExpense": 7779000,
        "netIncome": 10269000,
        "netIncomeRatio": 0.0322828086,
        "eps": 0.14,
        "epsdiluted": 0.14,
        "weightedAverageShsOut": 71500000,
        "weightedAverageShsOutDil": 71600000,
        "link": "https://www.sec.gov/Archives/edgar/data/1273931/000119312512212167/0001193125-12-212167-index.htm",
        "finalLink": "https://www.sec.gov/Archives/edgar/data/1273931/000119312512212167/d338071d10q.htm"
    },
    {
        "date": "2011-12-31",
        "symbol": "MGI",
        "reportedCurrency": "USD",
        "cik": "0001273931",
        "fillingDate": "2012-03-09",
        "acceptedDate": "2012-03-08 21:05:13",
        "calendarYear": "2011",
        "period": "Q4",
        "revenue": 321845000,
        "costOfRevenue": 142023000,
        "grossProfit": 179822000,
        "grossProfitRatio": 0.5587223664,
        "researchAndDevelopmentExpenses": 0,
        "generalAndAdministrativeExpenses": 132496000,
        "sellingAndMarketingExpenses": 0,
        "sellingGeneralAndAdministrativeExpenses": 132496000,
        "otherExpenses": 0,
        "operatingExpenses": 143589000,
        "costAndExpenses": 285612000,
        "interestIncome": 0,
        "interestExpense": 20445000,
        "depreciationAndAmortization": 11093000,
        "ebitda": 47326000,
        "ebitdaratio": 0.1470459383,
        "operatingIncome": 36233000,
        "operatingIncomeRatio": 0.1125790365,
        "totalOtherIncomeExpensesNet": -54217000,
        "incomeBeforeTax": -17984000,
        "incomeBeforeTaxRatio": -0.0558778294,
        "incomeTaxExpense": -21107000,
        "netIncome": 3123000,
        "netIncomeRatio": 0.0097034287,
        "eps": 0.052,
        "epsdiluted": 0.052,
        "weightedAverageShsOut": 60050000,
        "weightedAverageShsOutDil": 60100000,
        "link": "https://www.sec.gov/Archives/edgar/data/1273931/000119312512104763/0001193125-12-104763-index.htm",
        "finalLink": "https://www.sec.gov/Archives/edgar/data/1273931/000119312512104763/d270185d10k.htm"
    },
    {
        "date": "2011-09-30",
        "symbol": "MGI",
        "reportedCurrency": "USD",
        "cik": "0001273931",
        "fillingDate": "2011-11-03",
        "acceptedDate": "2011-11-03 15:26:56",
        "calendarYear": "2011",
        "period": "Q3",
        "revenue": 321947000,
        "costOfRevenue": 141109000,
        "grossProfit": 180838000,
        "grossProfitRatio": 0.5617011496,
        "researchAndDevelopmentExpenses": 0,
        "generalAndAdministrativeExpenses": 129100000,
        "sellingAndMarketingExpenses": 0,
        "sellingGeneralAndAdministrativeExpenses": 129100000,
        "otherExpenses": 281622000,
        "operatingExpenses": 140513000,
        "costAndExpenses": 281622000,
        "interestIncome": 0,
        "interestExpense": 22234000,
        "depreciationAndAmortization": 11413000,
        "ebitda": 51738000,
        "ebitdaratio": 0.1607034698,
        "operatingIncome": 40325000,
        "operatingIncomeRatio": 0.1252535355,
        "totalOtherIncomeExpensesNet": -23004000,
        "incomeBeforeTax": 17321000,
        "incomeBeforeTaxRatio": 0.0538007809,
        "incomeTaxExpense": 1487000,
        "netIncome": 15834000,
        "netIncomeRatio": 0.0491820082,
        "eps": 0.22,
        "epsdiluted": 0.22,
        "weightedAverageShsOut": 71478000,
        "weightedAverageShsOutDil": 72176000,
        "link": "https://www.sec.gov/Archives/edgar/data/1273931/000119312511294939/0001193125-11-294939-index.htm",
        "finalLink": "https://www.sec.gov/Archives/edgar/data/1273931/000119312511294939/d246585d10q.htm"
    },
    {
        "date": "2011-06-30",
        "symbol": "MGI",
        "reportedCurrency": "USD",
        "cik": "0001273931",
        "fillingDate": "2011-08-09",
        "acceptedDate": "2011-08-08 19:45:28",
        "calendarYear": "2011",
        "period": "Q2",
        "revenue": 309953000,
        "costOfRevenue": 135672000,
        "grossProfit": 174281000,
        "grossProfitRatio": 0.5622820234,
        "researchAndDevelopmentExpenses": 0,
        "generalAndAdministrativeExpenses": 128144000,
        "sellingAndMarketingExpenses": 0,
        "sellingGeneralAndAdministrativeExpenses": 128144000,
        "otherExpenses": 275695000,
        "operatingExpenses": 140023000,
        "costAndExpenses": 275695000,
        "interestIncome": 0,
        "interestExpense": 22873000,
        "depreciationAndAmortization": 11879000,
        "ebitda": 46137000,
        "ebitdaratio": 0.1488516001,
        "operatingIncome": 34258000,
        "operatingIncomeRatio": 0.1105264347,
        "totalOtherIncomeExpensesNet": -4913000,
        "incomeBeforeTax": 29345000,
        "incomeBeforeTaxRatio": 0.0946756444,
        "incomeTaxExpense": 2941000,
        "netIncome": 26404000,
        "netIncomeRatio": 0.085187109,
        "eps": -10.97,
        "epsdiluted": -10.97,
        "weightedAverageShsOut": 39959000,
        "weightedAverageShsOutDil": 39959000,
        "link": "https://www.sec.gov/Archives/edgar/data/1273931/000095012311074593/0000950123-11-074593-index.htm",
        "finalLink": "https://www.sec.gov/Archives/edgar/data/1273931/000095012311074593/c64611e10vq.htm"
    },
    {
        "date": "2011-03-31",
        "symbol": "MGI",
        "reportedCurrency": "USD",
        "cik": "0001273931",
        "fillingDate": "2011-05-09",
        "acceptedDate": "2011-05-09 16:59:02",
        "calendarYear": "2011",
        "period": "Q1",
        "revenue": 294024000,
        "costOfRevenue": 129200000,
        "grossProfit": 164824000,
        "grossProfitRatio": 0.5605800887,
        "researchAndDevelopmentExpenses": 0,
        "generalAndAdministrativeExpenses": 121457000,
        "sellingAndMarketingExpenses": 0,
        "sellingGeneralAndAdministrativeExpenses": 121457000,
        "otherExpenses": 262323000,
        "operatingExpenses": 133123000,
        "costAndExpenses": 262323000,
        "interestIncome": 0,
        "interestExpense": 20613000,
        "depreciationAndAmortization": 11666000,
        "ebitda": 43367000,
        "ebitdaratio": 0.1474947623,
        "operatingIncome": 31701000,
        "operatingIncomeRatio": 0.1078177292,
        "totalOtherIncomeExpensesNet": -20613000,
        "incomeBeforeTax": 11088000,
        "incomeBeforeTaxRatio": 0.0377112072,
        "incomeTaxExpense": -2957000,
        "netIncome": 14045000,
        "netIncomeRatio": 0.0477682094,
        "eps": -2.08,
        "epsdiluted": -2.08,
        "weightedAverageShsOut": 10455000,
        "weightedAverageShsOutDil": 10455000,
        "link": "https://www.sec.gov/Archives/edgar/data/1273931/000095012311047472/0000950123-11-047472-index.htm",
        "finalLink": "https://www.sec.gov/Archives/edgar/data/1273931/000095012311047472/c63403e10vq.htm"
    },
    {
        "date": "2010-12-31",
        "symbol": "MGI",
        "reportedCurrency": "USD",
        "cik": "0001273931",
        "fillingDate": "2011-03-16",
        "acceptedDate": "2011-03-15 19:07:36",
        "calendarYear": "2010",
        "period": "Q4",
        "revenue": 301250000,
        "costOfRevenue": 131234000,
        "grossProfit": 170016000,
        "grossProfitRatio": 0.5643684647,
        "researchAndDevelopmentExpenses": 0,
        "generalAndAdministrativeExpenses": 111857000,
        "sellingAndMarketingExpenses": 0,
        "sellingGeneralAndAdministrativeExpenses": 111857000,
        "otherExpenses": 0,
        "operatingExpenses": 124047000,
        "costAndExpenses": 255281000,
        "interestIncome": 0,
        "interestExpense": 25597000,
        "depreciationAndAmortization": 12190000,
        "ebitda": 60274000,
        "ebitdaratio": 0.200079668,
        "operatingIncome": 45969000,
        "operatingIncomeRatio": 0.1525941909,
        "totalOtherIncomeExpensesNet": -23482000,
        "incomeBeforeTax": 22487000,
        "incomeBeforeTaxRatio": 0.0746456432,
        "incomeTaxExpense": 6331000,
        "netIncome": 16156000,
        "netIncomeRatio": 0.0536298755,
        "eps": 1.55,
        "epsdiluted": 1.55,
        "weightedAverageShsOut": 10407625,
        "weightedAverageShsOutDil": 10407625,
        "link": "https://www.sec.gov/Archives/edgar/data/1273931/000095012311025682/0000950123-11-025682-index.htm",
        "finalLink": "https://www.sec.gov/Archives/edgar/data/1273931/000095012311025682/c62271e10vk.htm"
    },
    {
        "date": "2010-09-30",
        "symbol": "MGI",
        "reportedCurrency": "USD",
        "cik": "0001273931",
        "fillingDate": "2010-11-05",
        "acceptedDate": "2010-11-05 17:18:37",
        "calendarYear": "2010",
        "period": "Q3",
        "revenue": 292887000,
        "costOfRevenue": 127184000,
        "grossProfit": 165703000,
        "grossProfitRatio": 0.5657574423,
        "researchAndDevelopmentExpenses": 0,
        "generalAndAdministrativeExpenses": 115732000,
        "sellingAndMarketingExpenses": 0,
        "sellingGeneralAndAdministrativeExpenses": 115732000,
        "otherExpenses": 0,
        "operatingExpenses": 127229000,
        "costAndExpenses": 254413000,
        "interestIncome": 0,
        "interestExpense": 24689000,
        "depreciationAndAmortization": 11497000,
        "ebitda": 49971000,
        "ebitdaratio": 0.1706152885,
        "operatingIncome": 38474000,
        "operatingIncomeRatio": 0.1313612417,
        "totalOtherIncomeExpensesNet": -24689000,
        "incomeBeforeTax": 13785000,
        "incomeBeforeTaxRatio": 0.0470659333,
        "incomeTaxExpense": 3800000,
        "netIncome": 9985000,
        "netIncomeRatio": 0.0340916463,
        "eps": -2.4,
        "epsdiluted": -2.4,
        "weightedAverageShsOut": 10417000,
        "weightedAverageShsOutDil": 10417000,
        "link": "https://www.sec.gov/Archives/edgar/data/1273931/000095012310101808/0000950123-10-101808-index.htm",
        "finalLink": "https://www.sec.gov/Archives/edgar/data/1273931/000095012310101808/c59625e10vq.htm"
    },
    {
        "date": "2010-06-30",
        "symbol": "MGI",
        "reportedCurrency": "USD",
        "cik": "0001273931",
        "fillingDate": "2010-08-09",
        "acceptedDate": "2010-08-09 16:30:30",
        "calendarYear": "2010",
        "period": "Q2",
        "revenue": 283620000,
        "costOfRevenue": 120464000,
        "grossProfit": 163156000,
        "grossProfitRatio": 0.5752626754,
        "researchAndDevelopmentExpenses": 0,
        "generalAndAdministrativeExpenses": 114779000,
        "sellingAndMarketingExpenses": 0,
        "sellingGeneralAndAdministrativeExpenses": 114779000,
        "otherExpenses": 0,
        "operatingExpenses": 126655000,
        "costAndExpenses": 247119000,
        "interestIncome": 0,
        "interestExpense": 27440000,
        "depreciationAndAmortization": 11876000,
        "ebitda": 48377000,
        "ebitdaratio": 0.1705697765,
        "operatingIncome": 9061000,
        "operatingIncomeRatio": 0.0319476765,
        "totalOtherIncomeExpensesNet": 0,
        "incomeBeforeTax": 9061000,
        "incomeBeforeTaxRatio": 0.0319476765,
        "incomeTaxExpense": 2213000,
        "netIncome": 6848000,
        "netIncomeRatio": 0.0241449827,
        "eps": -2.48,
        "epsdiluted": -2.48,
        "weightedAverageShsOut": 10408250,
        "weightedAverageShsOutDil": 10408250,
        "link": "https://www.sec.gov/Archives/edgar/data/1273931/000095012310075063/0000950123-10-075063-index.htm",
        "finalLink": "https://www.sec.gov/Archives/edgar/data/1273931/000095012310075063/c59494e10vq.htm"
    },
    {
        "date": "2010-03-31",
        "symbol": "MGI",
        "reportedCurrency": "USD",
        "cik": "0001273931",
        "fillingDate": "2010-05-07",
        "acceptedDate": "2010-05-07 14:25:19",
        "calendarYear": "2010",
        "period": "Q1",
        "revenue": 288896000,
        "costOfRevenue": 122614000,
        "grossProfit": 166282000,
        "grossProfitRatio": 0.5755773704,
        "researchAndDevelopmentExpenses": 0,
        "generalAndAdministrativeExpenses": 116317000,
        "sellingAndMarketingExpenses": 0,
        "sellingGeneralAndAdministrativeExpenses": 116317000,
        "otherExpenses": 0,
        "operatingExpenses": 128828000,
        "costAndExpenses": 251442000,
        "interestIncome": 0,
        "interestExpense": 24407000,
        "depreciationAndAmortization": 12511000,
        "ebitda": 49965000,
        "ebitdaratio": 0.172951512,
        "operatingIncome": 37454000,
        "operatingIncomeRatio": 0.1296452703,
        "totalOtherIncomeExpensesNet": -24407000,
        "incomeBeforeTax": 13047000,
        "incomeBeforeTaxRatio": 0.0451615806,
        "incomeTaxExpense": 2235000,
        "netIncome": 10812000,
        "netIncomeRatio": 0.0374252326,
        "eps": -2.08,
        "epsdiluted": -2.08,
        "weightedAverageShsOut": 10329000,
        "weightedAverageShsOutDil": 10329000,
        "link": "https://www.sec.gov/Archives/edgar/data/1273931/000095012310046242/0000950123-10-046242-index.htm",
        "finalLink": "https://www.sec.gov/Archives/edgar/data/1273931/000095012310046242/c57919e10vq.htm"
    },
    {
        "date": "2009-12-31",
        "symbol": "MGI",
        "reportedCurrency": "USD",
        "cik": "0001273931",
        "fillingDate": "2010-03-15",
        "acceptedDate": "2010-03-15 16:23:27",
        "calendarYear": "2009",
        "period": "Q4",
        "revenue": 296380000,
        "costOfRevenue": 128679000,
        "grossProfit": 167701000,
        "grossProfitRatio": 0.5658310277,
        "researchAndDevelopmentExpenses": 0,
        "generalAndAdministrativeExpenses": 138781000,
        "sellingAndMarketingExpenses": 0,
        "sellingGeneralAndAdministrativeExpenses": 138781000,
        "otherExpenses": 0,
        "operatingExpenses": 152038000,
        "costAndExpenses": 280717000,
        "interestIncome": 0,
        "interestExpense": 28095000,
        "depreciationAndAmortization": 13257000,
        "ebitda": 28920000,
        "ebitdaratio": 0.0975774344,
        "operatingIncome": 15663000,
        "operatingIncomeRatio": 0.0528476955,
        "totalOtherIncomeExpensesNet": -28095000,
        "incomeBeforeTax": -12432000,
        "incomeBeforeTaxRatio": -0.0419461502,
        "incomeTaxExpense": -20306000,
        "netIncome": 7874000,
        "netIncomeRatio": 0.0265672448,
        "eps": 0.76,
        "epsdiluted": 0.76,
        "weightedAverageShsOut": 10320688,
        "weightedAverageShsOutDil": 10320688,
        "link": "https://www.sec.gov/Archives/edgar/data/1273931/000095012310024699/0000950123-10-024699-index.htm",
        "finalLink": "https://www.sec.gov/Archives/edgar/data/1273931/000095012310024699/c56456e10vk.htm"
    },
    {
        "date": "2009-09-30",
        "symbol": "MGI",
        "reportedCurrency": "USD",
        "cik": "0001273931",
        "fillingDate": "2009-11-09",
        "acceptedDate": "2009-11-09 15:24:14",
        "calendarYear": "2009",
        "period": "Q3",
        "revenue": 304450000,
        "costOfRevenue": 128727000,
        "grossProfit": 175723000,
        "grossProfitRatio": 0.5771818033,
        "researchAndDevelopmentExpenses": 0,
        "generalAndAdministrativeExpenses": 153790000,
        "sellingAndMarketingExpenses": 0,
        "sellingGeneralAndAdministrativeExpenses": 153790000,
        "otherExpenses": 0,
        "operatingExpenses": 168300000,
        "costAndExpenses": 297027000,
        "interestIncome": 0,
        "interestExpense": 26127000,
        "depreciationAndAmortization": 14510000,
        "ebitda": 21933000,
        "ebitdaratio": 0.0720413861,
        "operatingIncome": 7423000,
        "operatingIncomeRatio": 0.0243816719,
        "totalOtherIncomeExpensesNet": -26127000,
        "incomeBeforeTax": -18704000,
        "incomeBeforeTaxRatio": -0.0614353753,
        "incomeTaxExpense": -400000,
        "netIncome": -18304000,
        "netIncomeRatio": -0.0601215306,
        "eps": -1.77,
        "epsdiluted": -1.77,
        "weightedAverageShsOut": 10313125,
        "weightedAverageShsOutDil": 10313125,
        "link": "https://www.sec.gov/Archives/edgar/data/1273931/000095012309060080/0000950123-09-060080-index.htm",
        "finalLink": "https://www.sec.gov/Archives/edgar/data/1273931/000095012309060080/c54467e10vq.htm"
    },
    {
        "date": "2009-06-30",
        "symbol": "MGI",
        "reportedCurrency": "USD",
        "cik": "0001273931",
        "fillingDate": "2009-08-10",
        "acceptedDate": "2009-08-10 16:10:35",
        "calendarYear": "2009",
        "period": "Q2",
        "revenue": 291181000,
        "costOfRevenue": 122118000,
        "grossProfit": 169063000,
        "grossProfitRatio": 0.5806113723,
        "researchAndDevelopmentExpenses": 0,
        "generalAndAdministrativeExpenses": 131042000,
        "sellingAndMarketingExpenses": 0,
        "sellingGeneralAndAdministrativeExpenses": 131042000,
        "otherExpenses": 0,
        "operatingExpenses": 146004000,
        "costAndExpenses": 268122000,
        "interestIncome": 0,
        "interestExpense": 26649000,
        "depreciationAndAmortization": 14962000,
        "ebitda": 38021000,
        "ebitdaratio": 0.1305751405,
        "operatingIncome": 23059000,
        "operatingIncomeRatio": 0.0791912934,
        "totalOtherIncomeExpensesNet": -26649000,
        "incomeBeforeTax": -3590000,
        "incomeBeforeTaxRatio": -0.0123291011,
        "incomeTaxExpense": -273000,
        "netIncome": -3317000,
        "netIncomeRatio": -0.01139154,
        "eps": -0.32,
        "epsdiluted": -0.32,
        "weightedAverageShsOut": 10313000,
        "weightedAverageShsOutDil": 10313000,
        "link": "https://www.sec.gov/Archives/edgar/data/1273931/000095012309032878/0000950123-09-032878-index.htm",
        "finalLink": "https://www.sec.gov/Archives/edgar/data/1273931/000095012309032878/c52744e10vq.htm"
    },
    {
        "date": "2009-03-31",
        "symbol": "MGI",
        "reportedCurrency": "USD",
        "cik": "0001273931",
        "fillingDate": "2009-05-11",
        "acceptedDate": "2009-05-11 16:00:44",
        "calendarYear": "2009",
        "period": "Q1",
        "revenue": 279891000,
        "costOfRevenue": 118943000,
        "grossProfit": 160948000,
        "grossProfitRatio": 0.5750381398,
        "researchAndDevelopmentExpenses": 0,
        "generalAndAdministrativeExpenses": 107142000,
        "sellingAndMarketingExpenses": 0,
        "sellingGeneralAndAdministrativeExpenses": 107142000,
        "otherExpenses": 0,
        "operatingExpenses": 121504000,
        "costAndExpenses": 240447000,
        "interestIncome": 0,
        "interestExpense": 27040000,
        "depreciationAndAmortization": 14362000,
        "ebitda": 53806000,
        "ebitdaratio": 0.1922391217,
        "operatingIncome": 39444000,
        "operatingIncomeRatio": 0.1409262892,
        "totalOtherIncomeExpensesNet": -27040000,
        "incomeBeforeTax": 12404000,
        "incomeBeforeTaxRatio": 0.0443172521,
        "incomeTaxExpense": 563000,
        "netIncome": 11841000,
        "netIncomeRatio": 0.0423057547,
        "eps": -1.6,
        "epsdiluted": -1.6,
        "weightedAverageShsOut": 10310375,
        "weightedAverageShsOutDil": 10310375,
        "link": "https://www.sec.gov/Archives/edgar/data/1273931/000095013709003834/0000950137-09-003834-index.htm",
        "finalLink": "https://www.sec.gov/Archives/edgar/data/1273931/000095013709003834/c51041e10vq.htm"
    },
    {
        "date": "2008-12-31",
        "symbol": "MGI",
        "reportedCurrency": "USD",
        "cik": "0001273931",
        "fillingDate": "2009-03-03",
        "acceptedDate": "2009-03-03 17:13:35",
        "calendarYear": "2008",
        "period": "Q4",
        "revenue": 318969000,
        "costOfRevenue": 125410000,
        "grossProfit": 193559000,
        "grossProfitRatio": 0.6068269957,
        "researchAndDevelopmentExpenses": 0,
        "generalAndAdministrativeExpenses": 129927000,
        "sellingAndMarketingExpenses": 0,
        "sellingGeneralAndAdministrativeExpenses": 129927000,
        "otherExpenses": 0,
        "operatingExpenses": 144202000,
        "costAndExpenses": 269612000,
        "interestIncome": 0,
        "interestExpense": 28389000,
        "depreciationAndAmortization": 14275000,
        "ebitda": -681102000,
        "ebitdaratio": -2.1353234954,
        "operatingIncome": 20968000,
        "operatingIncomeRatio": 0.0657367957,
        "totalOtherIncomeExpensesNet": 0,
        "incomeBeforeTax": 20968000,
        "incomeBeforeTaxRatio": 0.0657367957,
        "incomeTaxExpense": -101893000,
        "netIncome": 122861000,
        "netIncomeRatio": 0.3851816321,
        "eps": 11.92,
        "epsdiluted": 11.92,
        "weightedAverageShsOut": 10308688,
        "weightedAverageShsOutDil": 10308688,
        "link": "https://www.sec.gov/Archives/edgar/data/1273931/000095013709001475/0000950137-09-001475-index.htm",
        "finalLink": "https://www.sec.gov/Archives/edgar/data/1273931/000095013709001475/c48589e10vk.htm"
    },
    {
        "date": "2008-09-30",
        "symbol": "MGI",
        "reportedCurrency": "USD",
        "cik": "0001273931",
        "fillingDate": "2008-11-10",
        "acceptedDate": "2008-11-10 16:27:41",
        "calendarYear": "2008",
        "period": "Q3",
        "revenue": 304999000,
        "costOfRevenue": 141365000,
        "grossProfit": 163634000,
        "grossProfitRatio": 0.5365066771,
        "researchAndDevelopmentExpenses": 0,
        "generalAndAdministrativeExpenses": 113140000,
        "sellingAndMarketingExpenses": 0,
        "sellingGeneralAndAdministrativeExpenses": 113140000,
        "otherExpenses": 0,
        "operatingExpenses": 127031000,
        "costAndExpenses": 268396000,
        "interestIncome": 0,
        "interestExpense": 27834000,
        "depreciationAndAmortization": 13891000,
        "ebitda": 3261000,
        "ebitdaratio": 0.0106918383,
        "operatingIncome": -38464000,
        "operatingIncomeRatio": -0.1261118889,
        "totalOtherIncomeExpensesNet": -75067000,
        "incomeBeforeTax": -38464000,
        "incomeBeforeTaxRatio": -0.1261118889,
        "incomeTaxExpense": 88000,
        "netIncome": -38552000,
        "netIncomeRatio": -0.1264004144,
        "eps": -3.74,
        "epsdiluted": -3.74,
        "weightedAverageShsOut": 10308000,
        "weightedAverageShsOutDil": 10308000,
        "link": "https://www.sec.gov/Archives/edgar/data/1273931/000095012908005553/0000950129-08-005553-index.htm",
        "finalLink": "https://www.sec.gov/Archives/edgar/data/1273931/000095012908005553/c47001e10vq.htm"
    },
    {
        "date": "2008-06-30",
        "symbol": "MGI",
        "reportedCurrency": "USD",
        "cik": "0001273931",
        "fillingDate": "2008-08-13",
        "acceptedDate": "2008-08-13 17:05:59",
        "calendarYear": "2008",
        "period": "Q2",
        "revenue": 286088000,
        "costOfRevenue": 123713000,
        "grossProfit": 162375000,
        "grossProfitRatio": 0.5675701183,
        "researchAndDevelopmentExpenses": 0,
        "generalAndAdministrativeExpenses": 131862000,
        "sellingAndMarketingExpenses": 0,
        "sellingGeneralAndAdministrativeExpenses": 131862000,
        "otherExpenses": 0,
        "operatingExpenses": 146150000,
        "costAndExpenses": 269863000,
        "interestIncome": 0,
        "interestExpense": 24008000,
        "depreciationAndAmortization": 14288000,
        "ebitda": 30513000,
        "ebitdaratio": 0.106655994,
        "operatingIncome": 23420000,
        "operatingIncomeRatio": 0.0818629233,
        "totalOtherIncomeExpensesNet": 0,
        "incomeBeforeTax": 23420000,
        "incomeBeforeTaxRatio": 0.0818629233,
        "incomeTaxExpense": 8259000,
        "netIncome": 15161000,
        "netIncomeRatio": 0.0529941836,
        "eps": -0.88,
        "epsdiluted": -0.88,
        "weightedAverageShsOut": 10308000,
        "weightedAverageShsOutDil": 10308000,
        "link": "https://www.sec.gov/Archives/edgar/data/1273931/000095013708010702/0000950137-08-010702-index.htm",
        "finalLink": "https://www.sec.gov/Archives/edgar/data/1273931/000095013708010702/c34476e10vq.htm"
    },
    {
        "date": "2008-03-31",
        "symbol": "MGI",
        "reportedCurrency": "USD",
        "cik": "0001273931",
        "fillingDate": "2008-05-12",
        "acceptedDate": "2008-05-12 17:15:57",
        "calendarYear": "2008",
        "period": "Q1",
        "revenue": 17062000,
        "costOfRevenue": 214121000,
        "grossProfit": -197059000,
        "grossProfitRatio": -11.5495838706,
        "researchAndDevelopmentExpenses": 0,
        "generalAndAdministrativeExpenses": 115550000,
        "sellingAndMarketingExpenses": 0,
        "sellingGeneralAndAdministrativeExpenses": 115550000,
        "otherExpenses": 0,
        "operatingExpenses": 129768000,
        "costAndExpenses": 343889000,
        "interestIncome": 0,
        "interestExpense": 14789000,
        "depreciationAndAmortization": 14218000,
        "ebitda": -312609000,
        "ebitdaratio": -18.3219435002,
        "operatingIncome": -343115000,
        "operatingIncomeRatio": -20.1098933302,
        "totalOtherIncomeExpensesNet": 0,
        "incomeBeforeTax": -343115000,
        "incomeBeforeTaxRatio": -20.1098933302,
        "incomeTaxExpense": 17740000,
        "netIncome": -360855000,
        "netIncomeRatio": -21.1496307584,
        "eps": -35.02,
        "epsdiluted": -35.02,
        "weightedAverageShsOut": 10303750,
        "weightedAverageShsOutDil": 10303750,
        "link": "https://www.sec.gov/Archives/edgar/data/1273931/000095013708007270/0000950137-08-007270-index.htm",
        "finalLink": "https://www.sec.gov/Archives/edgar/data/1273931/000095013708007270/c26629e10vq.htm"
    },
    {
        "date": "2007-12-31",
        "symbol": "MGI",
        "reportedCurrency": "USD",
        "cik": "0001273931",
        "fillingDate": "2008-03-25",
        "acceptedDate": "2008-03-25 16:06:38",
        "calendarYear": "2007",
        "period": "Q4",
        "revenue": -827354000,
        "costOfRevenue": 175697000,
        "grossProfit": -1003051000,
        "grossProfitRatio": 1.2123601264,
        "researchAndDevelopmentExpenses": 0,
        "generalAndAdministrativeExpenses": 112390000,
        "sellingAndMarketingExpenses": 0,
        "sellingGeneralAndAdministrativeExpenses": 112390000,
        "otherExpenses": 0,
        "operatingExpenses": 126534000,
        "costAndExpenses": 302231000,
        "interestIncome": 0,
        "interestExpense": 4912000,
        "depreciationAndAmortization": 14144000,
        "ebitda": -1115441000,
        "ebitdaratio": 1.3482028249,
        "operatingIncome": -1134497000,
        "operatingIncomeRatio": 1.3712352874,
        "totalOtherIncomeExpensesNet": 0,
        "incomeBeforeTax": -1134497000,
        "incomeBeforeTaxRatio": 1.3712352874,
        "incomeTaxExpense": 33741000,
        "netIncome": -1168487000,
        "netIncomeRatio": 1.4123180646,
        "eps": -113.1,
        "epsdiluted": -112.44,
        "weightedAverageShsOut": 10331625,
        "weightedAverageShsOutDil": 10391813,
        "link": "https://www.sec.gov/Archives/edgar/data/1273931/000095013708004210/0000950137-08-004210-index.htm",
        "finalLink": "https://www.sec.gov/Archives/edgar/data/1273931/000095013708004210/c23620e10vk.htm"
    },
    {
        "date": "2007-09-30",
        "symbol": "MGI",
        "reportedCurrency": "USD",
        "cik": "0001273931",
        "fillingDate": "2007-11-07",
        "acceptedDate": "2007-11-07 14:21:35",
        "calendarYear": "2007",
        "period": "Q3",
        "revenue": 341581000,
        "costOfRevenue": 170352000,
        "grossProfit": 171229000,
        "grossProfitRatio": 0.5012837365,
        "researchAndDevelopmentExpenses": 0,
        "generalAndAdministrativeExpenses": 105824000,
        "sellingAndMarketingExpenses": 0,
        "sellingGeneralAndAdministrativeExpenses": 105824000,
        "otherExpenses": 0,
        "operatingExpenses": 119768000,
        "costAndExpenses": 290120000,
        "interestIncome": 0,
        "interestExpense": 2202000,
        "depreciationAndAmortization": 13944000,
        "ebitda": 65405000,
        "ebitdaratio": 0.1914772777,
        "operatingIncome": 49259000,
        "operatingIncomeRatio": 0.1442088407,
        "totalOtherIncomeExpensesNet": 0,
        "incomeBeforeTax": 49259000,
        "incomeBeforeTaxRatio": 0.1442088407,
        "incomeTaxExpense": 14967000,
        "netIncome": 34292000,
        "netIncomeRatio": 0.1003920007,
        "eps": 3.36,
        "epsdiluted": 3.28,
        "weightedAverageShsOut": 10311000,
        "weightedAverageShsOutDil": 10431375,
        "link": "https://www.sec.gov/Archives/edgar/data/1273931/000095013707016714/0000950137-07-016714-index.htm",
        "finalLink": "https://www.sec.gov/Archives/edgar/data/1273931/000095013707016714/c21259e10vq.htm"
    },
    {
        "date": "2007-06-30",
        "symbol": "MGI",
        "reportedCurrency": "USD",
        "cik": "0001273931",
        "fillingDate": "2007-08-09",
        "acceptedDate": "2007-08-09 15:12:39",
        "calendarYear": "2007",
        "period": "Q2",
        "revenue": 333259000,
        "costOfRevenue": 165599000,
        "grossProfit": 167660000,
        "grossProfitRatio": 0.5030921896,
        "researchAndDevelopmentExpenses": 0,
        "generalAndAdministrativeExpenses": 105586000,
        "sellingAndMarketingExpenses": 0,
        "sellingGeneralAndAdministrativeExpenses": 105586000,
        "otherExpenses": 0,
        "operatingExpenses": 117797000,
        "costAndExpenses": 283396000,
        "interestIncome": 0,
        "interestExpense": 1983000,
        "depreciationAndAmortization": 12211000,
        "ebitda": 62074000,
        "ebitdaratio": 0.1862635368,
        "operatingIncome": 47880000,
        "operatingIncomeRatio": 0.1436720389,
        "totalOtherIncomeExpensesNet": 0,
        "incomeBeforeTax": 47880000,
        "incomeBeforeTaxRatio": 0.1436720389,
        "incomeTaxExpense": 15521000,
        "netIncome": 32359000,
        "netIncomeRatio": 0.097098653,
        "eps": 3.12,
        "epsdiluted": 3.04,
        "weightedAverageShsOut": 10365250,
        "weightedAverageShsOutDil": 10521125,
        "link": "https://www.sec.gov/Archives/edgar/data/1273931/000095013707011787/0000950137-07-011787-index.htm",
        "finalLink": "https://www.sec.gov/Archives/edgar/data/1273931/000095013707011787/c17471e10vq.htm"
    },
    {
        "date": "2007-03-31",
        "symbol": "MGI",
        "reportedCurrency": "USD",
        "cik": "0001273931",
        "fillingDate": "2007-05-10",
        "acceptedDate": "2007-05-10 14:14:09",
        "calendarYear": "2007",
        "period": "Q1",
        "revenue": 310051000,
        "costOfRevenue": 152260000,
        "grossProfit": 157791000,
        "grossProfitRatio": 0.5089195003,
        "researchAndDevelopmentExpenses": 0,
        "generalAndAdministrativeExpenses": 100062000,
        "sellingAndMarketingExpenses": 0,
        "sellingGeneralAndAdministrativeExpenses": 100062000,
        "otherExpenses": 0,
        "operatingExpenses": 111742000,
        "costAndExpenses": 264002000,
        "interestIncome": 0,
        "interestExpense": 1958000,
        "depreciationAndAmortization": 11680000,
        "ebitda": 57729000,
        "ebitdaratio": 0.1861919491,
        "operatingIncome": 44091000,
        "operatingIncomeRatio": 0.1422056371,
        "totalOtherIncomeExpensesNet": 0,
        "incomeBeforeTax": 44091000,
        "incomeBeforeTaxRatio": 0.1422056371,
        "incomeTaxExpense": 14252000,
        "netIncome": 29839000,
        "netIncomeRatio": 0.0962390058,
        "eps": 2.88,
        "epsdiluted": 2.8,
        "weightedAverageShsOut": 10433625,
        "weightedAverageShsOutDil": 10599000,
        "link": "https://www.sec.gov/Archives/edgar/data/1273931/000095013707007212/0000950137-07-007212-index.htm",
        "finalLink": "https://www.sec.gov/Archives/edgar/data/1273931/000095013707007212/c14974e10vq.htm"
    },
    {
        "date": "2006-12-31",
        "symbol": "MGI",
        "reportedCurrency": "USD",
        "cik": "0001273931",
        "fillingDate": "2007-03-01",
        "acceptedDate": "2007-03-01 16:53:19",
        "calendarYear": "2006",
        "period": "Q4",
        "revenue": 306543000,
        "costOfRevenue": 152067000,
        "grossProfit": 154476000,
        "grossProfitRatio": 0.5039293019,
        "researchAndDevelopmentExpenses": 0,
        "generalAndAdministrativeExpenses": 104385000,
        "sellingAndMarketingExpenses": 0,
        "sellingGeneralAndAdministrativeExpenses": 104385000,
        "otherExpenses": 0,
        "operatingExpenses": 115166000,
        "costAndExpenses": 267233000,
        "interestIncome": 97607000,
        "interestExpense": 2003000,
        "depreciationAndAmortization": 10781000,
        "ebitda": 50091000,
        "ebitdaratio": 0.1634061127,
        "operatingIncome": 39310000,
        "operatingIncomeRatio": 0.1282364954,
        "totalOtherIncomeExpensesNet": -2003000,
        "incomeBeforeTax": 37307000,
        "incomeBeforeTaxRatio": 0.1217023387,
        "incomeTaxExpense": 10932000,
        "netIncome": 26375000,
        "netIncomeRatio": 0.0860401314,
        "eps": 2.52,
        "epsdiluted": 2.47,
        "weightedAverageShsOut": 10485188,
        "weightedAverageShsOutDil": 10663125,
        "link": "https://www.sec.gov/Archives/edgar/data/1273931/000095013707003134/0000950137-07-003134-index.htm",
        "finalLink": "https://www.sec.gov/Archives/edgar/data/1273931/000095013707003134/c12723e10vk.htm"
    },
    {
        "date": "2006-09-30",
        "symbol": "MGI",
        "reportedCurrency": "USD",
        "cik": "0001273931",
        "fillingDate": "2006-11-09",
        "acceptedDate": "2006-11-09 15:13:57",
        "calendarYear": "2006",
        "period": "Q3",
        "revenue": 296431000,
        "costOfRevenue": 146664000,
        "grossProfit": 149767000,
        "grossProfitRatio": 0.505233933,
        "researchAndDevelopmentExpenses": 0,
        "generalAndAdministrativeExpenses": 95385000,
        "sellingAndMarketingExpenses": 0,
        "sellingGeneralAndAdministrativeExpenses": 95385000,
        "otherExpenses": 0,
        "operatingExpenses": 105804000,
        "costAndExpenses": 252468000,
        "interestIncome": 0,
        "interestExpense": 2003000,
        "depreciationAndAmortization": 10419000,
        "ebitda": 54382000,
        "ebitdaratio": 0.1834558464,
        "operatingIncome": 43963000,
        "operatingIncomeRatio": 0.1483077006,
        "totalOtherIncomeExpensesNet": -2003000,
        "incomeBeforeTax": 41960000,
        "incomeBeforeTaxRatio": 0.1415506475,
        "incomeTaxExpense": 11922000,
        "netIncome": 30038000,
        "netIncomeRatio": 0.1013321819,
        "eps": 2.88,
        "epsdiluted": 2.8,
        "weightedAverageShsOut": 10537250,
        "weightedAverageShsOutDil": 10724875,
        "link": "https://www.sec.gov/Archives/edgar/data/1273931/000095013706012151/0000950137-06-012151-index.htm",
        "finalLink": "https://www.sec.gov/Archives/edgar/data/1273931/000095013706012151/c09853e10vq.htm"
    },
    {
        "date": "2006-06-30",
        "symbol": "MGI",
        "reportedCurrency": "USD",
        "cik": "0001273931",
        "fillingDate": "2006-08-09",
        "acceptedDate": "2006-08-09 16:13:49",
        "calendarYear": "2006",
        "period": "Q2",
        "revenue": 292913000,
        "costOfRevenue": 138655000,
        "grossProfit": 154258000,
        "grossProfitRatio": 0.5266341883,
        "researchAndDevelopmentExpenses": 0,
        "generalAndAdministrativeExpenses": 91120000,
        "sellingAndMarketingExpenses": 0,
        "sellingGeneralAndAdministrativeExpenses": 91120000,
        "otherExpenses": 0,
        "operatingExpenses": 100465000,
        "costAndExpenses": 239120000,
        "interestIncome": 0,
        "interestExpense": 1975000,
        "depreciationAndAmortization": 9345000,
        "ebitda": 63138000,
        "ebitdaratio": 0.2155520581,
        "operatingIncome": 53793000,
        "operatingIncomeRatio": 0.1836483871,
        "totalOtherIncomeExpensesNet": -1975000,
        "incomeBeforeTax": 51818000,
        "incomeBeforeTaxRatio": 0.1769057707,
        "incomeTaxExpense": 15112000,
        "netIncome": 36706000,
        "netIncomeRatio": 0.1253136597,
        "eps": 3.44,
        "epsdiluted": 3.36,
        "weightedAverageShsOut": 10590875,
        "weightedAverageShsOutDil": 10810375,
        "link": "https://www.sec.gov/Archives/edgar/data/1273931/000095013406015522/0000950134-06-015522-index.htm",
        "finalLink": "https://www.sec.gov/Archives/edgar/data/1273931/000095013406015522/c07489e10vq.htm"
    },
    {
        "date": "2006-03-31",
        "symbol": "MGI",
        "reportedCurrency": "USD",
        "cik": "0001273931",
        "fillingDate": "2006-05-10",
        "acceptedDate": "2006-05-10 15:39:19",
        "calendarYear": "2006",
        "period": "Q1",
        "revenue": 263672000,
        "costOfRevenue": 126273000,
        "grossProfit": 137399000,
        "grossProfitRatio": 0.5210981826,
        "researchAndDevelopmentExpenses": 0,
        "generalAndAdministrativeExpenses": 81332000,
        "sellingAndMarketingExpenses": 0,
        "sellingGeneralAndAdministrativeExpenses": 81332000,
        "otherExpenses": 0,
        "operatingExpenses": 89764000,
        "costAndExpenses": 216037000,
        "interestIncome": 0,
        "interestExpense": 1947000,
        "depreciationAndAmortization": 8432000,
        "ebitda": 56067000,
        "ebitdaratio": 0.2126391881,
        "operatingIncome": 47635000,
        "operatingIncomeRatio": 0.1806600625,
        "totalOtherIncomeExpensesNet": -1947000,
        "incomeBeforeTax": 45688000,
        "incomeBeforeTaxRatio": 0.1732758882,
        "incomeTaxExpense": 14753000,
        "netIncome": 30935000,
        "netIncomeRatio": 0.1173237962,
        "eps": 2.96,
        "epsdiluted": 2.88,
        "weightedAverageShsOut": 10546125,
        "weightedAverageShsOutDil": 10744750,
        "link": "https://www.sec.gov/Archives/edgar/data/1273931/000095013406009436/0000950134-06-009436-index.htm",
        "finalLink": "https://www.sec.gov/Archives/edgar/data/1273931/000095013406009436/c05148e10vq.htm"
    },
    {
        "date": "2005-12-31",
        "symbol": "MGI",
        "reportedCurrency": "USD",
        "cik": "0001273931",
        "fillingDate": "2006-03-01",
        "acceptedDate": "2006-03-01 17:00:29",
        "calendarYear": "2005",
        "period": "Q4",
        "revenue": 256935000,
        "costOfRevenue": 125472000,
        "grossProfit": 131463000,
        "grossProfitRatio": 0.5116585907,
        "researchAndDevelopmentExpenses": 0,
        "generalAndAdministrativeExpenses": 84731000,
        "sellingAndMarketingExpenses": 0,
        "sellingGeneralAndAdministrativeExpenses": 84731000,
        "otherExpenses": 671567000,
        "operatingExpenses": 94009000,
        "costAndExpenses": 219481000,
        "interestIncome": 95801000,
        "interestExpense": 1914000,
        "depreciationAndAmortization": 9278000,
        "ebitda": 46732000,
        "ebitdaratio": 0.1818825773,
        "operatingIncome": 37454000,
        "operatingIncomeRatio": 0.145772277,
        "totalOtherIncomeExpensesNet": -1914000,
        "incomeBeforeTax": 35540000,
        "incomeBeforeTaxRatio": 0.1383229221,
        "incomeTaxExpense": 5985000,
        "netIncome": 29555000,
        "netIncomeRatio": 0.115029093,
        "eps": 2.79,
        "epsdiluted": 2.75,
        "weightedAverageShsOut": 10597375,
        "weightedAverageShsOutDil": 10749313,
        "link": "https://www.sec.gov/Archives/edgar/data/1273931/000095013406004056/0000950134-06-004056-index.htm",
        "finalLink": "https://www.sec.gov/Archives/edgar/data/1273931/000095013406004056/c01871e10vk.htm"
    },
    {
        "date": "2005-09-30",
        "symbol": "MGI",
        "reportedCurrency": "USD",
        "cik": "0001273931",
        "fillingDate": "2005-11-14",
        "acceptedDate": "2005-11-14 14:52:12",
        "calendarYear": "2005",
        "period": "Q3",
        "revenue": 246385000,
        "costOfRevenue": 119829000,
        "grossProfit": 126556000,
        "grossProfitRatio": 0.5136513992,
        "researchAndDevelopmentExpenses": 0,
        "generalAndAdministrativeExpenses": 77883000,
        "sellingAndMarketingExpenses": 0,
        "sellingGeneralAndAdministrativeExpenses": 77883000,
        "otherExpenses": 0,
        "operatingExpenses": 85985000,
        "costAndExpenses": 205814000,
        "interestIncome": 0,
        "interestExpense": 1697000,
        "depreciationAndAmortization": 8102000,
        "ebitda": 48673000,
        "ebitdaratio": 0.1975485521,
        "operatingIncome": 40571000,
        "operatingIncomeRatio": 0.1646650567,
        "totalOtherIncomeExpensesNet": -1697000,
        "incomeBeforeTax": 38874000,
        "incomeBeforeTaxRatio": 0.1577774621,
        "incomeTaxExpense": 10076000,
        "netIncome": 29538000,
        "netIncomeRatio": 0.119885545,
        "eps": 2.8,
        "epsdiluted": 2.72,
        "weightedAverageShsOut": 10610375,
        "weightedAverageShsOutDil": 10752375,
        "link": "https://www.sec.gov/Archives/edgar/data/1273931/000095013405021473/0000950134-05-021473-index.htm",
        "finalLink": "https://www.sec.gov/Archives/edgar/data/1273931/000095013405021473/c99936e10vq.htm"
    },
    {
        "date": "2005-06-30",
        "symbol": "MGI",
        "reportedCurrency": "USD",
        "cik": "0001273931",
        "fillingDate": "2005-08-11",
        "acceptedDate": "2005-08-11 07:00:54",
        "calendarYear": "2005",
        "period": "Q2",
        "revenue": 240000000,
        "costOfRevenue": 115030000,
        "grossProfit": 124970000,
        "grossProfitRatio": 0.5207083333,
        "researchAndDevelopmentExpenses": 0,
        "generalAndAdministrativeExpenses": 78409000,
        "sellingAndMarketingExpenses": 0,
        "sellingGeneralAndAdministrativeExpenses": 78409000,
        "otherExpenses": 0,
        "operatingExpenses": 86057000,
        "costAndExpenses": 201087000,
        "interestIncome": 0,
        "interestExpense": 2608000,
        "depreciationAndAmortization": 7648000,
        "ebitda": 46561000,
        "ebitdaratio": 0.1940041667,
        "operatingIncome": 38913000,
        "operatingIncomeRatio": 0.1621375,
        "totalOtherIncomeExpensesNet": -2608000,
        "incomeBeforeTax": 36305000,
        "incomeBeforeTaxRatio": 0.1512708333,
        "incomeTaxExpense": 10242000,
        "netIncome": 26063000,
        "netIncomeRatio": 0.1085958333,
        "eps": 2.48,
        "epsdiluted": 2.4,
        "weightedAverageShsOut": 10598000,
        "weightedAverageShsOutDil": 10703625,
        "link": "https://www.sec.gov/Archives/edgar/data/1273931/000095013405015613/0000950134-05-015613-index.htm",
        "finalLink": "https://www.sec.gov/Archives/edgar/data/1273931/000095013405015613/c97508e10vq.htm"
    },
    {
        "date": "2005-03-31",
        "symbol": "MGI",
        "reportedCurrency": "USD",
        "cik": "0001273931",
        "fillingDate": "2005-05-12",
        "acceptedDate": "2005-05-12 17:20:28",
        "calendarYear": "2005",
        "period": "Q1",
        "revenue": 227915000,
        "costOfRevenue": 110141000,
        "grossProfit": 117774000,
        "grossProfitRatio": 0.5167452778,
        "researchAndDevelopmentExpenses": 0,
        "generalAndAdministrativeExpenses": 73292000,
        "sellingAndMarketingExpenses": 0,
        "sellingGeneralAndAdministrativeExpenses": 73292000,
        "otherExpenses": 0,
        "operatingExpenses": 80728000,
        "costAndExpenses": 190869000,
        "interestIncome": 0,
        "interestExpense": 1389000,
        "depreciationAndAmortization": 7436000,
        "ebitda": 44482000,
        "ebitdaratio": 0.1951692517,
        "operatingIncome": 37046000,
        "operatingIncomeRatio": 0.1625430533,
        "totalOtherIncomeExpensesNet": -1389000,
        "incomeBeforeTax": 35657000,
        "incomeBeforeTaxRatio": 0.156448676,
        "incomeTaxExpense": 7868000,
        "netIncome": 27789000,
        "netIncomeRatio": 0.1219270342,
        "eps": 2.64,
        "epsdiluted": 2.56,
        "weightedAverageShsOut": 10572000,
        "weightedAverageShsOutDil": 10752875,
        "link": "https://www.sec.gov/Archives/edgar/data/1273931/000095013405009957/0000950134-05-009957-index.htm",
        "finalLink": "https://www.sec.gov/Archives/edgar/data/1273931/000095013405009957/c95032e10vq.htm"
    },
    {
        "date": "2004-12-31",
        "symbol": "MGI",
        "reportedCurrency": "USD",
        "cik": "0001273931",
        "fillingDate": "2005-03-04",
        "acceptedDate": "2005-03-04 17:10:41",
        "calendarYear": "2004",
        "period": "Q4",
        "revenue": 219236000,
        "costOfRevenue": -140590000,
        "grossProfit": 359826000,
        "grossProfitRatio": 1.6412724188,
        "researchAndDevelopmentExpenses": 0,
        "generalAndAdministrativeExpenses": 68583000,
        "sellingAndMarketingExpenses": 0,
        "sellingGeneralAndAdministrativeExpenses": -80864000,
        "otherExpenses": 581874000,
        "operatingExpenses": 380243000,
        "costAndExpenses": 239653000,
        "interestIncome": 0,
        "interestExpense": 0,
        "depreciationAndAmortization": -13205000,
        "ebitda": 19076000,
        "ebitdaratio": 0.0870112573,
        "operatingIncome": -20417000,
        "operatingIncomeRatio": -0.0931279534,
        "totalOtherIncomeExpensesNet": 48914000,
        "incomeBeforeTax": 28496000,
        "incomeBeforeTaxRatio": 0.1299786531,
        "incomeTaxExpense": 6526000,
        "netIncome": 21971000,
        "netIncomeRatio": 0.1002162054,
        "eps": 2.02,
        "epsdiluted": 2.01,
        "weightedAverageShsOut": 10886125,
        "weightedAverageShsOutDil": 10932375,
        "link": "https://www.sec.gov/Archives/edgar/data/1273931/000095013405004250/0000950134-05-004250-index.htm",
        "finalLink": "https://www.sec.gov/Archives/edgar/data/1273931/000095013405004250/c91307e10vk.htm"
    },
    {
        "date": "2004-09-30",
        "symbol": "MGI",
        "reportedCurrency": "USD",
        "cik": "0001273931",
        "fillingDate": "2004-11-12",
        "acceptedDate": "2004-11-12 17:09:20",
        "calendarYear": "2004",
        "period": "Q3",
        "revenue": 216153000,
        "costOfRevenue": 104305000,
        "grossProfit": 111848000,
        "grossProfitRatio": 0.5174482889,
        "researchAndDevelopmentExpenses": 0,
        "generalAndAdministrativeExpenses": 0,
        "sellingAndMarketingExpenses": 0,
        "sellingGeneralAndAdministrativeExpenses": 69715000,
        "otherExpenses": 0,
        "operatingExpenses": 77154000,
        "costAndExpenses": 181459000,
        "interestIncome": 0,
        "interestExpense": 1234000,
        "depreciationAndAmortization": 7439000,
        "ebitda": 42133000,
        "ebitdaratio": 0.1949221154,
        "operatingIncome": 34694000,
        "operatingIncomeRatio": 0.1605066781,
        "totalOtherIncomeExpensesNet": -1234000,
        "incomeBeforeTax": 33460000,
        "incomeBeforeTaxRatio": 0.154797759,
        "incomeTaxExpense": 8945000,
        "netIncome": 24515000,
        "netIncomeRatio": 0.1134150347,
        "eps": 2.24,
        "epsdiluted": 2.24,
        "weightedAverageShsOut": 10907750,
        "weightedAverageShsOutDil": 10948500,
        "link": "https://www.sec.gov/Archives/edgar/data/1273931/000095013404017450/0000950134-04-017450-index.htm",
        "finalLink": "https://www.sec.gov/Archives/edgar/data/1273931/000095013404017450/c89616e10vq.htm"
    },
    {
        "date": "2004-06-30",
        "symbol": "MGI",
        "reportedCurrency": "USD",
        "cik": "0001273931",
        "fillingDate": "2004-08-13",
        "acceptedDate": "2004-08-13 17:27:08",
        "calendarYear": "2004",
        "period": "Q2",
        "revenue": 102189000,
        "costOfRevenue": 27447000,
        "grossProfit": 74742000,
        "grossProfitRatio": 0.7314094472,
        "researchAndDevelopmentExpenses": 0,
        "generalAndAdministrativeExpenses": 0,
        "sellingAndMarketingExpenses": 0,
        "sellingGeneralAndAdministrativeExpenses": 41763000,
        "otherExpenses": 0,
        "operatingExpenses": 49159000,
        "costAndExpenses": 76606000,
        "interestIncome": 0,
        "interestExpense": 1905000,
        "depreciationAndAmortization": 7396000,
        "ebitda": 53640000,
        "ebitdaratio": 0.5249097261,
        "operatingIncome": 25583000,
        "operatingIncomeRatio": 0.250349842,
        "totalOtherIncomeExpensesNet": -22566000,
        "incomeBeforeTax": 3017000,
        "incomeBeforeTaxRatio": 0.0295237256,
        "incomeTaxExpense": 3587000,
        "netIncome": -1067000,
        "netIncomeRatio": -0.0104414369,
        "eps": -0.0982,
        "epsdiluted": -0.0982,
        "weightedAverageShsOut": 10866125,
        "weightedAverageShsOutDil": 10866125,
        "link": "https://www.sec.gov/Archives/edgar/data/1273931/000095013404012293/0000950134-04-012293-index.htm",
        "finalLink": "https://www.sec.gov/Archives/edgar/data/1273931/000095013404012293/c87573e10vq.htm"
    },
    {
        "date": "2004-03-31",
        "symbol": "MGI",
        "reportedCurrency": "USD",
        "cik": "0001273931",
        "fillingDate": "2004-03-31",
        "acceptedDate": "2004-03-31 00:00:00",
        "calendarYear": "2004",
        "period": "Q1",
        "revenue": 191321000,
        "costOfRevenue": 90249000,
        "grossProfit": 101072000,
        "grossProfitRatio": 0.5282849243,
        "researchAndDevelopmentExpenses": 0,
        "generalAndAdministrativeExpenses": 68583000,
        "sellingAndMarketingExpenses": 0,
        "sellingGeneralAndAdministrativeExpenses": 68583000,
        "otherExpenses": 0,
        "operatingExpenses": 75806000,
        "costAndExpenses": 166055000,
        "interestIncome": 76654000,
        "interestExpense": 1220000,
        "depreciationAndAmortization": 7223000,
        "ebitda": 32489000,
        "ebitdaratio": 0.1698140821,
        "operatingIncome": 25266000,
        "operatingIncomeRatio": 0.1320607774,
        "totalOtherIncomeExpensesNet": -1220000,
        "incomeBeforeTax": 24046000,
        "incomeBeforeTaxRatio": 0.1256840598,
        "incomeTaxExpense": 4833000,
        "netIncome": 40993000,
        "netIncomeRatio": 0.2142629403,
        "eps": 3.76,
        "epsdiluted": 3.76,
        "weightedAverageShsOut": 10838750,
        "weightedAverageShsOutDil": 10902125,
        "link": null,
        "finalLink": null
    },
    {
        "date": "2003-12-31",
        "symbol": "MGI",
        "reportedCurrency": "USD",
        "cik": "0001273931",
        "fillingDate": "2003-12-31",
        "acceptedDate": "2003-12-30 19:00:00",
        "calendarYear": "2003",
        "period": "Q4",
        "revenue": 473761000,
        "costOfRevenue": 0,
        "grossProfit": 473761000,
        "grossProfitRatio": 1,
        "researchAndDevelopmentExpenses": 0,
        "generalAndAdministrativeExpenses": 151469000,
        "sellingAndMarketingExpenses": 0,
        "sellingGeneralAndAdministrativeExpenses": 151469000,
        "otherExpenses": 0,
        "operatingExpenses": 62832000,
        "costAndExpenses": 440165000,
        "interestIncome": 0,
        "interestExpense": 0,
        "depreciationAndAmortization": -26323000,
        "ebitda": 40901000,
        "ebitdaratio": 0.0863325601,
        "operatingIncome": 33596000,
        "operatingIncomeRatio": 0.070913393,
        "totalOtherIncomeExpensesNet": -1980000,
        "incomeBeforeTax": 31616000,
        "incomeBeforeTaxRatio": 0.0667340706,
        "incomeTaxExpense": 7265000,
        "netIncome": 26167000,
        "netIncomeRatio": 0.0552324906,
        "eps": 2.42,
        "epsdiluted": 2.41,
        "weightedAverageShsOut": 10808313,
        "weightedAverageShsOutDil": 10864750,
        "link": null,
        "finalLink": null
    },
    {
        "date": "2003-09-30",
        "symbol": "MGI",
        "reportedCurrency": "USD",
        "cik": "0001273931",
        "fillingDate": "2003-09-30",
        "acceptedDate": "2003-09-29 20:00:00",
        "calendarYear": "2003",
        "period": "Q3",
        "revenue": 90776000,
        "costOfRevenue": 0,
        "grossProfit": 90776000,
        "grossProfitRatio": 1,
        "researchAndDevelopmentExpenses": 0,
        "generalAndAdministrativeExpenses": 28499000,
        "sellingAndMarketingExpenses": 0,
        "sellingGeneralAndAdministrativeExpenses": 28499000,
        "otherExpenses": 0,
        "operatingExpenses": 67264000,
        "costAndExpenses": 67264000,
        "interestIncome": 0,
        "interestExpense": 0,
        "depreciationAndAmortization": 20047000,
        "ebitda": 43559000,
        "ebitdaratio": 0.4798515026,
        "operatingIncome": 23512000,
        "operatingIncomeRatio": 0.2590111924,
        "totalOtherIncomeExpensesNet": -1882000,
        "incomeBeforeTax": 21630000,
        "incomeBeforeTaxRatio": 0.2382788402,
        "incomeTaxExpense": 3142000,
        "netIncome": 24836000,
        "netIncomeRatio": 0.2735965453,
        "eps": 2.32,
        "epsdiluted": 2.32,
        "weightedAverageShsOut": 10784125,
        "weightedAverageShsOutDil": 10840000,
        "link": null,
        "finalLink": null
    },
    {
        "date": "2003-06-30",
        "symbol": "MGI",
        "reportedCurrency": "USD",
        "cik": "0001273931",
        "fillingDate": "2003-06-30",
        "acceptedDate": "2003-06-29 20:00:00",
        "calendarYear": "2003",
        "period": "Q2",
        "revenue": 91932000,
        "costOfRevenue": 0,
        "grossProfit": 91932000,
        "grossProfitRatio": 1,
        "researchAndDevelopmentExpenses": 0,
        "generalAndAdministrativeExpenses": 26533000,
        "sellingAndMarketingExpenses": 0,
        "sellingGeneralAndAdministrativeExpenses": 26533000,
        "otherExpenses": 0,
        "operatingExpenses": 65417000,
        "costAndExpenses": 65417000,
        "interestIncome": 0,
        "interestExpense": 0,
        "depreciationAndAmortization": 6626000,
        "ebitda": 33141000,
        "ebitdaratio": 0.3604947135,
        "operatingIncome": 26515000,
        "operatingIncomeRatio": 0.2884197015,
        "totalOtherIncomeExpensesNet": -2765000,
        "incomeBeforeTax": 23750000,
        "incomeBeforeTaxRatio": 0.2583431232,
        "incomeTaxExpense": 3293000,
        "netIncome": 40868000,
        "netIncomeRatio": 0.4445459688,
        "eps": 3.76,
        "epsdiluted": 3.76,
        "weightedAverageShsOut": 10778000,
        "weightedAverageShsOutDil": 10813500,
        "link": null,
        "finalLink": null
    },
    {
        "date": "2001-12-31",
        "symbol": "MGI",
        "reportedCurrency": "USD",
        "cik": "0001273931",
        "fillingDate": "2023-02-24",
        "acceptedDate": "2023-02-24 09:05:04",
        "calendarYear": "2001",
        "period": "Q4",
        "revenue": 324600000,
        "costOfRevenue": 170600000,
        "grossProfit": 154000000,
        "grossProfitRatio": 0.4744300678,
        "researchAndDevelopmentExpenses": 0,
        "generalAndAdministrativeExpenses": 0,
        "sellingAndMarketingExpenses": 0,
        "sellingGeneralAndAdministrativeExpenses": 0,
        "otherExpenses": 137400000,
        "operatingExpenses": 137400000,
        "costAndExpenses": 308000000,
        "interestIncome": 0,
        "interestExpense": 11700000,
        "depreciationAndAmortization": 13500000,
        "ebitda": 29000000,
        "ebitdaratio": 0.089340727,
        "operatingIncome": 16600000,
        "operatingIncomeRatio": 0.0511398644,
        "totalOtherIncomeExpensesNet": -12800000.000000002,
        "incomeBeforeTax": 3800000,
        "incomeBeforeTaxRatio": 0.011706716,
        "incomeTaxExpense": -400000,
        "netIncome": 4200000,
        "netIncomeRatio": 0.0129390018,
        "eps": 0.0439,
        "epsdiluted": 0.0422,
        "weightedAverageShsOut": 95600000,
        "weightedAverageShsOutDil": 99600000,
        "link": "https://www.sec.gov/Archives/edgar/data/1273931/000127393123000036/0001273931-23-000036-index.htm",
        "finalLink": "https://www.sec.gov/Archives/edgar/data/1273931/000127393123000036/mgi2022q4earningsrelease.htm"
    },
    {
        "date": "2001-09-30",
        "symbol": "MGI",
        "reportedCurrency": "USD",
        "cik": "0001273931",
        "fillingDate": "2022-11-08",
        "acceptedDate": "2022-11-08 16:40:17",
        "calendarYear": "2001",
        "period": "Q3",
        "revenue": 319600000,
        "costOfRevenue": 170500000,
        "grossProfit": 149100000,
        "grossProfitRatio": 0.4665206508,
        "researchAndDevelopmentExpenses": 0,
        "generalAndAdministrativeExpenses": 0,
        "sellingAndMarketingExpenses": 0,
        "sellingGeneralAndAdministrativeExpenses": 0,
        "otherExpenses": 122300000,
        "operatingExpenses": 122300000,
        "costAndExpenses": 292800000,
        "interestIncome": 0,
        "interestExpense": 13000000,
        "depreciationAndAmortization": 14100000,
        "ebitda": 6300000,
        "ebitdaratio": 0.0197121402,
        "operatingIncome": 26800000,
        "operatingIncomeRatio": 0.0838548185,
        "totalOtherIncomeExpensesNet": -47600000,
        "incomeBeforeTax": -20800000,
        "incomeBeforeTaxRatio": -0.0650813517,
        "incomeTaxExpense": -5200000,
        "netIncome": -15600000,
        "netIncomeRatio": -0.0488110138,
        "eps": -0.16,
        "epsdiluted": -0.16,
        "weightedAverageShsOut": 96000000,
        "weightedAverageShsOutDil": 96000000,
        "link": "https://www.sec.gov/Archives/edgar/data/1273931/000127393122000106/0001273931-22-000106-index.htm",
        "finalLink": "https://www.sec.gov/Archives/edgar/data/1273931/000127393122000106/mgi2022q3earningsrelease.htm"
    },
    {
        "date": "2001-06-30",
        "symbol": "MGI",
        "reportedCurrency": "USD",
        "cik": "0001273931",
        "fillingDate": "2021-07-30",
        "acceptedDate": "2021-07-29 21:44:43",
        "calendarYear": "2001",
        "period": "Q2",
        "revenue": 329300000,
        "costOfRevenue": 177700000,
        "grossProfit": 151600000,
        "grossProfitRatio": 0.4603704828,
        "researchAndDevelopmentExpenses": 0,
        "generalAndAdministrativeExpenses": 0,
        "sellingAndMarketingExpenses": 0,
        "sellingGeneralAndAdministrativeExpenses": 0,
        "otherExpenses": 129700000,
        "operatingExpenses": 129700000,
        "costAndExpenses": 307400000,
        "interestIncome": 0,
        "interestExpense": 22500000,
        "depreciationAndAmortization": 14100000,
        "ebitda": 24900000,
        "ebitdaratio": 0.0756149408,
        "operatingIncome": 21900000,
        "operatingIncomeRatio": 0.066504707,
        "totalOtherIncomeExpensesNet": -33600000,
        "incomeBeforeTax": -11700000,
        "incomeBeforeTaxRatio": -0.0355299119,
        "incomeTaxExpense": -600000,
        "netIncome": -11100000,
        "netIncomeRatio": -0.0337078652,
        "eps": -0.12,
        "epsdiluted": -0.11,
        "weightedAverageShsOut": 95850000,
        "weightedAverageShsOutDil": 97750000,
        "link": "https://www.sec.gov/Archives/edgar/data/1273931/000127393121000124/0001273931-21-000124-index.htm",
        "finalLink": "https://www.sec.gov/Archives/edgar/data/1273931/000127393121000124/mgi-2021630ex991.htm"
    },
    {
        "date": "2001-03-31",
        "symbol": "MGI",
        "reportedCurrency": "USD",
        "cik": "0001273931",
        "fillingDate": "2022-05-06",
        "acceptedDate": "2022-05-06 08:03:48",
        "calendarYear": "2001",
        "period": "Q1",
        "revenue": 307600000,
        "costOfRevenue": 161400000,
        "grossProfit": 146200000,
        "grossProfitRatio": 0.4752925878,
        "researchAndDevelopmentExpenses": 0,
        "generalAndAdministrativeExpenses": 0,
        "sellingAndMarketingExpenses": 0,
        "sellingGeneralAndAdministrativeExpenses": 0,
        "otherExpenses": 128300000,
        "operatingExpenses": 128300000,
        "costAndExpenses": 289700000,
        "interestIncome": 0,
        "interestExpense": 10900000,
        "depreciationAndAmortization": 12200000,
        "ebitda": 29200000,
        "ebitdaratio": 0.0949284785,
        "operatingIncome": 17900000,
        "operatingIncomeRatio": 0.0581924577,
        "totalOtherIncomeExpensesNet": -11800000,
        "incomeBeforeTax": 6100000,
        "incomeBeforeTaxRatio": 0.0198309493,
        "incomeTaxExpense": 1000000,
        "netIncome": 5100000,
        "netIncomeRatio": 0.016579974,
        "eps": 0.0533,
        "epsdiluted": 0.0513,
        "weightedAverageShsOut": 95700000,
        "weightedAverageShsOutDil": 99500000,
        "link": "https://www.sec.gov/Archives/edgar/data/1273931/000127393122000070/0001273931-22-000070-index.htm",
        "finalLink": "https://www.sec.gov/Archives/edgar/data/1273931/000127393122000070/mgi2022q1earningsrelease.htm"
    }
]