[
    {
        "date": "2025-06-30",
        "symbol": "MI",
        "reportedCurrency": "USD",
        "cik": "0001958713",
        "fillingDate": "2025-09-26",
        "acceptedDate": "2025-09-26 16:05:59",
        "calendarYear": "2025",
        "period": "Q2",
        "revenue": 158483,
        "costOfRevenue": 48012,
        "grossProfit": 110471,
        "grossProfitRatio": 0.6970526807,
        "researchAndDevelopmentExpenses": 0,
        "generalAndAdministrativeExpenses": 276119,
        "sellingAndMarketingExpenses": 120430,
        "sellingGeneralAndAdministrativeExpenses": 396549,
        "otherExpenses": 0,
        "operatingExpenses": 396549,
        "costAndExpenses": 444561,
        "interestIncome": 0,
        "interestExpense": 59454,
        "depreciationAndAmortization": 286078,
        "ebitda": 0,
        "ebitdaratio": 0,
        "operatingIncome": -286078,
        "operatingIncomeRatio": -1.8051021245,
        "totalOtherIncomeExpensesNet": -115063,
        "incomeBeforeTax": -401141,
        "incomeBeforeTaxRatio": -2.5311295218,
        "incomeTaxExpense": 4329,
        "netIncome": -405469,
        "netIncomeRatio": -2.5584384445,
        "eps": -0.08,
        "epsdiluted": -0.08,
        "weightedAverageShsOut": 5065196,
        "weightedAverageShsOutDil": 5065150,
        "link": "https://www.sec.gov/Archives/edgar/data/1958713/000121390025092332/0001213900-25-092332-index.htm",
        "finalLink": "https://www.sec.gov/Archives/edgar/data/1958713/000121390025092332/ea025494001ex99-1_nft.htm"
    },
    {
        "date": "2025-03-31",
        "symbol": "MI",
        "reportedCurrency": "USD",
        "cik": "0001958713",
        "fillingDate": "2025-03-31",
        "acceptedDate": "2025-03-31 00:00:00",
        "calendarYear": "2025",
        "period": "Q1",
        "revenue": 158483,
        "costOfRevenue": 48012,
        "grossProfit": 110471,
        "grossProfitRatio": 0.6970526807,
        "researchAndDevelopmentExpenses": 0,
        "generalAndAdministrativeExpenses": 276119,
        "sellingAndMarketingExpenses": 120430,
        "sellingGeneralAndAdministrativeExpenses": 396549,
        "otherExpenses": 0,
        "operatingExpenses": 396549,
        "costAndExpenses": 444561,
        "interestIncome": 0,
        "interestExpense": 59454,
        "depreciationAndAmortization": 286078,
        "ebitda": 0,
        "ebitdaratio": 0,
        "operatingIncome": -286078,
        "operatingIncomeRatio": -1.8051021245,
        "totalOtherIncomeExpensesNet": -115063,
        "incomeBeforeTax": -401141,
        "incomeBeforeTaxRatio": -2.5311295218,
        "incomeTaxExpense": 4329,
        "netIncome": -405469,
        "netIncomeRatio": -2.5584384445,
        "eps": -0.08,
        "epsdiluted": -0.08,
        "weightedAverageShsOut": 5065196,
        "weightedAverageShsOutDil": 5065150,
        "link": null,
        "finalLink": null
    },
    {
        "date": "2024-12-31",
        "symbol": "MI",
        "reportedCurrency": "USD",
        "cik": "0001958713",
        "fillingDate": "2025-04-30",
        "acceptedDate": "2025-04-30 16:43:15",
        "calendarYear": "2024",
        "period": "Q4",
        "revenue": 172876,
        "costOfRevenue": 48012,
        "grossProfit": 124864,
        "grossProfitRatio": 0.7222749254,
        "researchAndDevelopmentExpenses": 0,
        "generalAndAdministrativeExpenses": 114254,
        "sellingAndMarketingExpenses": 213364,
        "sellingGeneralAndAdministrativeExpenses": 327618,
        "otherExpenses": 0,
        "operatingExpenses": 327618,
        "costAndExpenses": 375630,
        "interestIncome": 0,
        "interestExpense": 463,
        "depreciationAndAmortization": 198504,
        "ebitda": 0,
        "ebitdaratio": 0,
        "operatingIncome": -202754,
        "operatingIncomeRatio": -1.1728290798,
        "totalOtherIncomeExpensesNet": 35888,
        "incomeBeforeTax": -166866,
        "incomeBeforeTaxRatio": -0.9652351975,
        "incomeTaxExpense": 172123,
        "netIncome": 5257,
        "netIncomeRatio": 0.0304090793,
        "eps": 0.0007,
        "epsdiluted": -0.0009,
        "weightedAverageShsOut": 5953567,
        "weightedAverageShsOutDil": 7056863,
        "link": "https://www.sec.gov/Archives/edgar/data/1958713/000121390025037682/0001213900-25-037682-index.htm",
        "finalLink": "https://www.sec.gov/Archives/edgar/data/1958713/000121390025037682/ea0237995-20f_nftltd.htm"
    },
    {
        "date": "2024-09-30",
        "symbol": "MI",
        "reportedCurrency": "USD",
        "cik": "0001958713",
        "fillingDate": "2024-09-30",
        "acceptedDate": "2024-09-30 00:00:00",
        "calendarYear": "2024",
        "period": "Q3",
        "revenue": 172876,
        "costOfRevenue": 48012,
        "grossProfit": 124864,
        "grossProfitRatio": 0.7222749254,
        "researchAndDevelopmentExpenses": 0,
        "generalAndAdministrativeExpenses": 114254,
        "sellingAndMarketingExpenses": 213364,
        "sellingGeneralAndAdministrativeExpenses": 327618,
        "otherExpenses": 0,
        "operatingExpenses": 327618,
        "costAndExpenses": 375630,
        "interestIncome": 0,
        "interestExpense": 463,
        "depreciationAndAmortization": 198504,
        "ebitda": 0,
        "ebitdaratio": 0,
        "operatingIncome": -202754,
        "operatingIncomeRatio": -1.1728290798,
        "totalOtherIncomeExpensesNet": 35888,
        "incomeBeforeTax": -166866,
        "incomeBeforeTaxRatio": -0.9652351975,
        "incomeTaxExpense": 172123,
        "netIncome": 5257,
        "netIncomeRatio": 0.0304090793,
        "eps": 0.0007,
        "epsdiluted": -0.0009,
        "weightedAverageShsOut": 5953567,
        "weightedAverageShsOutDil": 7056863,
        "link": null,
        "finalLink": null
    },
    {
        "date": "2024-06-30",
        "symbol": "MI",
        "reportedCurrency": "USD",
        "cik": "0001958713",
        "fillingDate": "2024-10-01",
        "acceptedDate": "2024-10-01 17:03:41",
        "calendarYear": "2024",
        "period": "Q2",
        "revenue": 197475,
        "costOfRevenue": 48012,
        "grossProfit": 149463,
        "grossProfitRatio": 0.7568704899,
        "researchAndDevelopmentExpenses": 0,
        "generalAndAdministrativeExpenses": 234131,
        "sellingAndMarketingExpenses": 165711,
        "sellingGeneralAndAdministrativeExpenses": 399842,
        "otherExpenses": 0,
        "operatingExpenses": 399842,
        "costAndExpenses": 447854,
        "interestIncome": 0,
        "interestExpense": 0,
        "depreciationAndAmortization": 254629,
        "ebitda": 0,
        "ebitdaratio": 0,
        "operatingIncome": -250379,
        "operatingIncomeRatio": -1.2679022661,
        "totalOtherIncomeExpensesNet": 3397629,
        "incomeBeforeTax": 3147250,
        "incomeBeforeTaxRatio": 15.937460438,
        "incomeTaxExpense": 4249,
        "netIncome": 3143000,
        "netIncomeRatio": 15.9159387264,
        "eps": 1.41,
        "epsdiluted": 1.41,
        "weightedAverageShsOut": 2221203,
        "weightedAverageShsOutDil": 2223328,
        "link": "https://www.sec.gov/Archives/edgar/data/1958713/000121390024084130/0001213900-24-084130-index.htm",
        "finalLink": "https://www.sec.gov/Archives/edgar/data/1958713/000121390024084130/ea021376301ex99-1_nft.htm"
    },
    {
        "date": "2024-03-31",
        "symbol": "MI",
        "reportedCurrency": "USD",
        "cik": "0001958713",
        "fillingDate": "2024-03-31",
        "acceptedDate": "2024-03-30 20:00:00",
        "calendarYear": "2024",
        "period": "Q1",
        "revenue": 197475,
        "costOfRevenue": 48012,
        "grossProfit": 149463,
        "grossProfitRatio": 0.7568704899,
        "researchAndDevelopmentExpenses": 0,
        "generalAndAdministrativeExpenses": 234131,
        "sellingAndMarketingExpenses": 165711,
        "sellingGeneralAndAdministrativeExpenses": 399842,
        "otherExpenses": 0,
        "operatingExpenses": 399842,
        "costAndExpenses": 447854,
        "interestIncome": 0,
        "interestExpense": 0,
        "depreciationAndAmortization": 254629,
        "ebitda": 4250,
        "ebitdaratio": 0.0215217116,
        "operatingIncome": -250379,
        "operatingIncomeRatio": -1.2679022661,
        "totalOtherIncomeExpensesNet": 3397629,
        "incomeBeforeTax": 3147250,
        "incomeBeforeTaxRatio": 15.937460438,
        "incomeTaxExpense": 4249,
        "netIncome": 3143000,
        "netIncomeRatio": 15.9159387264,
        "eps": 1.41,
        "epsdiluted": 1.41,
        "weightedAverageShsOut": 2221203,
        "weightedAverageShsOutDil": 2221203,
        "link": null,
        "finalLink": null
    },
    {
        "date": "2023-12-31",
        "symbol": "MI",
        "reportedCurrency": "USD",
        "cik": "0001958713",
        "fillingDate": "2024-05-16",
        "acceptedDate": "2024-05-15 20:22:09",
        "calendarYear": "2023",
        "period": "Q4",
        "revenue": 439499,
        "costOfRevenue": 127665,
        "grossProfit": 311834,
        "grossProfitRatio": 0.7095215234,
        "researchAndDevelopmentExpenses": 0,
        "generalAndAdministrativeExpenses": 195968,
        "sellingAndMarketingExpenses": 347804,
        "sellingGeneralAndAdministrativeExpenses": 543772,
        "otherExpenses": 0,
        "operatingExpenses": 543772,
        "costAndExpenses": 671437,
        "interestIncome": 0,
        "interestExpense": 0,
        "depreciationAndAmortization": 349,
        "ebitda": -231590,
        "ebitdaratio": -0.5269409032,
        "operatingIncome": -231938,
        "operatingIncomeRatio": -0.5277327138,
        "totalOtherIncomeExpensesNet": -563796,
        "incomeBeforeTax": -795734,
        "incomeBeforeTaxRatio": -1.8105479193,
        "incomeTaxExpense": 16318,
        "netIncome": -781705,
        "netIncomeRatio": -1.7786274827,
        "eps": -1.33,
        "epsdiluted": -1.34,
        "weightedAverageShsOut": 582331,
        "weightedAverageShsOutDil": 583362,
        "link": "https://www.sec.gov/Archives/edgar/data/1958713/000121390024043897/0001213900-24-043897-index.htm",
        "finalLink": "https://www.sec.gov/Archives/edgar/data/1958713/000121390024043897/ea0201620-20f_nftltd.htm"
    },
    {
        "date": "2023-09-30",
        "symbol": "MI",
        "reportedCurrency": "USD",
        "cik": "0001958713",
        "fillingDate": "2023-09-30",
        "acceptedDate": "2023-09-29 20:00:00",
        "calendarYear": "2023",
        "period": "Q3",
        "revenue": 439499,
        "costOfRevenue": 127665,
        "grossProfit": 311834,
        "grossProfitRatio": 0.7095215234,
        "researchAndDevelopmentExpenses": 0,
        "generalAndAdministrativeExpenses": 195968,
        "sellingAndMarketingExpenses": 347804,
        "sellingGeneralAndAdministrativeExpenses": 543772,
        "otherExpenses": 0,
        "operatingExpenses": 543772,
        "costAndExpenses": 671437,
        "interestIncome": 0,
        "interestExpense": 0,
        "depreciationAndAmortization": 349,
        "ebitda": -231590,
        "ebitdaratio": -0.5269409032,
        "operatingIncome": -231938,
        "operatingIncomeRatio": -0.5277327138,
        "totalOtherIncomeExpensesNet": -563796,
        "incomeBeforeTax": -795734,
        "incomeBeforeTaxRatio": -1.8105479193,
        "incomeTaxExpense": 16318,
        "netIncome": -781705,
        "netIncomeRatio": -1.7786274827,
        "eps": -1.33,
        "epsdiluted": -1.34,
        "weightedAverageShsOut": 582331,
        "weightedAverageShsOutDil": 583362,
        "link": null,
        "finalLink": null
    },
    {
        "date": "2023-06-30",
        "symbol": "MI",
        "reportedCurrency": "USD",
        "cik": "0001958713",
        "fillingDate": "2023-06-30",
        "acceptedDate": "2023-06-29 20:00:00",
        "calendarYear": "2023",
        "period": "Q2",
        "revenue": 574777,
        "costOfRevenue": 150330,
        "grossProfit": 424447,
        "grossProfitRatio": 0.7384550878,
        "researchAndDevelopmentExpenses": 0,
        "generalAndAdministrativeExpenses": 428231,
        "sellingAndMarketingExpenses": 300829,
        "sellingGeneralAndAdministrativeExpenses": 729060,
        "otherExpenses": 0,
        "operatingExpenses": 729060,
        "costAndExpenses": 879390,
        "interestIncome": 0,
        "interestExpense": 0,
        "depreciationAndAmortization": 9245,
        "ebitda": -295368,
        "ebitdaratio": -0.5138827754,
        "operatingIncome": -304613,
        "operatingIncomeRatio": -0.5299672743,
        "totalOtherIncomeExpensesNet": 294746,
        "incomeBeforeTax": -9867,
        "incomeBeforeTaxRatio": -0.0171666577,
        "incomeTaxExpense": 35959,
        "netIncome": 6817575,
        "netIncomeRatio": 11.861252277,
        "eps": -0.0655,
        "epsdiluted": -0.0655,
        "weightedAverageShsOut": 104116905,
        "weightedAverageShsOutDil": 699838,
        "link": null,
        "finalLink": null
    },
    {
        "date": "2023-03-31",
        "symbol": "MI",
        "reportedCurrency": "USD",
        "cik": "0001958713",
        "fillingDate": "2023-03-31",
        "acceptedDate": "2023-03-30 20:00:00",
        "calendarYear": "2023",
        "period": "Q1",
        "revenue": 699741,
        "costOfRevenue": 150930,
        "grossProfit": 548811,
        "grossProfitRatio": 0.7843059075,
        "researchAndDevelopmentExpenses": 0,
        "generalAndAdministrativeExpenses": 656995,
        "sellingAndMarketingExpenses": 0,
        "sellingGeneralAndAdministrativeExpenses": 656995,
        "otherExpenses": 0,
        "operatingExpenses": 657343,
        "costAndExpenses": 808273,
        "interestIncome": 0,
        "interestExpense": 0,
        "depreciationAndAmortization": 9245,
        "ebitda": -99287,
        "ebitdaratio": -0.1418910711,
        "operatingIncome": -108532,
        "operatingIncomeRatio": -0.1551031024,
        "totalOtherIncomeExpensesNet": 93265,
        "incomeBeforeTax": -15267,
        "incomeBeforeTaxRatio": -0.0218180727,
        "incomeTaxExpense": 26352,
        "netIncome": -50602,
        "netIncomeRatio": -0.0723153281,
        "eps": -0.0374,
        "epsdiluted": -0.0374,
        "weightedAverageShsOut": 1352307,
        "weightedAverageShsOutDil": 1352307,
        "link": null,
        "finalLink": null
    },
    {
        "date": "2022-12-31",
        "symbol": "MI",
        "reportedCurrency": "USD",
        "cik": "0001958713",
        "fillingDate": "2022-12-31",
        "acceptedDate": "2022-12-30 19:00:00",
        "calendarYear": "2022",
        "period": "Q4",
        "revenue": 1074401,
        "costOfRevenue": 414930,
        "grossProfit": 659471,
        "grossProfitRatio": 0.6138034123,
        "researchAndDevelopmentExpenses": 0,
        "generalAndAdministrativeExpenses": 4831072,
        "sellingAndMarketingExpenses": 0,
        "sellingGeneralAndAdministrativeExpenses": 4831072,
        "otherExpenses": 1637,
        "operatingExpenses": 4832467,
        "costAndExpenses": 5247397,
        "interestIncome": 0,
        "interestExpense": 0,
        "depreciationAndAmortization": 1395,
        "ebitda": -4171601,
        "ebitdaratio": -3.8827225589,
        "operatingIncome": -4172996,
        "operatingIncomeRatio": -3.8840209568,
        "totalOtherIncomeExpensesNet": 1637,
        "incomeBeforeTax": -4171359,
        "incomeBeforeTaxRatio": -3.8824973171,
        "incomeTaxExpense": 16047,
        "netIncome": -3825941,
        "netIncomeRatio": -3.5609991055,
        "eps": -4.59,
        "epsdiluted": -4.59,
        "weightedAverageShsOut": 708374,
        "weightedAverageShsOutDil": 702079,
        "link": null,
        "finalLink": null
    },
    {
        "date": "2022-09-30",
        "symbol": "MI",
        "reportedCurrency": "USD",
        "cik": "0001958713",
        "fillingDate": "2022-09-30",
        "acceptedDate": "2022-09-28 20:00:00",
        "calendarYear": "2022",
        "period": "Q3",
        "revenue": 1634960,
        "costOfRevenue": 269411,
        "grossProfit": 1365549,
        "grossProfitRatio": 0.8352185986,
        "researchAndDevelopmentExpenses": 0,
        "generalAndAdministrativeExpenses": 0,
        "sellingAndMarketingExpenses": 0,
        "sellingGeneralAndAdministrativeExpenses": 278054,
        "otherExpenses": 0,
        "operatingExpenses": 278054,
        "costAndExpenses": 547465,
        "interestIncome": 0,
        "interestExpense": 0,
        "depreciationAndAmortization": 52481,
        "ebitda": 1087610,
        "ebitdaratio": 0.6652211675,
        "operatingIncome": 1087490,
        "operatingIncomeRatio": 0.6651477712,
        "totalOtherIncomeExpensesNet": -175,
        "incomeBeforeTax": 1087320,
        "incomeBeforeTaxRatio": 0.6650437931,
        "incomeTaxExpense": 190762,
        "netIncome": 844381,
        "netIncomeRatio": 0.5164536135,
        "eps": 1.69,
        "epsdiluted": 0.5,
        "weightedAverageShsOut": 1688762,
        "weightedAverageShsOutDil": 1221649,
        "link": null,
        "finalLink": null
    },
    {
        "date": "2022-06-30",
        "symbol": "MI",
        "reportedCurrency": "USD",
        "cik": "0001958713",
        "fillingDate": "2022-06-30",
        "acceptedDate": "2022-06-28 20:00:00",
        "calendarYear": "2022",
        "period": "Q2",
        "revenue": 694175,
        "costOfRevenue": 151045,
        "grossProfit": 543130,
        "grossProfitRatio": 0.7824107754,
        "researchAndDevelopmentExpenses": 0,
        "generalAndAdministrativeExpenses": 0,
        "sellingAndMarketingExpenses": 0,
        "sellingGeneralAndAdministrativeExpenses": 7578310,
        "otherExpenses": 0,
        "operatingExpenses": 7578310,
        "costAndExpenses": 7729355,
        "interestIncome": 0,
        "interestExpense": 0,
        "depreciationAndAmortization": 115,
        "ebitda": -574048,
        "ebitdaratio": -0.8269499766,
        "operatingIncome": -7035180,
        "operatingIncomeRatio": -10.1345914215,
        "totalOtherIncomeExpensesNet": -8808,
        "incomeBeforeTax": -7035357,
        "incomeBeforeTaxRatio": -10.1348464004,
        "incomeTaxExpense": 48996,
        "netIncome": -7157770,
        "netIncomeRatio": -10.3111895415,
        "eps": -14.97,
        "epsdiluted": -14.97,
        "weightedAverageShsOut": 478095,
        "weightedAverageShsOutDil": 460721,
        "link": null,
        "finalLink": null
    },
    {
        "date": "2022-03-31",
        "symbol": "MI",
        "reportedCurrency": "USD",
        "cik": "0001958713",
        "fillingDate": "2022-03-31",
        "acceptedDate": "2022-03-29 20:00:00",
        "calendarYear": "2022",
        "period": "Q1",
        "revenue": 0,
        "costOfRevenue": 350,
        "grossProfit": -350,
        "grossProfitRatio": 0,
        "researchAndDevelopmentExpenses": 0,
        "generalAndAdministrativeExpenses": 0,
        "sellingAndMarketingExpenses": 0,
        "sellingGeneralAndAdministrativeExpenses": 611125,
        "otherExpenses": 0,
        "operatingExpenses": 611125,
        "costAndExpenses": 611475,
        "interestIncome": 0,
        "interestExpense": 0,
        "depreciationAndAmortization": 350,
        "ebitda": -611125,
        "ebitdaratio": 0,
        "operatingIncome": -611480,
        "operatingIncomeRatio": 0,
        "totalOtherIncomeExpensesNet": -99,
        "incomeBeforeTax": -611574,
        "incomeBeforeTaxRatio": 0,
        "incomeTaxExpense": 0,
        "netIncome": -791339,
        "netIncomeRatio": 0,
        "eps": -2.13,
        "epsdiluted": -2.15,
        "weightedAverageShsOut": 368064,
        "weightedAverageShsOutDil": 287447,
        "link": null,
        "finalLink": null
    },
    {
        "date": "2021-09-30",
        "symbol": "MI",
        "reportedCurrency": "USD",
        "cik": "0001958713",
        "fillingDate": "2021-09-30",
        "acceptedDate": "2021-09-28 20:00:00",
        "calendarYear": "2021",
        "period": "Q3",
        "revenue": 2608677,
        "costOfRevenue": 741719,
        "grossProfit": 1866958,
        "grossProfitRatio": 0.7156723504,
        "researchAndDevelopmentExpenses": 0,
        "generalAndAdministrativeExpenses": 0,
        "sellingAndMarketingExpenses": 0,
        "sellingGeneralAndAdministrativeExpenses": 3844253,
        "otherExpenses": 0,
        "operatingExpenses": 3844253,
        "costAndExpenses": 4585972,
        "interestIncome": 0,
        "interestExpense": 86823,
        "depreciationAndAmortization": 57747,
        "ebitda": -686358,
        "ebitdaratio": -0.2631057812,
        "operatingIncome": -1977300,
        "operatingIncomeRatio": -0.7579704195,
        "totalOtherIncomeExpensesNet": 57635,
        "incomeBeforeTax": -1908788,
        "incomeBeforeTaxRatio": -0.7317072984,
        "incomeTaxExpense": 83892,
        "netIncome": -1992680,
        "netIncomeRatio": -0.7638661283,
        "eps": -3.36,
        "epsdiluted": -3.5,
        "weightedAverageShsOut": 569337,
        "weightedAverageShsOutDil": 253786,
        "link": null,
        "finalLink": null
    },
    {
        "date": "2021-06-30",
        "symbol": "MI",
        "reportedCurrency": "USD",
        "cik": "0001958713",
        "fillingDate": "2021-06-30",
        "acceptedDate": "2021-06-28 20:00:00",
        "calendarYear": "2021",
        "period": "Q2",
        "revenue": 1143495,
        "costOfRevenue": 478012,
        "grossProfit": 665483,
        "grossProfitRatio": 0.5819728114,
        "researchAndDevelopmentExpenses": 0,
        "generalAndAdministrativeExpenses": 0,
        "sellingAndMarketingExpenses": 0,
        "sellingGeneralAndAdministrativeExpenses": 8058325,
        "otherExpenses": 0,
        "operatingExpenses": 8058325,
        "costAndExpenses": 8536337,
        "interestIncome": 0,
        "interestExpense": 0,
        "depreciationAndAmortization": 71029,
        "ebitda": -7111633,
        "ebitdaratio": -6.2192077797,
        "operatingIncome": -7392840,
        "operatingIncomeRatio": -6.4651266512,
        "totalOtherIncomeExpensesNet": 161762,
        "incomeBeforeTax": -7214465,
        "incomeBeforeTaxRatio": -6.3091355887,
        "incomeTaxExpense": 11366,
        "netIncome": -7225831,
        "netIncomeRatio": -6.3190752911,
        "eps": -30.32,
        "epsdiluted": -30.32,
        "weightedAverageShsOut": 238353,
        "weightedAverageShsOutDil": 231594,
        "link": null,
        "finalLink": null
    }
]