[
    {
        "date": "2017-03-31",
        "symbol": "MJN",
        "reportedCurrency": "USD",
        "cik": "0001452575",
        "fillingDate": "2017-04-27",
        "acceptedDate": "2017-04-27 08:24:18",
        "calendarYear": "2017",
        "period": "Q1",
        "revenue": 883500000,
        "costOfRevenue": 330200000,
        "grossProfit": 553300000,
        "grossProfitRatio": 0.6262591964,
        "researchAndDevelopmentExpenses": 21400000,
        "generalAndAdministrativeExpenses": 193700000,
        "sellingAndMarketingExpenses": 0,
        "sellingGeneralAndAdministrativeExpenses": 193700000,
        "otherExpenses": 0,
        "operatingExpenses": 215100000,
        "costAndExpenses": 545300000,
        "interestIncome": 0,
        "interestExpense": 30800000,
        "depreciationAndAmortization": 25800000,
        "ebitda": 186900000,
        "ebitdaratio": 0.2115449915,
        "operatingIncome": 128000000,
        "operatingIncomeRatio": 0.1448783248,
        "totalOtherIncomeExpensesNet": 0,
        "incomeBeforeTax": 128000000,
        "incomeBeforeTaxRatio": 0.1448783248,
        "incomeTaxExpense": 10400000,
        "netIncome": 119900000,
        "netIncomeRatio": 0.1357102434,
        "eps": 0.65,
        "epsdiluted": 0.65,
        "weightedAverageShsOut": 183500000,
        "weightedAverageShsOutDil": 183900000,
        "link": "https://www.sec.gov/Archives/edgar/data/1452575/000145257517000019/0001452575-17-000019-index.html",
        "finalLink": "https://www.sec.gov/Archives/edgar/data/1452575/000145257517000019/form10-qx1q2017q1.htm"
    },
    {
        "date": "2016-12-31",
        "symbol": "MJN",
        "reportedCurrency": "USD",
        "cik": "0001452575",
        "fillingDate": "2017-02-27",
        "acceptedDate": "2017-02-27 15:29:43",
        "calendarYear": "2016",
        "period": "Q4",
        "revenue": 901600000,
        "costOfRevenue": 326500000,
        "grossProfit": 575100000,
        "grossProfitRatio": 0.637866016,
        "researchAndDevelopmentExpenses": 22500000,
        "generalAndAdministrativeExpenses": 170900000,
        "sellingAndMarketingExpenses": 0,
        "sellingGeneralAndAdministrativeExpenses": 170900000,
        "otherExpenses": 0,
        "operatingExpenses": 193400000,
        "costAndExpenses": 519900000,
        "interestIncome": 0,
        "interestExpense": 30400000,
        "depreciationAndAmortization": 25200000,
        "ebitda": 254700000,
        "ebitdaratio": 0.2824977817,
        "operatingIncome": 199500000,
        "operatingIncomeRatio": 0.2212732919,
        "totalOtherIncomeExpensesNet": 0,
        "incomeBeforeTax": 199500000,
        "incomeBeforeTaxRatio": 0.2212732919,
        "incomeTaxExpense": 31300000,
        "netIncome": 167800000,
        "netIncomeRatio": 0.1861135759,
        "eps": 0.9,
        "epsdiluted": 0.9,
        "weightedAverageShsOut": 185500000,
        "weightedAverageShsOutDil": 185800000,
        "link": "https://www.sec.gov/Archives/edgar/data/1452575/000145257517000007/0001452575-17-000007-index.html",
        "finalLink": "https://www.sec.gov/Archives/edgar/data/1452575/000145257517000007/mjn2016form10-k.htm"
    },
    {
        "date": "2016-09-30",
        "symbol": "MJN",
        "reportedCurrency": "USD",
        "cik": "0001452575",
        "fillingDate": "2016-10-27",
        "acceptedDate": "2016-10-27 07:48:58",
        "calendarYear": "2016",
        "period": "Q3",
        "revenue": 937500000,
        "costOfRevenue": 333700000,
        "grossProfit": 603800000,
        "grossProfitRatio": 0.6440533333,
        "researchAndDevelopmentExpenses": 23100000,
        "generalAndAdministrativeExpenses": 190000000,
        "sellingAndMarketingExpenses": 0,
        "sellingGeneralAndAdministrativeExpenses": 190000000,
        "otherExpenses": 0,
        "operatingExpenses": 213100000,
        "costAndExpenses": 546800000,
        "interestIncome": 0,
        "interestExpense": 29800000,
        "depreciationAndAmortization": 25100000,
        "ebitda": 257500000,
        "ebitdaratio": 0.2746666667,
        "operatingIncome": 201900000,
        "operatingIncomeRatio": 0.21536,
        "totalOtherIncomeExpensesNet": 0,
        "incomeBeforeTax": 201900000,
        "incomeBeforeTaxRatio": 0.21536,
        "incomeTaxExpense": 53300000,
        "netIncome": 149300000,
        "netIncomeRatio": 0.1592533333,
        "eps": 0.8,
        "epsdiluted": 0.8,
        "weightedAverageShsOut": 186000000,
        "weightedAverageShsOutDil": 186300000,
        "link": "https://www.sec.gov/Archives/edgar/data/1452575/000145257516000092/0001452575-16-000092-index.html",
        "finalLink": "https://www.sec.gov/Archives/edgar/data/1452575/000145257516000092/form10-qx3q2016q3.htm"
    },
    {
        "date": "2016-06-30",
        "symbol": "MJN",
        "reportedCurrency": "USD",
        "cik": "0001452575",
        "fillingDate": "2016-07-28",
        "acceptedDate": "2016-07-28 07:59:39",
        "calendarYear": "2016",
        "period": "Q2",
        "revenue": 941500000,
        "costOfRevenue": 333200000,
        "grossProfit": 608300000,
        "grossProfitRatio": 0.6460966543,
        "researchAndDevelopmentExpenses": 26400000,
        "generalAndAdministrativeExpenses": 206700000,
        "sellingAndMarketingExpenses": 0,
        "sellingGeneralAndAdministrativeExpenses": 206700000,
        "otherExpenses": 0,
        "operatingExpenses": 233100000,
        "costAndExpenses": 566300000,
        "interestIncome": 0,
        "interestExpense": 29500000,
        "depreciationAndAmortization": 24400000,
        "ebitda": 241200000,
        "ebitdaratio": 0.2561869357,
        "operatingIncome": 188000000,
        "operatingIncomeRatio": 0.1996813595,
        "totalOtherIncomeExpensesNet": 0,
        "incomeBeforeTax": 188000000,
        "incomeBeforeTaxRatio": 0.1996813595,
        "incomeTaxExpense": 32200000,
        "netIncome": 155100000,
        "netIncomeRatio": 0.1647371216,
        "eps": 0.83,
        "epsdiluted": 0.83,
        "weightedAverageShsOut": 186600000,
        "weightedAverageShsOutDil": 186900000,
        "link": "https://www.sec.gov/Archives/edgar/data/1452575/000145257516000084/0001452575-16-000084-index.htm",
        "finalLink": "https://www.sec.gov/Archives/edgar/data/1452575/000145257516000084/form10-qx2q2016q2.htm"
    },
    {
        "date": "2016-03-31",
        "symbol": "MJN",
        "reportedCurrency": "USD",
        "cik": "0001452575",
        "fillingDate": "2016-04-28",
        "acceptedDate": "2016-04-28 07:57:48",
        "calendarYear": "2016",
        "period": "Q1",
        "revenue": 962100000,
        "costOfRevenue": 347600000,
        "grossProfit": 614500000,
        "grossProfitRatio": 0.6387069951,
        "researchAndDevelopmentExpenses": 25400000,
        "generalAndAdministrativeExpenses": 198900000,
        "sellingAndMarketingExpenses": 0,
        "sellingGeneralAndAdministrativeExpenses": 198900000,
        "otherExpenses": 0,
        "operatingExpenses": 224300000,
        "costAndExpenses": 571900000,
        "interestIncome": 0,
        "interestExpense": 29000000,
        "depreciationAndAmortization": 24900000,
        "ebitda": 173800000,
        "ebitdaratio": 0.1806465024,
        "operatingIncome": 123900000,
        "operatingIncomeRatio": 0.128780792,
        "totalOtherIncomeExpensesNet": 0,
        "incomeBeforeTax": 123900000,
        "incomeBeforeTaxRatio": 0.128780792,
        "incomeTaxExpense": 47200000,
        "netIncome": 72700000,
        "netIncomeRatio": 0.0755638707,
        "eps": 0.39,
        "epsdiluted": 0.39,
        "weightedAverageShsOut": 186600000,
        "weightedAverageShsOutDil": 186700000,
        "link": "https://www.sec.gov/Archives/edgar/data/1452575/000145257516000069/0001452575-16-000069-index.html",
        "finalLink": "https://www.sec.gov/Archives/edgar/data/1452575/000145257516000069/form10-qx1q2016q1.htm"
    },
    {
        "date": "2015-12-31",
        "symbol": "MJN",
        "reportedCurrency": "USD",
        "cik": "0001452575",
        "fillingDate": "2016-02-17",
        "acceptedDate": "2016-02-17 12:23:47",
        "calendarYear": "2015",
        "period": "Q4",
        "revenue": 967000000,
        "costOfRevenue": 358600000,
        "grossProfit": 608400000,
        "grossProfitRatio": 0.6291623578,
        "researchAndDevelopmentExpenses": 28500000,
        "generalAndAdministrativeExpenses": 211100000,
        "sellingAndMarketingExpenses": 0,
        "sellingGeneralAndAdministrativeExpenses": 211100000,
        "otherExpenses": 0,
        "operatingExpenses": 239600000,
        "costAndExpenses": 598200000,
        "interestIncome": 0,
        "interestExpense": 24900000,
        "depreciationAndAmortization": 25700000,
        "ebitda": 220900000,
        "ebitdaratio": 0.2284384695,
        "operatingIncome": 173300000,
        "operatingIncomeRatio": 0.1792140641,
        "totalOtherIncomeExpensesNet": 0,
        "incomeBeforeTax": 173300000,
        "incomeBeforeTaxRatio": 0.1792140641,
        "incomeTaxExpense": 42300000,
        "netIncome": 128000000,
        "netIncomeRatio": 0.1323681489,
        "eps": 0.64,
        "epsdiluted": 0.64,
        "weightedAverageShsOut": 199000000,
        "weightedAverageShsOutDil": 199400000,
        "link": "https://www.sec.gov/Archives/edgar/data/1452575/000145257516000063/0001452575-16-000063-index.html",
        "finalLink": "https://www.sec.gov/Archives/edgar/data/1452575/000145257516000063/mjn2015form10-k.htm"
    },
    {
        "date": "2015-09-30",
        "symbol": "MJN",
        "reportedCurrency": "USD",
        "cik": "0001452575",
        "fillingDate": "2015-10-22",
        "acceptedDate": "2015-10-22 07:54:47",
        "calendarYear": "2015",
        "period": "Q3",
        "revenue": 977500000,
        "costOfRevenue": 346800000,
        "grossProfit": 630700000,
        "grossProfitRatio": 0.6452173913,
        "researchAndDevelopmentExpenses": 26300000,
        "generalAndAdministrativeExpenses": 216100000,
        "sellingAndMarketingExpenses": 0,
        "sellingGeneralAndAdministrativeExpenses": 216100000,
        "otherExpenses": 0,
        "operatingExpenses": 242400000,
        "costAndExpenses": 589200000,
        "interestIncome": 0,
        "interestExpense": 16800000,
        "depreciationAndAmortization": 24600000,
        "ebitda": 253200000,
        "ebitdaratio": 0.259028133,
        "operatingIncome": 211200000,
        "operatingIncomeRatio": 0.2160613811,
        "totalOtherIncomeExpensesNet": 0,
        "incomeBeforeTax": 211200000,
        "incomeBeforeTaxRatio": 0.2160613811,
        "incomeTaxExpense": 56600000,
        "netIncome": 155200000,
        "netIncomeRatio": 0.1587723785,
        "eps": 0.77,
        "epsdiluted": 0.77,
        "weightedAverageShsOut": 202200000,
        "weightedAverageShsOutDil": 202600000,
        "link": "https://www.sec.gov/Archives/edgar/data/1452575/000145257515000048/0001452575-15-000048-index.html",
        "finalLink": "https://www.sec.gov/Archives/edgar/data/1452575/000145257515000048/form10-qx3q2015.htm"
    },
    {
        "date": "2015-06-30",
        "symbol": "MJN",
        "reportedCurrency": "USD",
        "cik": "0001452575",
        "fillingDate": "2015-07-23",
        "acceptedDate": "2015-07-23 09:06:46",
        "calendarYear": "2015",
        "period": "Q2",
        "revenue": 1032400000,
        "costOfRevenue": 356400000,
        "grossProfit": 676000000,
        "grossProfitRatio": 0.6547849671,
        "researchAndDevelopmentExpenses": 27700000,
        "generalAndAdministrativeExpenses": 230200000,
        "sellingAndMarketingExpenses": 0,
        "sellingGeneralAndAdministrativeExpenses": 230200000,
        "otherExpenses": 0,
        "operatingExpenses": 257900000,
        "costAndExpenses": 614300000,
        "interestIncome": 0,
        "interestExpense": 16500000,
        "depreciationAndAmortization": 24700000,
        "ebitda": 256800000,
        "ebitdaratio": 0.2487407981,
        "operatingIncome": 215300000,
        "operatingIncomeRatio": 0.2085432003,
        "totalOtherIncomeExpensesNet": 0,
        "incomeBeforeTax": 215300000,
        "incomeBeforeTaxRatio": 0.2085432003,
        "incomeTaxExpense": 52700000,
        "netIncome": 162900000,
        "netIncomeRatio": 0.1577876792,
        "eps": 0.8,
        "epsdiluted": 0.8,
        "weightedAverageShsOut": 202500000,
        "weightedAverageShsOutDil": 203100000,
        "link": "https://www.sec.gov/Archives/edgar/data/1452575/000145257515000034/0001452575-15-000034-index.html",
        "finalLink": "https://www.sec.gov/Archives/edgar/data/1452575/000145257515000034/form10-qx2q2015.htm"
    },
    {
        "date": "2015-03-31",
        "symbol": "MJN",
        "reportedCurrency": "USD",
        "cik": "0001452575",
        "fillingDate": "2015-04-23",
        "acceptedDate": "2015-04-23 07:18:11",
        "calendarYear": "2015",
        "period": "Q1",
        "revenue": 1094400000,
        "costOfRevenue": 393500000,
        "grossProfit": 700900000,
        "grossProfitRatio": 0.6404422515,
        "researchAndDevelopmentExpenses": 25900000,
        "generalAndAdministrativeExpenses": 233200000,
        "sellingAndMarketingExpenses": 0,
        "sellingGeneralAndAdministrativeExpenses": 233200000,
        "otherExpenses": 0,
        "operatingExpenses": 259100000,
        "costAndExpenses": 652600000,
        "interestIncome": 0,
        "interestExpense": 16400000,
        "depreciationAndAmortization": 24100000,
        "ebitda": 312200000,
        "ebitdaratio": 0.2852704678,
        "operatingIncome": 271400000,
        "operatingIncomeRatio": 0.2479897661,
        "totalOtherIncomeExpensesNet": 0,
        "incomeBeforeTax": 271400000,
        "incomeBeforeTaxRatio": 0.2479897661,
        "incomeTaxExpense": 64300000,
        "netIncome": 207400000,
        "netIncomeRatio": 0.1895102339,
        "eps": 1.02,
        "epsdiluted": 1.02,
        "weightedAverageShsOut": 202400000,
        "weightedAverageShsOutDil": 202900000,
        "link": "https://www.sec.gov/Archives/edgar/data/1452575/000145257515000012/0001452575-15-000012-index.html",
        "finalLink": "https://www.sec.gov/Archives/edgar/data/1452575/000145257515000012/form10-qx1q2015.htm"
    },
    {
        "date": "2014-12-31",
        "symbol": "MJN",
        "reportedCurrency": "USD",
        "cik": "0001452575",
        "fillingDate": "2015-02-27",
        "acceptedDate": "2015-02-27 07:41:23",
        "calendarYear": "2014",
        "period": "Q4",
        "revenue": 1094200000,
        "costOfRevenue": 430200000,
        "grossProfit": 664000000,
        "grossProfitRatio": 0.6068360446,
        "researchAndDevelopmentExpenses": 32600000,
        "generalAndAdministrativeExpenses": 263500000,
        "sellingAndMarketingExpenses": 0,
        "sellingGeneralAndAdministrativeExpenses": 263500000,
        "otherExpenses": 0,
        "operatingExpenses": 296100000,
        "costAndExpenses": 726300000,
        "interestIncome": 0,
        "interestExpense": 16700000,
        "depreciationAndAmortization": 23800000,
        "ebitda": 237600000,
        "ebitdaratio": 0.2171449461,
        "operatingIncome": 195300000,
        "operatingIncomeRatio": 0.1784865655,
        "totalOtherIncomeExpensesNet": 0,
        "incomeBeforeTax": 195300000,
        "incomeBeforeTaxRatio": 0.1784865655,
        "incomeTaxExpense": 38700000,
        "netIncome": 158400000,
        "netIncomeRatio": 0.1447632974,
        "eps": 0.78,
        "epsdiluted": 0.78,
        "weightedAverageShsOut": 202100000,
        "weightedAverageShsOutDil": 202700000,
        "link": "https://www.sec.gov/Archives/edgar/data/1452575/000145257515000007/0001452575-15-000007-index.htm",
        "finalLink": "https://www.sec.gov/Archives/edgar/data/1452575/000145257515000007/mjn201410-k.htm"
    },
    {
        "date": "2014-09-30",
        "symbol": "MJN",
        "reportedCurrency": "USD",
        "cik": "0001452575",
        "fillingDate": "2014-10-23",
        "acceptedDate": "2014-10-23 10:46:41",
        "calendarYear": "2014",
        "period": "Q3",
        "revenue": 1090700000,
        "costOfRevenue": 437900000,
        "grossProfit": 652800000,
        "grossProfitRatio": 0.5985147153,
        "researchAndDevelopmentExpenses": 28700000,
        "generalAndAdministrativeExpenses": 240200000,
        "sellingAndMarketingExpenses": 0,
        "sellingGeneralAndAdministrativeExpenses": 240200000,
        "otherExpenses": 0,
        "operatingExpenses": 268900000,
        "costAndExpenses": 706800000,
        "interestIncome": 0,
        "interestExpense": 20600000,
        "depreciationAndAmortization": 23600000,
        "ebitda": 267800000,
        "ebitdaratio": 0.2455303933,
        "operatingIncome": 224300000,
        "operatingIncomeRatio": 0.2056477492,
        "totalOtherIncomeExpensesNet": 0,
        "incomeBeforeTax": 224300000,
        "incomeBeforeTaxRatio": 0.2056477492,
        "incomeTaxExpense": 36000000,
        "netIncome": 187600000,
        "netIncomeRatio": 0.1719996333,
        "eps": 0.93,
        "epsdiluted": 0.93,
        "weightedAverageShsOut": 202100000,
        "weightedAverageShsOutDil": 202600000,
        "link": "https://www.sec.gov/Archives/edgar/data/1452575/000145257514000048/0001452575-14-000048-index.html",
        "finalLink": "https://www.sec.gov/Archives/edgar/data/1452575/000145257514000048/form10-qxoct232014.htm"
    },
    {
        "date": "2014-06-30",
        "symbol": "MJN",
        "reportedCurrency": "USD",
        "cik": "0001452575",
        "fillingDate": "2014-07-22",
        "acceptedDate": "2014-07-22 10:17:39",
        "calendarYear": "2014",
        "period": "Q2",
        "revenue": 1111100000,
        "costOfRevenue": 426800000,
        "grossProfit": 684300000,
        "grossProfitRatio": 0.6158761588,
        "researchAndDevelopmentExpenses": 26700000,
        "generalAndAdministrativeExpenses": 242300000,
        "sellingAndMarketingExpenses": 0,
        "sellingGeneralAndAdministrativeExpenses": 242300000,
        "otherExpenses": 0,
        "operatingExpenses": 269000000,
        "costAndExpenses": 695800000,
        "interestIncome": 0,
        "interestExpense": 17800000,
        "depreciationAndAmortization": 22200000,
        "ebitda": 264900000,
        "ebitdaratio": 0.2384123841,
        "operatingIncome": 229600000,
        "operatingIncomeRatio": 0.2066420664,
        "totalOtherIncomeExpensesNet": 0,
        "incomeBeforeTax": 229600000,
        "incomeBeforeTaxRatio": 0.2066420664,
        "incomeTaxExpense": 53500000,
        "netIncome": 171400000,
        "netIncomeRatio": 0.1542615426,
        "eps": 0.85,
        "epsdiluted": 0.85,
        "weightedAverageShsOut": 202000000,
        "weightedAverageShsOutDil": 202500000,
        "link": "https://www.sec.gov/Archives/edgar/data/1452575/000145257514000042/0001452575-14-000042-index.html",
        "finalLink": "https://www.sec.gov/Archives/edgar/data/1452575/000145257514000042/form10-qxjul222014.htm"
    },
    {
        "date": "2014-03-31",
        "symbol": "MJN",
        "reportedCurrency": "USD",
        "cik": "0001452575",
        "fillingDate": "2014-04-24",
        "acceptedDate": "2014-04-24 06:04:07",
        "calendarYear": "2014",
        "period": "Q1",
        "revenue": 1113300000,
        "costOfRevenue": 405700000,
        "grossProfit": 707600000,
        "grossProfitRatio": 0.6355878919,
        "researchAndDevelopmentExpenses": 27100000,
        "generalAndAdministrativeExpenses": 232900000,
        "sellingAndMarketingExpenses": 0,
        "sellingGeneralAndAdministrativeExpenses": 232900000,
        "otherExpenses": 0,
        "operatingExpenses": 260000000,
        "costAndExpenses": 665700000,
        "interestIncome": 0,
        "interestExpense": 14800000,
        "depreciationAndAmortization": 22000000,
        "ebitda": 310200000,
        "ebitdaratio": 0.2786310967,
        "operatingIncome": 278800000,
        "operatingIncomeRatio": 0.2504266595,
        "totalOtherIncomeExpensesNet": 0,
        "incomeBeforeTax": 278800000,
        "incomeBeforeTaxRatio": 0.2504266595,
        "incomeTaxExpense": 71000000,
        "netIncome": 202400000,
        "netIncomeRatio": 0.1818018504,
        "eps": 1,
        "epsdiluted": 1,
        "weightedAverageShsOut": 201900000,
        "weightedAverageShsOutDil": 202400000,
        "link": "https://www.sec.gov/Archives/edgar/data/1452575/000145257514000019/0001452575-14-000019-index.html",
        "finalLink": "https://www.sec.gov/Archives/edgar/data/1452575/000145257514000019/form10-qxapr242014.htm"
    },
    {
        "date": "2013-12-31",
        "symbol": "MJN",
        "reportedCurrency": "USD",
        "cik": "0001452575",
        "fillingDate": "2014-02-18",
        "acceptedDate": "2014-02-18 16:40:43",
        "calendarYear": "2013",
        "period": "Q4",
        "revenue": 1060700000,
        "costOfRevenue": 392000000,
        "grossProfit": 668700000,
        "grossProfitRatio": 0.6304327331,
        "researchAndDevelopmentExpenses": 27900000,
        "generalAndAdministrativeExpenses": 251200000,
        "sellingAndMarketingExpenses": 0,
        "sellingGeneralAndAdministrativeExpenses": 251200000,
        "otherExpenses": 0,
        "operatingExpenses": 279100000,
        "costAndExpenses": 671100000,
        "interestIncome": 0,
        "interestExpense": 13900000,
        "depreciationAndAmortization": 21000000,
        "ebitda": 224800000,
        "ebitdaratio": 0.2119355143,
        "operatingIncome": 193500000,
        "operatingIncomeRatio": 0.1824266993,
        "totalOtherIncomeExpensesNet": 0,
        "incomeBeforeTax": 193500000,
        "incomeBeforeTaxRatio": 0.1824266993,
        "incomeTaxExpense": 36700000,
        "netIncome": 153200000,
        "netIncomeRatio": 0.1444329217,
        "eps": 0.76,
        "epsdiluted": 0.75,
        "weightedAverageShsOut": 202400000,
        "weightedAverageShsOutDil": 203100000,
        "link": "https://www.sec.gov/Archives/edgar/data/1452575/000145257514000009/0001452575-14-000009-index.htm",
        "finalLink": "https://www.sec.gov/Archives/edgar/data/1452575/000145257514000009/mjn2013form10-k.htm"
    },
    {
        "date": "2013-09-30",
        "symbol": "MJN",
        "reportedCurrency": "USD",
        "cik": "0001452575",
        "fillingDate": "2013-10-24",
        "acceptedDate": "2013-10-24 08:12:25",
        "calendarYear": "2013",
        "period": "Q3",
        "revenue": 1046800000,
        "costOfRevenue": 365500000,
        "grossProfit": 681300000,
        "grossProfitRatio": 0.6508406572,
        "researchAndDevelopmentExpenses": 24800000,
        "generalAndAdministrativeExpenses": 222600000,
        "sellingAndMarketingExpenses": 0,
        "sellingGeneralAndAdministrativeExpenses": 222600000,
        "otherExpenses": 0,
        "operatingExpenses": 247400000,
        "costAndExpenses": 612900000,
        "interestIncome": 0,
        "interestExpense": 14500000,
        "depreciationAndAmortization": 20400000,
        "ebitda": 262900000,
        "ebitdaratio": 0.2511463508,
        "operatingIncome": 226400000,
        "operatingIncomeRatio": 0.2162781811,
        "totalOtherIncomeExpensesNet": 0,
        "incomeBeforeTax": 226400000,
        "incomeBeforeTaxRatio": 0.2162781811,
        "incomeTaxExpense": 66400000,
        "netIncome": 161600000,
        "netIncomeRatio": 0.1543752388,
        "eps": 0.8,
        "epsdiluted": 0.8,
        "weightedAverageShsOut": 202500000,
        "weightedAverageShsOutDil": 203100000,
        "link": "https://www.sec.gov/Archives/edgar/data/1452575/000145257513000015/0001452575-13-000015-index.html",
        "finalLink": "https://www.sec.gov/Archives/edgar/data/1452575/000145257513000015/form10-qx3q20139302013.htm"
    },
    {
        "date": "2013-06-30",
        "symbol": "MJN",
        "reportedCurrency": "USD",
        "cik": "0001452575",
        "fillingDate": "2013-07-25",
        "acceptedDate": "2013-07-25 10:56:37",
        "calendarYear": "2013",
        "period": "Q2",
        "revenue": 1055300000,
        "costOfRevenue": 384400000,
        "grossProfit": 670900000,
        "grossProfitRatio": 0.6357433905,
        "researchAndDevelopmentExpenses": 25500000,
        "generalAndAdministrativeExpenses": 227200000,
        "sellingAndMarketingExpenses": 0,
        "sellingGeneralAndAdministrativeExpenses": 227200000,
        "otherExpenses": 0,
        "operatingExpenses": 252700000,
        "costAndExpenses": 637100000,
        "interestIncome": 0,
        "interestExpense": 14800000,
        "depreciationAndAmortization": 21600000,
        "ebitda": 254200000,
        "ebitdaratio": 0.2408793708,
        "operatingIncome": 219200000,
        "operatingIncomeRatio": 0.2077134464,
        "totalOtherIncomeExpensesNet": 0,
        "incomeBeforeTax": 219200000,
        "incomeBeforeTaxRatio": 0.2077134464,
        "incomeTaxExpense": 55600000,
        "netIncome": 162200000,
        "netIncomeRatio": 0.1537003696,
        "eps": 0.8,
        "epsdiluted": 0.8,
        "weightedAverageShsOut": 202600000,
        "weightedAverageShsOutDil": 203200000,
        "link": "https://www.sec.gov/Archives/edgar/data/1452575/000145257513000011/0001452575-13-000011-index.html",
        "finalLink": "https://www.sec.gov/Archives/edgar/data/1452575/000145257513000011/form10-qx2q20136302013.htm"
    },
    {
        "date": "2013-03-31",
        "symbol": "MJN",
        "reportedCurrency": "USD",
        "cik": "0001452575",
        "fillingDate": "2013-04-25",
        "acceptedDate": "2013-04-25 10:33:07",
        "calendarYear": "2013",
        "period": "Q1",
        "revenue": 1037900000,
        "costOfRevenue": 390900000,
        "grossProfit": 647000000,
        "grossProfitRatio": 0.6233741208,
        "researchAndDevelopmentExpenses": 24200000,
        "generalAndAdministrativeExpenses": 217000000,
        "sellingAndMarketingExpenses": 0,
        "sellingGeneralAndAdministrativeExpenses": 217000000,
        "otherExpenses": 0,
        "operatingExpenses": 241200000,
        "costAndExpenses": 632100000,
        "interestIncome": 0,
        "interestExpense": 16000000,
        "depreciationAndAmortization": 20100000,
        "ebitda": 269000000,
        "ebitdaratio": 0.2591771847,
        "operatingIncome": 234900000,
        "operatingIncomeRatio": 0.2263223817,
        "totalOtherIncomeExpensesNet": 0,
        "incomeBeforeTax": 234900000,
        "incomeBeforeTaxRatio": 0.2263223817,
        "incomeTaxExpense": 60400000,
        "netIncome": 172500000,
        "netIncomeRatio": 0.1662009828,
        "eps": 0.85,
        "epsdiluted": 0.85,
        "weightedAverageShsOut": 202700000,
        "weightedAverageShsOutDil": 203200000,
        "link": "https://www.sec.gov/Archives/edgar/data/1452575/000145257513000007/0001452575-13-000007-index.html",
        "finalLink": "https://www.sec.gov/Archives/edgar/data/1452575/000145257513000007/form10-qx1q20133312013.htm"
    },
    {
        "date": "2012-12-31",
        "symbol": "MJN",
        "reportedCurrency": "USD",
        "cik": "0001452575",
        "fillingDate": "2013-02-21",
        "acceptedDate": "2013-02-21 10:46:38",
        "calendarYear": "2012",
        "period": "Q4",
        "revenue": 981100000,
        "costOfRevenue": 382000000,
        "grossProfit": 599100000,
        "grossProfitRatio": 0.6106411171,
        "researchAndDevelopmentExpenses": 27800000,
        "generalAndAdministrativeExpenses": 235600000,
        "sellingAndMarketingExpenses": 0,
        "sellingGeneralAndAdministrativeExpenses": 235600000,
        "otherExpenses": 0,
        "operatingExpenses": 263400000,
        "costAndExpenses": 645400000,
        "interestIncome": 0,
        "interestExpense": 17600000,
        "depreciationAndAmortization": 20200000,
        "ebitda": 213400000,
        "ebitdaratio": 0.2175109571,
        "operatingIncome": 173700000,
        "operatingIncomeRatio": 0.1770461727,
        "totalOtherIncomeExpensesNet": 0,
        "incomeBeforeTax": 173700000,
        "incomeBeforeTaxRatio": 0.1770461727,
        "incomeTaxExpense": 41400000,
        "netIncome": 134200000,
        "netIncomeRatio": 0.1367852411,
        "eps": 0.66,
        "epsdiluted": 0.66,
        "weightedAverageShsOut": 203600000,
        "weightedAverageShsOutDil": 204300000,
        "link": "https://www.sec.gov/Archives/edgar/data/1452575/000145257513000004/0001452575-13-000004-index.html",
        "finalLink": "https://www.sec.gov/Archives/edgar/data/1452575/000145257513000004/mjndraft2012.htm"
    },
    {
        "date": "2012-09-30",
        "symbol": "MJN",
        "reportedCurrency": "USD",
        "cik": "0001452575",
        "fillingDate": "2012-10-25",
        "acceptedDate": "2012-10-24 20:00:00",
        "calendarYear": "2012",
        "period": "Q3",
        "revenue": 921300000,
        "costOfRevenue": 357500000,
        "grossProfit": 563800000,
        "grossProfitRatio": 0.6119613589,
        "researchAndDevelopmentExpenses": 21500000,
        "generalAndAdministrativeExpenses": 210700000,
        "sellingAndMarketingExpenses": 0,
        "sellingGeneralAndAdministrativeExpenses": 210700000,
        "otherExpenses": 0,
        "operatingExpenses": 232200000,
        "costAndExpenses": 589700000,
        "interestIncome": 0,
        "interestExpense": 18300000,
        "depreciationAndAmortization": 19100000,
        "ebitda": 204800000,
        "ebitdaratio": 0.2222945837,
        "operatingIncome": 166300000,
        "operatingIncomeRatio": 0.180505807,
        "totalOtherIncomeExpensesNet": 0,
        "incomeBeforeTax": 166300000,
        "incomeBeforeTaxRatio": 0.180505807,
        "incomeTaxExpense": 27100000,
        "netIncome": 140300000,
        "netIncomeRatio": 0.1522848149,
        "eps": 0.69,
        "epsdiluted": 0.69,
        "weightedAverageShsOut": 203900000,
        "weightedAverageShsOutDil": 204500000,
        "link": "https://www.sec.gov/Archives/edgar/data/1452575/000145257512000007/0001452575-12-000007-index.htm",
        "finalLink": "https://www.sec.gov/Archives/edgar/data/1452575/000145257512000007/meadjohnson930201210-q.htm"
    },
    {
        "date": "2012-06-30",
        "symbol": "MJN",
        "reportedCurrency": "USD",
        "cik": "0001452575",
        "fillingDate": "2012-07-26",
        "acceptedDate": "2012-07-25 20:00:00",
        "calendarYear": "2012",
        "period": "Q2",
        "revenue": 1012300000,
        "costOfRevenue": 372300000,
        "grossProfit": 640000000,
        "grossProfitRatio": 0.6322236491,
        "researchAndDevelopmentExpenses": 23600000,
        "generalAndAdministrativeExpenses": 221100000,
        "sellingAndMarketingExpenses": 0,
        "sellingGeneralAndAdministrativeExpenses": 221100000,
        "otherExpenses": 0,
        "operatingExpenses": 244700000,
        "costAndExpenses": 617000000,
        "interestIncome": 0,
        "interestExpense": 18800000,
        "depreciationAndAmortization": 19100000,
        "ebitda": 263300000,
        "ebitdaratio": 0.2601007606,
        "operatingIncome": 230700000,
        "operatingIncomeRatio": 0.2278968685,
        "totalOtherIncomeExpensesNet": 0,
        "incomeBeforeTax": 230700000,
        "incomeBeforeTaxRatio": 0.2278968685,
        "incomeTaxExpense": 59600000,
        "netIncome": 165800000,
        "netIncomeRatio": 0.1637854391,
        "eps": 0.81,
        "epsdiluted": 0.81,
        "weightedAverageShsOut": 204000000,
        "weightedAverageShsOutDil": 204700000,
        "link": "https://www.sec.gov/Archives/edgar/data/1452575/000110465912051271/0001104659-12-051271-index.htm",
        "finalLink": "https://www.sec.gov/Archives/edgar/data/1452575/000110465912051271/a12-12355_110q.htm"
    },
    {
        "date": "2012-03-31",
        "symbol": "MJN",
        "reportedCurrency": "USD",
        "cik": "0001452575",
        "fillingDate": "2012-04-26",
        "acceptedDate": "2012-04-25 20:00:00",
        "calendarYear": "2012",
        "period": "Q1",
        "revenue": 986600000,
        "costOfRevenue": 373500000,
        "grossProfit": 613100000,
        "grossProfitRatio": 0.6214271235,
        "researchAndDevelopmentExpenses": 22500000,
        "generalAndAdministrativeExpenses": 210400000,
        "sellingAndMarketingExpenses": 0,
        "sellingGeneralAndAdministrativeExpenses": 210400000,
        "otherExpenses": 0,
        "operatingExpenses": 232900000,
        "costAndExpenses": 606400000,
        "interestIncome": 0,
        "interestExpense": 16200000,
        "depreciationAndAmortization": 18500000,
        "ebitda": 263400000,
        "ebitdaratio": 0.2669774985,
        "operatingIncome": 234300000,
        "operatingIncomeRatio": 0.2374822623,
        "totalOtherIncomeExpensesNet": 0,
        "incomeBeforeTax": 234300000,
        "incomeBeforeTaxRatio": 0.2374822623,
        "incomeTaxExpense": 64500000,
        "netIncome": 164200000,
        "netIncomeRatio": 0.1664301642,
        "eps": 0.81,
        "epsdiluted": 0.8,
        "weightedAverageShsOut": 203900000,
        "weightedAverageShsOutDil": 204600000,
        "link": "https://www.sec.gov/Archives/edgar/data/1452575/000110465912028798/0001104659-12-028798-index.htm",
        "finalLink": "https://www.sec.gov/Archives/edgar/data/1452575/000110465912028798/a12-5731_110q.htm"
    },
    {
        "date": "2011-12-31",
        "symbol": "MJN",
        "reportedCurrency": "USD",
        "cik": "0001452575",
        "fillingDate": "2012-02-17",
        "acceptedDate": "2012-02-16 19:00:00",
        "calendarYear": "2011",
        "period": "Q4",
        "revenue": 911300000,
        "costOfRevenue": 354900000,
        "grossProfit": 556400000,
        "grossProfitRatio": 0.6105563481,
        "researchAndDevelopmentExpenses": 28100000,
        "generalAndAdministrativeExpenses": 237300000,
        "sellingAndMarketingExpenses": 0,
        "sellingGeneralAndAdministrativeExpenses": 237300000,
        "otherExpenses": 0,
        "operatingExpenses": 265400000,
        "costAndExpenses": 620300000,
        "interestIncome": 0,
        "interestExpense": 15700000,
        "depreciationAndAmortization": 18200000,
        "ebitda": 162500000,
        "ebitdaratio": 0.1783166904,
        "operatingIncome": 132300000,
        "operatingIncomeRatio": 0.1451772194,
        "totalOtherIncomeExpensesNet": 0,
        "incomeBeforeTax": 132300000,
        "incomeBeforeTaxRatio": 0.1451772194,
        "incomeTaxExpense": 43000000,
        "netIncome": 85600000,
        "netIncomeRatio": 0.0939317459,
        "eps": 0.42,
        "epsdiluted": 0.42,
        "weightedAverageShsOut": 204300000,
        "weightedAverageShsOutDil": 205000000,
        "link": "https://www.sec.gov/Archives/edgar/data/1452575/000104746912001135/0001047469-12-001135-index.htm",
        "finalLink": "https://www.sec.gov/Archives/edgar/data/1452575/000104746912001135/a2207273z10-k.htm"
    },
    {
        "date": "2011-09-30",
        "symbol": "MJN",
        "reportedCurrency": "USD",
        "cik": "0001452575",
        "fillingDate": "2011-10-27",
        "acceptedDate": "2011-10-26 20:00:00",
        "calendarYear": "2011",
        "period": "Q3",
        "revenue": 933900000,
        "costOfRevenue": 358300000,
        "grossProfit": 575600000,
        "grossProfitRatio": 0.6163400792,
        "researchAndDevelopmentExpenses": 22900000,
        "generalAndAdministrativeExpenses": 229500000,
        "sellingAndMarketingExpenses": 0,
        "sellingGeneralAndAdministrativeExpenses": 229500000,
        "otherExpenses": 0,
        "operatingExpenses": 252400000,
        "costAndExpenses": 610700000,
        "interestIncome": 0,
        "interestExpense": 15600000,
        "depreciationAndAmortization": 19500000,
        "ebitda": 222500000,
        "ebitdaratio": 0.2382482064,
        "operatingIncome": 188600000,
        "operatingIncomeRatio": 0.2019488168,
        "totalOtherIncomeExpensesNet": 0,
        "incomeBeforeTax": 188600000,
        "incomeBeforeTaxRatio": 0.2019488168,
        "incomeTaxExpense": 42700000,
        "netIncome": 144700000,
        "netIncomeRatio": 0.1549416426,
        "eps": 0.71,
        "epsdiluted": 0.71,
        "weightedAverageShsOut": 204400000,
        "weightedAverageShsOutDil": 205000000,
        "link": "https://www.sec.gov/Archives/edgar/data/1452575/000110465911058315/0001104659-11-058315-index.htm",
        "finalLink": "https://www.sec.gov/Archives/edgar/data/1452575/000110465911058315/a11-26817_110q.htm"
    },
    {
        "date": "2011-06-30",
        "symbol": "MJN",
        "reportedCurrency": "USD",
        "cik": "0001452575",
        "fillingDate": "2011-07-28",
        "acceptedDate": "2011-07-27 20:00:00",
        "calendarYear": "2011",
        "period": "Q2",
        "revenue": 932000000,
        "costOfRevenue": 329100000,
        "grossProfit": 602900000,
        "grossProfitRatio": 0.646888412,
        "researchAndDevelopmentExpenses": 22200000,
        "generalAndAdministrativeExpenses": 246600000,
        "sellingAndMarketingExpenses": 0,
        "sellingGeneralAndAdministrativeExpenses": 246600000,
        "otherExpenses": 0,
        "operatingExpenses": 268800000,
        "costAndExpenses": 597900000,
        "interestIncome": 0,
        "interestExpense": 14500000,
        "depreciationAndAmortization": 19900000,
        "ebitda": 223100000,
        "ebitdaratio": 0.2393776824,
        "operatingIncome": 254900000,
        "operatingIncomeRatio": 0.2734978541,
        "totalOtherIncomeExpensesNet": -60600000,
        "incomeBeforeTax": 194300000,
        "incomeBeforeTaxRatio": 0.2084763948,
        "incomeTaxExpense": 56600000,
        "netIncome": 132100000,
        "netIncomeRatio": 0.1417381974,
        "eps": 0.65,
        "epsdiluted": 0.64,
        "weightedAverageShsOut": 204600000,
        "weightedAverageShsOutDil": 205200000,
        "link": "https://www.sec.gov/Archives/edgar/data/1452575/000119312511200167/0001193125-11-200167-index.htm",
        "finalLink": "https://www.sec.gov/Archives/edgar/data/1452575/000119312511200167/d10q.htm"
    },
    {
        "date": "2011-03-31",
        "symbol": "MJN",
        "reportedCurrency": "USD",
        "cik": "0001452575",
        "fillingDate": "2011-04-28",
        "acceptedDate": "2011-04-27 20:00:00",
        "calendarYear": "2011",
        "period": "Q1",
        "revenue": 899800000,
        "costOfRevenue": 320000000,
        "grossProfit": 579800000,
        "grossProfitRatio": 0.6443654145,
        "researchAndDevelopmentExpenses": 19300000,
        "generalAndAdministrativeExpenses": 213400000,
        "sellingAndMarketingExpenses": 0,
        "sellingGeneralAndAdministrativeExpenses": 213400000,
        "otherExpenses": 0,
        "operatingExpenses": 232700000,
        "costAndExpenses": 552700000,
        "interestIncome": 0,
        "interestExpense": 14400000,
        "depreciationAndAmortization": 17700000,
        "ebitda": 238800000,
        "ebitdaratio": 0.2653923094,
        "operatingIncome": 146100000,
        "operatingIncomeRatio": 0.1623694154,
        "totalOtherIncomeExpensesNet": 60600000,
        "incomeBeforeTax": 206700000,
        "incomeBeforeTaxRatio": 0.229717715,
        "incomeTaxExpense": 60600000,
        "netIncome": 146100000,
        "netIncomeRatio": 0.1623694154,
        "eps": 0.71,
        "epsdiluted": 0.71,
        "weightedAverageShsOut": 204700000,
        "weightedAverageShsOutDil": 205300000,
        "link": "https://www.sec.gov/Archives/edgar/data/1452575/000119312511114031/0001193125-11-114031-index.htm",
        "finalLink": "https://www.sec.gov/Archives/edgar/data/1452575/000119312511114031/d10q.htm"
    },
    {
        "date": "2010-12-31",
        "symbol": "MJN",
        "reportedCurrency": "USD",
        "cik": "0001452575",
        "fillingDate": "2011-02-16",
        "acceptedDate": "2011-02-16 16:42:14",
        "calendarYear": "2010",
        "period": "Q4",
        "revenue": 804000000,
        "costOfRevenue": 303000000,
        "grossProfit": 501000000,
        "grossProfitRatio": 0.6231343284,
        "researchAndDevelopmentExpenses": 20000000,
        "generalAndAdministrativeExpenses": 218000000,
        "sellingAndMarketingExpenses": 0,
        "sellingGeneralAndAdministrativeExpenses": 218000000,
        "otherExpenses": 0,
        "operatingExpenses": 238000000,
        "costAndExpenses": 541000000,
        "interestIncome": 0,
        "interestExpense": -13000000,
        "depreciationAndAmortization": 17000000,
        "ebitda": 150000000,
        "ebitdaratio": 0.1865671642,
        "operatingIncome": 146000000,
        "operatingIncomeRatio": 0.1815920398,
        "totalOtherIncomeExpensesNet": 0,
        "incomeBeforeTax": 146000000,
        "incomeBeforeTaxRatio": 0.1815920398,
        "incomeTaxExpense": 33000000,
        "netIncome": 113000000,
        "netIncomeRatio": 0.1405472637,
        "eps": 0.55,
        "epsdiluted": 0.55,
        "weightedAverageShsOut": 204000000,
        "weightedAverageShsOutDil": 204000000,
        "link": "https://www.sec.gov/Archives/edgar/data/1452575/000119312511037913/0001193125-11-037913-index.htm",
        "finalLink": "https://www.sec.gov/Archives/edgar/data/1452575/000119312511037913/d10k.htm"
    },
    {
        "date": "2010-09-30",
        "symbol": "MJN",
        "reportedCurrency": "USD",
        "cik": "0001452575",
        "fillingDate": "2010-10-28",
        "acceptedDate": "2010-10-28 13:18:52",
        "calendarYear": "2010",
        "period": "Q3",
        "revenue": 810000000,
        "costOfRevenue": 296000000,
        "grossProfit": 514000000,
        "grossProfitRatio": 0.6345679012,
        "researchAndDevelopmentExpenses": 19000000,
        "generalAndAdministrativeExpenses": 190000000,
        "sellingAndMarketingExpenses": 0,
        "sellingGeneralAndAdministrativeExpenses": 190000000,
        "otherExpenses": 0,
        "operatingExpenses": 209000000,
        "costAndExpenses": 505000000,
        "interestIncome": 0,
        "interestExpense": -12000000,
        "depreciationAndAmortization": 16000000,
        "ebitda": 170000000,
        "ebitdaratio": 0.2098765432,
        "operatingIncome": 166000000,
        "operatingIncomeRatio": 0.2049382716,
        "totalOtherIncomeExpensesNet": 0,
        "incomeBeforeTax": 166000000,
        "incomeBeforeTaxRatio": 0.2049382716,
        "incomeTaxExpense": 46000000,
        "netIncome": 120000000,
        "netIncomeRatio": 0.1481481481,
        "eps": 0.59,
        "epsdiluted": 0.59,
        "weightedAverageShsOut": 204000000,
        "weightedAverageShsOutDil": 204000000,
        "link": "https://www.sec.gov/Archives/edgar/data/1452575/000119312510239427/0001193125-10-239427-index.htm",
        "finalLink": "https://www.sec.gov/Archives/edgar/data/1452575/000119312510239427/d10q.htm"
    },
    {
        "date": "2010-06-30",
        "symbol": "MJN",
        "reportedCurrency": "USD",
        "cik": "0001452575",
        "fillingDate": "2010-07-29",
        "acceptedDate": "2010-07-29 11:50:36",
        "calendarYear": "2010",
        "period": "Q2",
        "revenue": 764000000,
        "costOfRevenue": 279000000,
        "grossProfit": 485000000,
        "grossProfitRatio": 0.6348167539,
        "researchAndDevelopmentExpenses": 19000000,
        "generalAndAdministrativeExpenses": 183000000,
        "sellingAndMarketingExpenses": 0,
        "sellingGeneralAndAdministrativeExpenses": 183000000,
        "otherExpenses": 0,
        "operatingExpenses": 202000000,
        "costAndExpenses": 481000000,
        "interestIncome": 0,
        "interestExpense": -11000000,
        "depreciationAndAmortization": 16000000,
        "ebitda": 178000000,
        "ebitdaratio": 0.2329842932,
        "operatingIncome": 173000000,
        "operatingIncomeRatio": 0.2264397906,
        "totalOtherIncomeExpensesNet": 0,
        "incomeBeforeTax": 173000000,
        "incomeBeforeTaxRatio": 0.2264397906,
        "incomeTaxExpense": 39000000,
        "netIncome": 134000000,
        "netIncomeRatio": 0.1753926702,
        "eps": 0.66,
        "epsdiluted": 0.66,
        "weightedAverageShsOut": 204000000,
        "weightedAverageShsOutDil": 204000000,
        "link": "https://www.sec.gov/Archives/edgar/data/1452575/000119312510170229/0001193125-10-170229-index.htm",
        "finalLink": "https://www.sec.gov/Archives/edgar/data/1452575/000119312510170229/d10q.htm"
    },
    {
        "date": "2010-03-31",
        "symbol": "MJN",
        "reportedCurrency": "USD",
        "cik": "0001452575",
        "fillingDate": "2010-04-29",
        "acceptedDate": "2010-04-29 11:54:35",
        "calendarYear": "2010",
        "period": "Q1",
        "revenue": 763000000,
        "costOfRevenue": 271000000,
        "grossProfit": 492000000,
        "grossProfitRatio": 0.6448230668,
        "researchAndDevelopmentExpenses": 20000000,
        "generalAndAdministrativeExpenses": 171000000,
        "sellingAndMarketingExpenses": 0,
        "sellingGeneralAndAdministrativeExpenses": 171000000,
        "otherExpenses": 0,
        "operatingExpenses": 191000000,
        "costAndExpenses": 462000000,
        "interestIncome": 0,
        "interestExpense": -12000000,
        "depreciationAndAmortization": 15000000,
        "ebitda": 200000000,
        "ebitdaratio": 0.2621231979,
        "operatingIncome": 197000000,
        "operatingIncomeRatio": 0.2581913499,
        "totalOtherIncomeExpensesNet": 0,
        "incomeBeforeTax": 197000000,
        "incomeBeforeTaxRatio": 0.2581913499,
        "incomeTaxExpense": 58000000,
        "netIncome": 139000000,
        "netIncomeRatio": 0.1821756225,
        "eps": 0.68,
        "epsdiluted": 0.68,
        "weightedAverageShsOut": 204000000,
        "weightedAverageShsOutDil": 204000000,
        "link": "https://www.sec.gov/Archives/edgar/data/1452575/000119312510098516/0001193125-10-098516-index.htm",
        "finalLink": "https://www.sec.gov/Archives/edgar/data/1452575/000119312510098516/d10q.htm"
    }
]