[
    {
        "date": "2025-08-31",
        "symbol": "MKC",
        "reportedCurrency": "USD",
        "cik": "0000063754",
        "fillingDate": "2025-10-07",
        "acceptedDate": "2025-10-07 16:21:40",
        "calendarYear": "2025",
        "period": "Q3",
        "revenue": 1724900000,
        "costOfRevenue": 1079800000,
        "grossProfit": 645100000,
        "grossProfitRatio": 0.3739926952,
        "researchAndDevelopmentExpenses": 0,
        "generalAndAdministrativeExpenses": 0,
        "sellingAndMarketingExpenses": 0,
        "sellingGeneralAndAdministrativeExpenses": 356400000,
        "otherExpenses": 0,
        "operatingExpenses": 356400000,
        "costAndExpenses": 1436200000,
        "interestIncome": 0,
        "interestExpense": 50200000,
        "depreciationAndAmortization": 57100000,
        "ebitda": 288700000,
        "ebitdaratio": 0.1673720216,
        "operatingIncome": 288700000,
        "operatingIncomeRatio": 0.1673720216,
        "totalOtherIncomeExpensesNet": -40800000,
        "incomeBeforeTax": 247900000,
        "incomeBeforeTaxRatio": 0.1437184764,
        "incomeTaxExpense": 39300000,
        "netIncome": 225500000,
        "netIncomeRatio": 0.1307322164,
        "eps": 0.84,
        "epsdiluted": 0.84,
        "weightedAverageShsOut": 268600000,
        "weightedAverageShsOutDil": 269300000,
        "link": "https://www.sec.gov/Archives/edgar/data/63754/000006375425000065/0000063754-25-000065-index.htm",
        "finalLink": "https://www.sec.gov/Archives/edgar/data/63754/000006375425000065/mkc-20250831.htm"
    },
    {
        "date": "2025-05-31",
        "symbol": "MKC",
        "reportedCurrency": "USD",
        "cik": "0000063754",
        "fillingDate": "2025-06-26",
        "acceptedDate": "2025-06-26 16:17:30",
        "calendarYear": "2025",
        "period": "Q2",
        "revenue": 1659500000,
        "costOfRevenue": 1036700000,
        "grossProfit": 622800000,
        "grossProfitRatio": 0.3752937632,
        "researchAndDevelopmentExpenses": 0,
        "generalAndAdministrativeExpenses": 0,
        "sellingAndMarketingExpenses": 0,
        "sellingGeneralAndAdministrativeExpenses": 364200000,
        "otherExpenses": 12800000,
        "operatingExpenses": 377000000,
        "costAndExpenses": 1413700000,
        "interestIncome": 0,
        "interestExpense": 51000000,
        "depreciationAndAmortization": 57100000,
        "ebitda": 312700000,
        "ebitdaratio": 0.1884302501,
        "operatingIncome": 245800000,
        "operatingIncomeRatio": 0.1481169027,
        "totalOtherIncomeExpensesNet": -21500000,
        "incomeBeforeTax": 224300000,
        "incomeBeforeTaxRatio": 0.1351611931,
        "incomeTaxExpense": 49300000,
        "netIncome": 175000000,
        "netIncomeRatio": 0.1054534498,
        "eps": 0.65,
        "epsdiluted": 0.65,
        "weightedAverageShsOut": 268600000,
        "weightedAverageShsOutDil": 269400000,
        "link": "https://www.sec.gov/Archives/edgar/data/63754/000006375425000041/0000063754-25-000041-index.htm",
        "finalLink": "https://www.sec.gov/Archives/edgar/data/63754/000006375425000041/mkc-20250531.htm"
    },
    {
        "date": "2025-02-28",
        "symbol": "MKC",
        "reportedCurrency": "USD",
        "cik": "0000063754",
        "fillingDate": "2025-03-25",
        "acceptedDate": "2025-03-25 16:49:35",
        "calendarYear": "2025",
        "period": "Q1",
        "revenue": 1605500000,
        "costOfRevenue": 1001500000,
        "grossProfit": 604000000,
        "grossProfitRatio": 0.3762067892,
        "researchAndDevelopmentExpenses": 0,
        "generalAndAdministrativeExpenses": 0,
        "sellingAndMarketingExpenses": 0,
        "sellingGeneralAndAdministrativeExpenses": 378800000,
        "otherExpenses": 0,
        "operatingExpenses": 378800000,
        "costAndExpenses": 1380300000,
        "interestIncome": 0,
        "interestExpense": 48500000,
        "depreciationAndAmortization": 53800000,
        "ebitda": 288800000,
        "ebitdaratio": 0.1798816568,
        "operatingIncome": 225200000,
        "operatingIncomeRatio": 0.1402678293,
        "totalOtherIncomeExpensesNet": -21400000,
        "incomeBeforeTax": 203900000,
        "incomeBeforeTaxRatio": 0.1270009343,
        "incomeTaxExpense": 41600000,
        "netIncome": 162300000,
        "netIncomeRatio": 0.1010900031,
        "eps": 0.6,
        "epsdiluted": 0.6,
        "weightedAverageShsOut": 268300000,
        "weightedAverageShsOutDil": 269500000,
        "link": "https://www.sec.gov/Archives/edgar/data/63754/000006375425000024/0000063754-25-000024-index.htm",
        "finalLink": "https://www.sec.gov/Archives/edgar/data/63754/000006375425000024/mkc-20250228.htm"
    },
    {
        "date": "2024-11-30",
        "symbol": "MKC",
        "reportedCurrency": "USD",
        "cik": "0000063754",
        "fillingDate": "2025-01-23",
        "acceptedDate": "2025-01-23 16:37:26",
        "calendarYear": "2024",
        "period": "Q4",
        "revenue": 1798000000,
        "costOfRevenue": 1075800000,
        "grossProfit": 722200000,
        "grossProfitRatio": 0.4016685206,
        "researchAndDevelopmentExpenses": 102900000,
        "generalAndAdministrativeExpenses": 0,
        "sellingAndMarketingExpenses": 0,
        "sellingGeneralAndAdministrativeExpenses": 414400000,
        "otherExpenses": -101300000,
        "operatingExpenses": 416000000,
        "costAndExpenses": 1489900000,
        "interestIncome": 45900000,
        "interestExpense": 52700000,
        "depreciationAndAmortization": 51300000,
        "ebitda": 363800000,
        "ebitdaratio": 0.2023359288,
        "operatingIncome": 308100000,
        "operatingIncomeRatio": 0.1713570634,
        "totalOtherIncomeExpensesNet": -27200000,
        "incomeBeforeTax": 280900000,
        "incomeBeforeTaxRatio": 0.1562291435,
        "incomeTaxExpense": 67200000,
        "netIncome": 215200000,
        "netIncomeRatio": 0.1196885428,
        "eps": 0.8,
        "epsdiluted": 0.8,
        "weightedAverageShsOut": 268400000,
        "weightedAverageShsOutDil": 269700000,
        "link": "https://www.sec.gov/Archives/edgar/data/63754/000006375425000005/0000063754-25-000005-index.htm",
        "finalLink": "https://www.sec.gov/Archives/edgar/data/63754/000006375425000005/mkc-20241130.htm"
    },
    {
        "date": "2024-08-31",
        "symbol": "MKC",
        "reportedCurrency": "USD",
        "cik": "0000063754",
        "fillingDate": "2024-10-01",
        "acceptedDate": "2024-10-01 16:07:34",
        "calendarYear": "2024",
        "period": "Q3",
        "revenue": 1679800000,
        "costOfRevenue": 1029900000,
        "grossProfit": 649900000,
        "grossProfitRatio": 0.3868912966,
        "researchAndDevelopmentExpenses": 0,
        "generalAndAdministrativeExpenses": 0,
        "sellingAndMarketingExpenses": 0,
        "sellingGeneralAndAdministrativeExpenses": 361500000,
        "otherExpenses": 1900000,
        "operatingExpenses": 363400000,
        "costAndExpenses": 1391800000,
        "interestIncome": 0,
        "interestExpense": 53500000,
        "depreciationAndAmortization": 54600000,
        "ebitda": 359300000,
        "ebitdaratio": 0.2138945113,
        "operatingIncome": 288000000,
        "operatingIncomeRatio": 0.171448982,
        "totalOtherIncomeExpensesNet": -23900000,
        "incomeBeforeTax": 264100000,
        "incomeBeforeTaxRatio": 0.1572210977,
        "incomeTaxExpense": 41000000,
        "netIncome": 223100000,
        "netIncomeRatio": 0.1328134302,
        "eps": 0.83,
        "epsdiluted": 0.83,
        "weightedAverageShsOut": 268600000,
        "weightedAverageShsOutDil": 269700000,
        "link": "https://www.sec.gov/Archives/edgar/data/63754/000006375424000064/0000063754-24-000064-index.htm",
        "finalLink": "https://www.sec.gov/Archives/edgar/data/63754/000006375424000064/mkc-20240831.htm"
    },
    {
        "date": "2024-05-31",
        "symbol": "MKC",
        "reportedCurrency": "USD",
        "cik": "0000063754",
        "fillingDate": "2024-06-27",
        "acceptedDate": "2024-06-27 16:28:20",
        "calendarYear": "2024",
        "period": "Q2",
        "revenue": 1643200000,
        "costOfRevenue": 1023600000,
        "grossProfit": 619600000,
        "grossProfitRatio": 0.3770691334,
        "researchAndDevelopmentExpenses": 0,
        "generalAndAdministrativeExpenses": 0,
        "sellingAndMarketingExpenses": 0,
        "sellingGeneralAndAdministrativeExpenses": 383700000,
        "otherExpenses": 1800000,
        "operatingExpenses": 385500000,
        "costAndExpenses": 1407500000,
        "interestIncome": 0,
        "interestExpense": 52900000,
        "depreciationAndAmortization": 57100000,
        "ebitda": 298400000,
        "ebitdaratio": 0.1815968841,
        "operatingIncome": 235700000,
        "operatingIncomeRatio": 0.14343963,
        "totalOtherIncomeExpensesNet": -25300000,
        "incomeBeforeTax": 210400000,
        "incomeBeforeTaxRatio": 0.1280428432,
        "incomeTaxExpense": 26200000,
        "netIncome": 184200000,
        "netIncomeRatio": 0.1120983447,
        "eps": 0.69,
        "epsdiluted": 0.68,
        "weightedAverageShsOut": 268600000,
        "weightedAverageShsOutDil": 269700000,
        "link": "https://www.sec.gov/Archives/edgar/data/63754/000006375424000057/0000063754-24-000057-index.htm",
        "finalLink": "https://www.sec.gov/Archives/edgar/data/63754/000006375424000057/mkc-20240531.htm"
    },
    {
        "date": "2024-02-29",
        "symbol": "MKC",
        "reportedCurrency": "USD",
        "cik": "0000063754",
        "fillingDate": "2024-03-26",
        "acceptedDate": "2024-03-26 16:19:24",
        "calendarYear": "2024",
        "period": "Q1",
        "revenue": 1602700000,
        "costOfRevenue": 1003400000,
        "grossProfit": 599300000,
        "grossProfitRatio": 0.3739314906,
        "researchAndDevelopmentExpenses": 0,
        "generalAndAdministrativeExpenses": 0,
        "sellingAndMarketingExpenses": 0,
        "sellingGeneralAndAdministrativeExpenses": 361600000,
        "otherExpenses": 4200000,
        "operatingExpenses": 365800000,
        "costAndExpenses": 1366300000,
        "interestIncome": 0,
        "interestExpense": 50300000,
        "depreciationAndAmortization": 45800000,
        "ebitda": 285100000,
        "ebitdaratio": 0.1778873152,
        "operatingIncome": 236400000,
        "operatingIncomeRatio": 0.1475010919,
        "totalOtherIncomeExpensesNet": -20800000,
        "incomeBeforeTax": 215600000,
        "incomeBeforeTaxRatio": 0.1345229925,
        "incomeTaxExpense": 49600000,
        "netIncome": 166000000,
        "netIncomeRatio": 0.1035752168,
        "eps": 0.62,
        "epsdiluted": 0.62,
        "weightedAverageShsOut": 268400000,
        "weightedAverageShsOutDil": 269600000,
        "link": "https://www.sec.gov/Archives/edgar/data/63754/000006375424000033/0000063754-24-000033-index.htm",
        "finalLink": "https://www.sec.gov/Archives/edgar/data/63754/000006375424000033/mkc-20240229.htm"
    },
    {
        "date": "2023-11-30",
        "symbol": "MKC",
        "reportedCurrency": "USD",
        "cik": "0000063754",
        "fillingDate": "2024-01-25",
        "acceptedDate": "2024-01-25 16:25:07",
        "calendarYear": "2023",
        "period": "Q4",
        "revenue": 1752800000,
        "costOfRevenue": 1051500000,
        "grossProfit": 701300000,
        "grossProfitRatio": 0.4001026928,
        "researchAndDevelopmentExpenses": 0,
        "generalAndAdministrativeExpenses": 0,
        "sellingAndMarketingExpenses": 0,
        "sellingGeneralAndAdministrativeExpenses": 390000000,
        "otherExpenses": 0,
        "operatingExpenses": 390000000,
        "costAndExpenses": 1440800000,
        "interestIncome": 10200000,
        "interestExpense": 52700000,
        "depreciationAndAmortization": 48900000,
        "ebitda": 356400000,
        "ebitdaratio": 0.203331812,
        "operatingIncome": 312000000,
        "operatingIncomeRatio": 0.1780009128,
        "totalOtherIncomeExpensesNet": -37600000,
        "incomeBeforeTax": 274400000,
        "incomeBeforeTaxRatio": 0.1565495208,
        "incomeTaxExpense": 57100000,
        "netIncome": 219300000,
        "netIncomeRatio": 0.1251141031,
        "eps": 0.82,
        "epsdiluted": 0.81,
        "weightedAverageShsOut": 268400000,
        "weightedAverageShsOutDil": 269600000,
        "link": "https://www.sec.gov/Archives/edgar/data/63754/000006375424000027/0000063754-24-000027-index.htm",
        "finalLink": "https://www.sec.gov/Archives/edgar/data/63754/000006375424000027/mkc-20231130.htm"
    },
    {
        "date": "2023-08-31",
        "symbol": "MKC",
        "reportedCurrency": "USD",
        "cik": "0000063754",
        "fillingDate": "2023-10-03",
        "acceptedDate": "2023-10-03 16:42:46",
        "calendarYear": "2023",
        "period": "Q3",
        "revenue": 1684700000,
        "costOfRevenue": 1061900000,
        "grossProfit": 622800000,
        "grossProfitRatio": 0.3696800617,
        "researchAndDevelopmentExpenses": 0,
        "generalAndAdministrativeExpenses": 369000000,
        "sellingAndMarketingExpenses": 0,
        "sellingGeneralAndAdministrativeExpenses": 369000000,
        "otherExpenses": 8800000,
        "operatingExpenses": 377800000,
        "costAndExpenses": 1439700000,
        "interestIncome": 9400000,
        "interestExpense": 52700000,
        "depreciationAndAmortization": 53800000,
        "ebitda": 305900000,
        "ebitdaratio": 0.1815753547,
        "operatingIncome": 245000000,
        "operatingIncomeRatio": 0.1454264854,
        "totalOtherIncomeExpensesNet": -32200000,
        "incomeBeforeTax": 212800000,
        "incomeBeforeTaxRatio": 0.1263132902,
        "incomeTaxExpense": 42700000,
        "netIncome": 170100000,
        "netIncomeRatio": 0.1009675313,
        "eps": 0.63,
        "epsdiluted": 0.63,
        "weightedAverageShsOut": 268400000,
        "weightedAverageShsOutDil": 270100000,
        "link": "https://www.sec.gov/Archives/edgar/data/63754/000006375423000045/0000063754-23-000045-index.htm",
        "finalLink": "https://www.sec.gov/Archives/edgar/data/63754/000006375423000045/mkc-20230831.htm"
    },
    {
        "date": "2023-05-31",
        "symbol": "MKC",
        "reportedCurrency": "USD",
        "cik": "0000063754",
        "fillingDate": "2023-06-29",
        "acceptedDate": "2023-06-29 16:29:25",
        "calendarYear": "2023",
        "period": "Q2",
        "revenue": 1659200000,
        "costOfRevenue": 1043700000,
        "grossProfit": 615500000,
        "grossProfitRatio": 0.3709619094,
        "researchAndDevelopmentExpenses": 0,
        "generalAndAdministrativeExpenses": 0,
        "sellingAndMarketingExpenses": 0,
        "sellingGeneralAndAdministrativeExpenses": 380500000,
        "otherExpenses": 13200000,
        "operatingExpenses": 393700000,
        "costAndExpenses": 1437400000,
        "interestIncome": 0,
        "interestExpense": 52200000,
        "depreciationAndAmortization": 48800000,
        "ebitda": 283100000,
        "ebitdaratio": 0.1706243973,
        "operatingIncome": 221800000,
        "operatingIncomeRatio": 0.1336788814,
        "totalOtherIncomeExpensesNet": -29400000,
        "incomeBeforeTax": 192400000,
        "incomeBeforeTaxRatio": 0.1159594986,
        "incomeTaxExpense": 40300000,
        "netIncome": 152100000,
        "netIncomeRatio": 0.0916706847,
        "eps": 0.57,
        "epsdiluted": 0.56,
        "weightedAverageShsOut": 268400000,
        "weightedAverageShsOutDil": 269800000,
        "link": "https://www.sec.gov/Archives/edgar/data/63754/000006375423000032/0000063754-23-000032-index.htm",
        "finalLink": "https://www.sec.gov/Archives/edgar/data/63754/000006375423000032/mkc-20230531.htm"
    },
    {
        "date": "2023-02-28",
        "symbol": "MKC",
        "reportedCurrency": "USD",
        "cik": "0000063754",
        "fillingDate": "2023-03-28",
        "acceptedDate": "2023-03-28 16:26:37",
        "calendarYear": "2023",
        "period": "Q1",
        "revenue": 1565500000,
        "costOfRevenue": 1002600000,
        "grossProfit": 562900000,
        "grossProfitRatio": 0.359565634,
        "researchAndDevelopmentExpenses": 0,
        "generalAndAdministrativeExpenses": 0,
        "sellingAndMarketingExpenses": 0,
        "sellingGeneralAndAdministrativeExpenses": 336100000,
        "otherExpenses": 27800000,
        "operatingExpenses": 363900000,
        "costAndExpenses": 1366500000,
        "interestIncome": 0,
        "interestExpense": 50600000,
        "depreciationAndAmortization": 47800000,
        "ebitda": 257900000,
        "ebitdaratio": 0.1647396998,
        "operatingIncome": 199000000,
        "operatingIncomeRatio": 0.1271159374,
        "totalOtherIncomeExpensesNet": -25500000,
        "incomeBeforeTax": 173500000,
        "incomeBeforeTaxRatio": 0.1108272118,
        "incomeTaxExpense": 34400000,
        "netIncome": 139100000,
        "netIncomeRatio": 0.0888534015,
        "eps": 0.52,
        "epsdiluted": 0.52,
        "weightedAverageShsOut": 268200000,
        "weightedAverageShsOutDil": 269800000,
        "link": "https://www.sec.gov/Archives/edgar/data/63754/000006375423000012/0000063754-23-000012-index.htm",
        "finalLink": "https://www.sec.gov/Archives/edgar/data/63754/000006375423000012/mkc-20230228.htm"
    },
    {
        "date": "2022-11-30",
        "symbol": "MKC",
        "reportedCurrency": "USD",
        "cik": "0000063754",
        "fillingDate": "2023-01-26",
        "acceptedDate": "2023-01-26 16:59:17",
        "calendarYear": "2022",
        "period": "Q4",
        "revenue": 1695700000,
        "costOfRevenue": 1071300000,
        "grossProfit": 624400000,
        "grossProfitRatio": 0.3682255116,
        "researchAndDevelopmentExpenses": 87500000,
        "generalAndAdministrativeExpenses": 16499999,
        "sellingAndMarketingExpenses": 240400000,
        "sellingGeneralAndAdministrativeExpenses": 256899999,
        "otherExpenses": 15700000,
        "operatingExpenses": 360100000,
        "costAndExpenses": 1431400000,
        "interestIncome": 6100000,
        "interestExpense": 44400000,
        "depreciationAndAmortization": 52400000,
        "ebitda": 325100000,
        "ebitdaratio": 0.1917202335,
        "operatingIncome": 264300000,
        "operatingIncomeRatio": 0.1558648346,
        "totalOtherIncomeExpensesNet": -25400000,
        "incomeBeforeTax": 238900000,
        "incomeBeforeTaxRatio": 0.1408857699,
        "incomeTaxExpense": 53200000,
        "netIncome": 185700000,
        "netIncomeRatio": 0.1095122958,
        "eps": 0.69,
        "epsdiluted": 0.69,
        "weightedAverageShsOut": 268250000,
        "weightedAverageShsOutDil": 270200000,
        "link": "https://www.sec.gov/Archives/edgar/data/63754/000006375423000005/0000063754-23-000005-index.htm",
        "finalLink": "https://www.sec.gov/Archives/edgar/data/63754/000006375423000005/mkc-20221130.htm"
    },
    {
        "date": "2022-08-31",
        "symbol": "MKC",
        "reportedCurrency": "USD",
        "cik": "0000063754",
        "fillingDate": "2022-10-06",
        "acceptedDate": "2022-10-06 16:26:48",
        "calendarYear": "2022",
        "period": "Q3",
        "revenue": 1595600000,
        "costOfRevenue": 1028900000,
        "grossProfit": 566700000,
        "grossProfitRatio": 0.3551642016,
        "researchAndDevelopmentExpenses": 0,
        "generalAndAdministrativeExpenses": 325700000,
        "sellingAndMarketingExpenses": 0,
        "sellingGeneralAndAdministrativeExpenses": 325700000,
        "otherExpenses": 5800000,
        "operatingExpenses": 331500000,
        "costAndExpenses": 1360400000,
        "interestIncome": 4800000,
        "interestExpense": 37900000,
        "depreciationAndAmortization": 50000000,
        "ebitda": 362600000,
        "ebitdaratio": 0.2272499373,
        "operatingIncome": 235200000,
        "operatingIncomeRatio": 0.1474053648,
        "totalOtherIncomeExpensesNet": 47000000,
        "incomeBeforeTax": 282200000,
        "incomeBeforeTaxRatio": 0.1768613688,
        "incomeTaxExpense": 59300000,
        "netIncome": 222900000,
        "netIncomeRatio": 0.1396966658,
        "eps": 0.83,
        "epsdiluted": 0.82,
        "weightedAverageShsOut": 268300000,
        "weightedAverageShsOutDil": 270200000,
        "link": "https://www.sec.gov/Archives/edgar/data/63754/000006375422000044/0000063754-22-000044-index.htm",
        "finalLink": "https://www.sec.gov/Archives/edgar/data/63754/000006375422000044/mkc-20220831.htm"
    },
    {
        "date": "2022-05-31",
        "symbol": "MKC",
        "reportedCurrency": "USD",
        "cik": "0000063754",
        "fillingDate": "2022-06-29",
        "acceptedDate": "2022-06-29 16:53:38",
        "calendarYear": "2022",
        "period": "Q2",
        "revenue": 1536800000,
        "costOfRevenue": 1013800000,
        "grossProfit": 523000000,
        "grossProfitRatio": 0.3403175429,
        "researchAndDevelopmentExpenses": 0,
        "generalAndAdministrativeExpenses": 0,
        "sellingAndMarketingExpenses": 0,
        "sellingGeneralAndAdministrativeExpenses": 349200000,
        "otherExpenses": 16600000,
        "operatingExpenses": 365800000,
        "costAndExpenses": 1379600000,
        "interestIncome": 0,
        "interestExpense": 33700000,
        "depreciationAndAmortization": 49200000,
        "ebitda": 212700000,
        "ebitdaratio": 0.1384044768,
        "operatingIncome": 157200000,
        "operatingIncomeRatio": 0.1022904737,
        "totalOtherIncomeExpensesNet": -17000000,
        "incomeBeforeTax": 140200000,
        "incomeBeforeTaxRatio": 0.0912285268,
        "incomeTaxExpense": 21700000,
        "netIncome": 118500000,
        "netIncomeRatio": 0.0771082769,
        "eps": 0.44,
        "epsdiluted": 0.44,
        "weightedAverageShsOut": 268300000,
        "weightedAverageShsOutDil": 270500000,
        "link": "https://www.sec.gov/Archives/edgar/data/63754/000006375422000038/0000063754-22-000038-index.htm",
        "finalLink": "https://www.sec.gov/Archives/edgar/data/63754/000006375422000038/mkc-20220531.htm"
    },
    {
        "date": "2022-02-28",
        "symbol": "MKC",
        "reportedCurrency": "USD",
        "cik": "0000063754",
        "fillingDate": "2022-03-29",
        "acceptedDate": "2022-03-29 16:29:10",
        "calendarYear": "2022",
        "period": "Q1",
        "revenue": 1522400000,
        "costOfRevenue": 962000000,
        "grossProfit": 560400000,
        "grossProfitRatio": 0.3681029953,
        "researchAndDevelopmentExpenses": 0,
        "generalAndAdministrativeExpenses": 0,
        "sellingAndMarketingExpenses": 0,
        "sellingGeneralAndAdministrativeExpenses": 333300000,
        "otherExpenses": 20200000,
        "operatingExpenses": 353500000,
        "costAndExpenses": 1315500000,
        "interestIncome": 0,
        "interestExpense": 33100000,
        "depreciationAndAmortization": 49000000,
        "ebitda": 262100000,
        "ebitdaratio": 0.1721623752,
        "operatingIncome": 206900000,
        "operatingIncomeRatio": 0.135903836,
        "totalOtherIncomeExpensesNet": -17600000,
        "incomeBeforeTax": 189300000,
        "incomeBeforeTaxRatio": 0.1243431424,
        "incomeTaxExpense": 34400000,
        "netIncome": 154900000,
        "netIncomeRatio": 0.1017472412,
        "eps": 0.58,
        "epsdiluted": 0.57,
        "weightedAverageShsOut": 267800000,
        "weightedAverageShsOutDil": 270500000,
        "link": "https://www.sec.gov/Archives/edgar/data/63754/000006375422000015/0000063754-22-000015-index.htm",
        "finalLink": "https://www.sec.gov/Archives/edgar/data/63754/000006375422000015/mkc-20220228.htm"
    },
    {
        "date": "2021-11-30",
        "symbol": "MKC",
        "reportedCurrency": "USD",
        "cik": "0000063754",
        "fillingDate": "2022-01-27",
        "acceptedDate": "2022-01-27 16:20:45",
        "calendarYear": "2021",
        "period": "Q4",
        "revenue": 1730300000,
        "costOfRevenue": 1027400000,
        "grossProfit": 702900000,
        "grossProfitRatio": 0.4062301335,
        "researchAndDevelopmentExpenses": 87300000,
        "generalAndAdministrativeExpenses": 0,
        "sellingAndMarketingExpenses": 0,
        "sellingGeneralAndAdministrativeExpenses": 398900000,
        "otherExpenses": -59500000,
        "operatingExpenses": 426700000,
        "costAndExpenses": 1454100000,
        "interestIncome": 0,
        "interestExpense": 35900000,
        "depreciationAndAmortization": 47200000,
        "ebitda": 328700000,
        "ebitdaratio": 0.1899670577,
        "operatingIncome": 276200000,
        "operatingIncomeRatio": 0.1596254985,
        "totalOtherIncomeExpensesNet": -21600000,
        "incomeBeforeTax": 254600000,
        "incomeBeforeTaxRatio": 0.1471421141,
        "incomeTaxExpense": 57200000,
        "netIncome": 197400000,
        "netIncomeRatio": 0.1140842628,
        "eps": 0.74,
        "epsdiluted": 0.73,
        "weightedAverageShsOut": 267400000,
        "weightedAverageShsOutDil": 270000000,
        "link": "https://www.sec.gov/Archives/edgar/data/63754/000006375422000005/0000063754-22-000005-index.htm",
        "finalLink": "https://www.sec.gov/Archives/edgar/data/63754/000006375422000005/mkc-20211130.htm"
    },
    {
        "date": "2021-08-31",
        "symbol": "MKC",
        "reportedCurrency": "USD",
        "cik": "0000063754",
        "fillingDate": "2021-09-30",
        "acceptedDate": "2021-09-30 17:07:35",
        "calendarYear": "2021",
        "period": "Q3",
        "revenue": 1549400000,
        "costOfRevenue": 949800000,
        "grossProfit": 599600000,
        "grossProfitRatio": 0.3869885117,
        "researchAndDevelopmentExpenses": 0,
        "generalAndAdministrativeExpenses": 325800000,
        "sellingAndMarketingExpenses": 0,
        "sellingGeneralAndAdministrativeExpenses": 325800000,
        "otherExpenses": 8600000,
        "operatingExpenses": 334400000,
        "costAndExpenses": 1284200000,
        "interestIncome": 2400000,
        "interestExpense": 33900000,
        "depreciationAndAmortization": 47200000,
        "ebitda": 315900000,
        "ebitdaratio": 0.203885375,
        "operatingIncome": 265200000,
        "operatingIncomeRatio": 0.1711630309,
        "totalOtherIncomeExpensesNet": -21300000,
        "incomeBeforeTax": 243900000,
        "incomeBeforeTaxRatio": 0.1574157738,
        "incomeTaxExpense": 31500000,
        "netIncome": 212400000,
        "netIncomeRatio": 0.1370853234,
        "eps": 0.79,
        "epsdiluted": 0.79,
        "weightedAverageShsOut": 267400000,
        "weightedAverageShsOutDil": 270000000,
        "link": "https://www.sec.gov/Archives/edgar/data/63754/000006375421000150/0000063754-21-000150-index.htm",
        "finalLink": "https://www.sec.gov/Archives/edgar/data/63754/000006375421000150/mkc-20210831.htm"
    },
    {
        "date": "2021-05-31",
        "symbol": "MKC",
        "reportedCurrency": "USD",
        "cik": "0000063754",
        "fillingDate": "2021-07-01",
        "acceptedDate": "2021-07-01 17:29:32",
        "calendarYear": "2021",
        "period": "Q2",
        "revenue": 1556700000,
        "costOfRevenue": 942100000,
        "grossProfit": 614600000,
        "grossProfitRatio": 0.394809533,
        "researchAndDevelopmentExpenses": 0,
        "generalAndAdministrativeExpenses": 0,
        "sellingAndMarketingExpenses": 0,
        "sellingGeneralAndAdministrativeExpenses": 356600000,
        "otherExpenses": 20600000,
        "operatingExpenses": 377200000,
        "costAndExpenses": 1319300000,
        "interestIncome": 0,
        "interestExpense": 35600000,
        "depreciationAndAmortization": 43800000,
        "ebitda": 285100000,
        "ebitdaratio": 0.1831438299,
        "operatingIncome": 237400000,
        "operatingIncomeRatio": 0.1525020877,
        "totalOtherIncomeExpensesNet": -8300000,
        "incomeBeforeTax": 229100000,
        "incomeBeforeTaxRatio": 0.1471702961,
        "incomeTaxExpense": 45400000,
        "netIncome": 183700000,
        "netIncomeRatio": 0.1180060384,
        "eps": 0.69,
        "epsdiluted": 0.68,
        "weightedAverageShsOut": 267300000,
        "weightedAverageShsOutDil": 270000000,
        "link": "https://www.sec.gov/Archives/edgar/data/63754/000006375421000120/0000063754-21-000120-index.htm",
        "finalLink": "https://www.sec.gov/Archives/edgar/data/63754/000006375421000120/mkc-20210531.htm"
    },
    {
        "date": "2021-02-28",
        "symbol": "MKC",
        "reportedCurrency": "USD",
        "cik": "0000063754",
        "fillingDate": "2021-03-30",
        "acceptedDate": "2021-03-30 17:14:59",
        "calendarYear": "2021",
        "period": "Q1",
        "revenue": 1481500000,
        "costOfRevenue": 904000000,
        "grossProfit": 577500000,
        "grossProfitRatio": 0.3898076274,
        "researchAndDevelopmentExpenses": 0,
        "generalAndAdministrativeExpenses": 0,
        "sellingAndMarketingExpenses": 0,
        "sellingGeneralAndAdministrativeExpenses": 321300000,
        "otherExpenses": 19900000,
        "operatingExpenses": 341200000,
        "costAndExpenses": 1245200000,
        "interestIncome": 0,
        "interestExpense": 33800000,
        "depreciationAndAmortization": 48100000,
        "ebitda": 289000000,
        "ebitdaratio": 0.1950725616,
        "operatingIncome": 236300000,
        "operatingIncomeRatio": 0.1595005062,
        "totalOtherIncomeExpensesNet": -15900000,
        "incomeBeforeTax": 220400000,
        "incomeBeforeTaxRatio": 0.1487681404,
        "incomeTaxExpense": 58600000,
        "netIncome": 161800000,
        "netIncomeRatio": 0.1092136348,
        "eps": 0.61,
        "epsdiluted": 0.6,
        "weightedAverageShsOut": 267100000,
        "weightedAverageShsOutDil": 269900000,
        "link": "https://www.sec.gov/Archives/edgar/data/63754/000006375421000071/0000063754-21-000071-index.htm",
        "finalLink": "https://www.sec.gov/Archives/edgar/data/63754/000006375421000071/mkc-20210228.htm"
    },
    {
        "date": "2020-11-30",
        "symbol": "MKC",
        "reportedCurrency": "USD",
        "cik": "0000063754",
        "fillingDate": "2021-01-28",
        "acceptedDate": "2021-01-28 17:10:50",
        "calendarYear": "2020",
        "period": "Q4",
        "revenue": 1557900000,
        "costOfRevenue": 897200000,
        "grossProfit": 660700000,
        "grossProfitRatio": 0.4240965402,
        "researchAndDevelopmentExpenses": 68600000,
        "generalAndAdministrativeExpenses": 0,
        "sellingAndMarketingExpenses": 0,
        "sellingGeneralAndAdministrativeExpenses": 370500000,
        "otherExpenses": -53300000,
        "operatingExpenses": 385800000,
        "costAndExpenses": 1283000000,
        "interestIncome": 0,
        "interestExpense": 34900000,
        "depreciationAndAmortization": 41100000,
        "ebitda": 321100000,
        "ebitdaratio": 0.2061107902,
        "operatingIncome": 274900000,
        "operatingIncomeRatio": 0.1764554849,
        "totalOtherIncomeExpensesNet": -16700000,
        "incomeBeforeTax": 258200000,
        "incomeBeforeTaxRatio": 0.1657359266,
        "incomeTaxExpense": 57500000,
        "netIncome": 200700000,
        "netIncomeRatio": 0.1288272675,
        "eps": 0.75,
        "epsdiluted": 0.74,
        "weightedAverageShsOut": 267000000,
        "weightedAverageShsOutDil": 269700000,
        "link": "https://www.sec.gov/Archives/edgar/data/63754/000006375421000020/0000063754-21-000020-index.htm",
        "finalLink": "https://www.sec.gov/Archives/edgar/data/63754/000006375421000020/mkc-20201130.htm"
    },
    {
        "date": "2020-08-31",
        "symbol": "MKC",
        "reportedCurrency": "USD",
        "cik": "0000063754",
        "fillingDate": "2020-09-29",
        "acceptedDate": "2020-09-29 16:47:31",
        "calendarYear": "2020",
        "period": "Q3",
        "revenue": 1430300000,
        "costOfRevenue": 840000000,
        "grossProfit": 590300000,
        "grossProfitRatio": 0.4127106201,
        "researchAndDevelopmentExpenses": 0,
        "generalAndAdministrativeExpenses": 0,
        "sellingAndMarketingExpenses": 0,
        "sellingGeneralAndAdministrativeExpenses": 317200000,
        "otherExpenses": 100000,
        "operatingExpenses": 317300000,
        "costAndExpenses": 1157300000,
        "interestIncome": 0,
        "interestExpense": 33500000,
        "depreciationAndAmortization": 42400000,
        "ebitda": 319300000,
        "ebitdaratio": 0.2232398797,
        "operatingIncome": 273000000,
        "operatingIncomeRatio": 0.1908690485,
        "totalOtherIncomeExpensesNet": -20000000,
        "incomeBeforeTax": 253000000,
        "incomeBeforeTaxRatio": 0.176885968,
        "incomeTaxExpense": 46900000,
        "netIncome": 206100000,
        "netIncomeRatio": 0.1440956443,
        "eps": 0.77,
        "epsdiluted": 0.76,
        "weightedAverageShsOut": 266700000,
        "weightedAverageShsOutDil": 269600000,
        "link": "https://www.sec.gov/Archives/edgar/data/63754/000006375420000160/0000063754-20-000160-index.htm",
        "finalLink": "https://www.sec.gov/Archives/edgar/data/63754/000006375420000160/mkc-20200831.htm"
    },
    {
        "date": "2020-05-31",
        "symbol": "MKC",
        "reportedCurrency": "USD",
        "cik": "0000063754",
        "fillingDate": "2020-06-25",
        "acceptedDate": "2020-06-25 17:03:12",
        "calendarYear": "2020",
        "period": "Q2",
        "revenue": 1401100000,
        "costOfRevenue": 821600000,
        "grossProfit": 579500000,
        "grossProfitRatio": 0.4136035972,
        "researchAndDevelopmentExpenses": 0,
        "generalAndAdministrativeExpenses": 0,
        "sellingAndMarketingExpenses": 0,
        "sellingGeneralAndAdministrativeExpenses": 319200000,
        "otherExpenses": 2900000,
        "operatingExpenses": 322100000,
        "costAndExpenses": 1143700000,
        "interestIncome": 0,
        "interestExpense": 34400000,
        "depreciationAndAmortization": 39600000,
        "ebitda": 300100000,
        "ebitdaratio": 0.2141888516,
        "operatingIncome": 257400000,
        "operatingIncomeRatio": 0.1837127971,
        "totalOtherIncomeExpensesNet": -21099999,
        "incomeBeforeTax": 236300000,
        "incomeBeforeTaxRatio": 0.1686532011,
        "incomeTaxExpense": 40400000,
        "netIncome": 195900000,
        "netIncomeRatio": 0.1398187139,
        "eps": 0.74,
        "epsdiluted": 0.73,
        "weightedAverageShsOut": 266200000,
        "weightedAverageShsOutDil": 268500000,
        "link": "https://www.sec.gov/Archives/edgar/data/63754/000006375420000119/0000063754-20-000119-index.htm",
        "finalLink": "https://www.sec.gov/Archives/edgar/data/63754/000006375420000119/mkc-20200531.htm"
    },
    {
        "date": "2020-02-29",
        "symbol": "MKC",
        "reportedCurrency": "USD",
        "cik": "0000063754",
        "fillingDate": "2020-03-31",
        "acceptedDate": "2020-03-31 16:36:17",
        "calendarYear": "2020",
        "period": "Q1",
        "revenue": 1212000000,
        "costOfRevenue": 742100000,
        "grossProfit": 469900000,
        "grossProfitRatio": 0.3877062706,
        "researchAndDevelopmentExpenses": 0,
        "generalAndAdministrativeExpenses": 0,
        "sellingAndMarketingExpenses": 0,
        "sellingGeneralAndAdministrativeExpenses": 274700000,
        "otherExpenses": 1000000,
        "operatingExpenses": 275700000,
        "costAndExpenses": 1017800000,
        "interestIncome": 0,
        "interestExpense": 35300000,
        "depreciationAndAmortization": 41900000,
        "ebitda": 241600000,
        "ebitdaratio": 0.199339934,
        "operatingIncome": 194200000,
        "operatingIncomeRatio": 0.1602310231,
        "totalOtherIncomeExpensesNet": -19400000,
        "incomeBeforeTax": 174800000,
        "incomeBeforeTaxRatio": 0.1442244224,
        "incomeTaxExpense": 30100000,
        "netIncome": 144700000,
        "netIncomeRatio": 0.1193894389,
        "eps": 0.54,
        "epsdiluted": 0.54,
        "weightedAverageShsOut": 266000000,
        "weightedAverageShsOutDil": 268700000,
        "link": "https://www.sec.gov/Archives/edgar/data/63754/000006375420000065/0000063754-20-000065-index.htm",
        "finalLink": "https://www.sec.gov/Archives/edgar/data/63754/000006375420000065/mkc-20200229.htm"
    },
    {
        "date": "2019-11-30",
        "symbol": "MKC",
        "reportedCurrency": "USD",
        "cik": "0000063754",
        "fillingDate": "2020-01-28",
        "acceptedDate": "2020-01-28 17:23:28",
        "calendarYear": "2019",
        "period": "Q4",
        "revenue": 1484800000,
        "costOfRevenue": 854800000,
        "grossProfit": 630000000,
        "grossProfitRatio": 0.424299569,
        "researchAndDevelopmentExpenses": 67300000,
        "generalAndAdministrativeExpenses": 0,
        "sellingAndMarketingExpenses": 0,
        "sellingGeneralAndAdministrativeExpenses": 326900000,
        "otherExpenses": -63400000,
        "operatingExpenses": 330800000,
        "costAndExpenses": 1185600000,
        "interestIncome": 0,
        "interestExpense": 38500000,
        "depreciationAndAmortization": 40800000,
        "ebitda": 347400000,
        "ebitdaratio": 0.2339709052,
        "operatingIncome": 299200000,
        "operatingIncomeRatio": 0.2015086207,
        "totalOtherIncomeExpensesNet": -19400000,
        "incomeBeforeTax": 279800000,
        "incomeBeforeTaxRatio": 0.1884428879,
        "incomeTaxExpense": 66400000,
        "netIncome": 213400000,
        "netIncomeRatio": 0.1437230603,
        "eps": 0.8,
        "epsdiluted": 0.8,
        "weightedAverageShsOut": 266000000,
        "weightedAverageShsOutDil": 268600000,
        "link": "https://www.sec.gov/Archives/edgar/data/63754/000006375420000022/0000063754-20-000022-index.htm",
        "finalLink": "https://www.sec.gov/Archives/edgar/data/63754/000006375420000022/mkc-11302019x10kxq42019.htm"
    },
    {
        "date": "2019-08-31",
        "symbol": "MKC",
        "reportedCurrency": "USD",
        "cik": "0000063754",
        "fillingDate": "2019-10-01",
        "acceptedDate": "2019-10-01 16:29:36",
        "calendarYear": "2019",
        "period": "Q3",
        "revenue": 1329200000,
        "costOfRevenue": 789300000,
        "grossProfit": 539900000,
        "grossProfitRatio": 0.4061841709,
        "researchAndDevelopmentExpenses": 0,
        "generalAndAdministrativeExpenses": 0,
        "sellingAndMarketingExpenses": 0,
        "sellingGeneralAndAdministrativeExpenses": 278700000,
        "otherExpenses": 7700000,
        "operatingExpenses": 286400000,
        "costAndExpenses": 1075700000,
        "interestIncome": 0,
        "interestExpense": 41300000,
        "depreciationAndAmortization": 39000000,
        "ebitda": 299400000,
        "ebitdaratio": 0.2252482696,
        "operatingIncome": 253500000,
        "operatingIncomeRatio": 0.1907162203,
        "totalOtherIncomeExpensesNet": -24800000,
        "incomeBeforeTax": 228700000,
        "incomeBeforeTaxRatio": 0.172058381,
        "incomeTaxExpense": 36800000,
        "netIncome": 191900000,
        "netIncomeRatio": 0.1443725549,
        "eps": 0.73,
        "epsdiluted": 0.72,
        "weightedAverageShsOut": 265600000,
        "weightedAverageShsOutDil": 268400000,
        "link": "https://www.sec.gov/Archives/edgar/data/63754/000006375419000170/0000063754-19-000170-index.htm",
        "finalLink": "https://www.sec.gov/Archives/edgar/data/63754/000006375419000170/mkc-8312019xq3.htm"
    },
    {
        "date": "2019-05-31",
        "symbol": "MKC",
        "reportedCurrency": "USD",
        "cik": "0000063754",
        "fillingDate": "2019-06-28",
        "acceptedDate": "2019-06-27 17:44:13",
        "calendarYear": "2019",
        "period": "Q2",
        "revenue": 1301900000,
        "costOfRevenue": 793400000,
        "grossProfit": 508500000,
        "grossProfitRatio": 0.3905829941,
        "researchAndDevelopmentExpenses": 0,
        "generalAndAdministrativeExpenses": 0,
        "sellingAndMarketingExpenses": 0,
        "sellingGeneralAndAdministrativeExpenses": 293300000,
        "otherExpenses": 7100000,
        "operatingExpenses": 300400000,
        "costAndExpenses": 1093800000,
        "interestIncome": 0,
        "interestExpense": 42400000,
        "depreciationAndAmortization": 38700000,
        "ebitda": 253100000,
        "ebitdaratio": 0.1944081727,
        "operatingIncome": 208100000,
        "operatingIncomeRatio": 0.1598433059,
        "totalOtherIncomeExpensesNet": -26600000,
        "incomeBeforeTax": 181500000,
        "incomeBeforeTaxRatio": 0.1394116292,
        "incomeTaxExpense": 32100000,
        "netIncome": 149400000,
        "netIncomeRatio": 0.1147553576,
        "eps": 0.56,
        "epsdiluted": 0.56,
        "weightedAverageShsOut": 264600000,
        "weightedAverageShsOutDil": 267800000,
        "link": "https://www.sec.gov/Archives/edgar/data/63754/000006375419000127/0000063754-19-000127-index.htm",
        "finalLink": "https://www.sec.gov/Archives/edgar/data/63754/000006375419000127/mkc-5312019xq2.htm"
    },
    {
        "date": "2019-02-28",
        "symbol": "MKC",
        "reportedCurrency": "USD",
        "cik": "0000063754",
        "fillingDate": "2019-03-26",
        "acceptedDate": "2019-03-26 17:24:43",
        "calendarYear": "2019",
        "period": "Q1",
        "revenue": 1231500000,
        "costOfRevenue": 764600000,
        "grossProfit": 466900000,
        "grossProfitRatio": 0.3791311409,
        "researchAndDevelopmentExpenses": 0,
        "generalAndAdministrativeExpenses": 0,
        "sellingAndMarketingExpenses": 0,
        "sellingGeneralAndAdministrativeExpenses": 267900000,
        "otherExpenses": 2100000,
        "operatingExpenses": 270000000,
        "costAndExpenses": 1034600000,
        "interestIncome": 0,
        "interestExpense": 43000000,
        "depreciationAndAmortization": 40300000,
        "ebitda": 243300000,
        "ebitdaratio": 0.1975639464,
        "operatingIncome": 196900000,
        "operatingIncomeRatio": 0.1598863175,
        "totalOtherIncomeExpensesNet": -26800000,
        "incomeBeforeTax": 170100000,
        "incomeBeforeTaxRatio": 0.1381242387,
        "incomeTaxExpense": 22100000,
        "netIncome": 148000000,
        "netIncomeRatio": 0.1201786439,
        "eps": 0.56,
        "epsdiluted": 0.56,
        "weightedAverageShsOut": 264400000,
        "weightedAverageShsOutDil": 267600000,
        "link": "https://www.sec.gov/Archives/edgar/data/63754/000006375419000066/0000063754-19-000066-index.htm",
        "finalLink": "https://www.sec.gov/Archives/edgar/data/63754/000006375419000066/mkc-2282019xq1.htm"
    },
    {
        "date": "2018-11-30",
        "symbol": "MKC",
        "reportedCurrency": "USD",
        "cik": "0000063754",
        "fillingDate": "2019-01-25",
        "acceptedDate": "2019-01-24 20:24:46",
        "calendarYear": "2018",
        "period": "Q4",
        "revenue": 1499200000,
        "costOfRevenue": 817700000,
        "grossProfit": 681500000,
        "grossProfitRatio": 0.4545757737,
        "researchAndDevelopmentExpenses": 69400000,
        "generalAndAdministrativeExpenses": 19200000,
        "sellingAndMarketingExpenses": 218700000,
        "sellingGeneralAndAdministrativeExpenses": 237900000,
        "otherExpenses": 79300000,
        "operatingExpenses": 386600000,
        "costAndExpenses": 1204300000,
        "interestIncome": 0,
        "interestExpense": 43900000,
        "depreciationAndAmortization": 39100000,
        "ebitda": 341900000,
        "ebitdaratio": 0.2280549626,
        "operatingIncome": 294900000,
        "operatingIncomeRatio": 0.1967049093,
        "totalOtherIncomeExpensesNet": -24300000,
        "incomeBeforeTax": 269800000,
        "incomeBeforeTaxRatio": 0.1799626467,
        "incomeTaxExpense": 55800000,
        "netIncome": 214000000,
        "netIncomeRatio": 0.1427427962,
        "eps": 0.81,
        "epsdiluted": 0.8,
        "weightedAverageShsOut": 264197531,
        "weightedAverageShsOutDil": 267500000,
        "link": "https://www.sec.gov/Archives/edgar/data/63754/000006375419000017/0000063754-19-000017-index.htm",
        "finalLink": "https://www.sec.gov/Archives/edgar/data/63754/000006375419000017/mkc-11302018x10kxq42018.htm"
    },
    {
        "date": "2018-08-31",
        "symbol": "MKC",
        "reportedCurrency": "USD",
        "cik": "0000063754",
        "fillingDate": "2018-09-27",
        "acceptedDate": "2018-09-27 17:19:55",
        "calendarYear": "2018",
        "period": "Q3",
        "revenue": 1318200000,
        "costOfRevenue": 795700000,
        "grossProfit": 522500000,
        "grossProfitRatio": 0.3963738431,
        "researchAndDevelopmentExpenses": 0,
        "generalAndAdministrativeExpenses": 0,
        "sellingAndMarketingExpenses": 0,
        "sellingGeneralAndAdministrativeExpenses": 283700000,
        "otherExpenses": 8900000,
        "operatingExpenses": 292600000,
        "costAndExpenses": 1088300000,
        "interestIncome": 0,
        "interestExpense": 44700000,
        "depreciationAndAmortization": 37500000,
        "ebitda": 272200000,
        "ebitdaratio": 0.2064937035,
        "operatingIncome": 229900000,
        "operatingIncomeRatio": 0.174404491,
        "totalOtherIncomeExpensesNet": -31500000,
        "incomeBeforeTax": 198400000,
        "incomeBeforeTaxRatio": 0.1505082689,
        "incomeTaxExpense": 24900000,
        "netIncome": 173500000,
        "netIncomeRatio": 0.1316188742,
        "eps": 0.66,
        "epsdiluted": 0.65,
        "weightedAverageShsOut": 263200000,
        "weightedAverageShsOutDil": 266400000,
        "link": "https://www.sec.gov/Archives/edgar/data/63754/000006375418000087/0000063754-18-000087-index.htm",
        "finalLink": "https://www.sec.gov/Archives/edgar/data/63754/000006375418000087/mkc-8312018xq3.htm"
    },
    {
        "date": "2018-05-31",
        "symbol": "MKC",
        "reportedCurrency": "USD",
        "cik": "0000063754",
        "fillingDate": "2018-06-28",
        "acceptedDate": "2018-06-28 16:44:16",
        "calendarYear": "2018",
        "period": "Q2",
        "revenue": 1301300000,
        "costOfRevenue": 795900000,
        "grossProfit": 505400000,
        "grossProfitRatio": 0.3883808499,
        "researchAndDevelopmentExpenses": 0,
        "generalAndAdministrativeExpenses": 0,
        "sellingAndMarketingExpenses": 0,
        "sellingGeneralAndAdministrativeExpenses": 300600000,
        "otherExpenses": 16200000,
        "operatingExpenses": 316800000,
        "costAndExpenses": 1112700000,
        "interestIncome": 0,
        "interestExpense": 44200000,
        "depreciationAndAmortization": 37500000,
        "ebitda": 230700000,
        "ebitdaratio": 0.1772842542,
        "operatingIncome": 188600000,
        "operatingIncomeRatio": 0.1449319911,
        "totalOtherIncomeExpensesNet": -32200000,
        "incomeBeforeTax": 156400000,
        "incomeBeforeTaxRatio": 0.1201875048,
        "incomeTaxExpense": 33100000,
        "netIncome": 123300000,
        "netIncomeRatio": 0.0947514024,
        "eps": 0.47,
        "epsdiluted": 0.47,
        "weightedAverageShsOut": 262800000,
        "weightedAverageShsOutDil": 265800000,
        "link": "https://www.sec.gov/Archives/edgar/data/63754/000006375418000044/0000063754-18-000044-index.htm",
        "finalLink": "https://www.sec.gov/Archives/edgar/data/63754/000006375418000044/mkc-5312018xq2.htm"
    },
    {
        "date": "2018-02-28",
        "symbol": "MKC",
        "reportedCurrency": "USD",
        "cik": "0000063754",
        "fillingDate": "2018-03-27",
        "acceptedDate": "2018-03-27 17:23:18",
        "calendarYear": "2018",
        "period": "Q1",
        "revenue": 1215400000,
        "costOfRevenue": 755000000,
        "grossProfit": 460400000,
        "grossProfitRatio": 0.3788053316,
        "researchAndDevelopmentExpenses": 0,
        "generalAndAdministrativeExpenses": 0,
        "sellingAndMarketingExpenses": 0,
        "sellingGeneralAndAdministrativeExpenses": 268400000,
        "otherExpenses": 10900000,
        "operatingExpenses": 279300000,
        "costAndExpenses": 1034300000,
        "interestIncome": 0,
        "interestExpense": 41800000,
        "depreciationAndAmortization": 36600000,
        "ebitda": 221800000,
        "ebitdaratio": 0.1824913609,
        "operatingIncome": 181100000,
        "operatingIncomeRatio": 0.149004443,
        "totalOtherIncomeExpensesNet": -29600000,
        "incomeBeforeTax": 151500000,
        "incomeBeforeTaxRatio": 0.1246503209,
        "incomeTaxExpense": -271100000,
        "netIncome": 422600000,
        "netIncomeRatio": 0.3477044594,
        "eps": 1.61,
        "epsdiluted": 1.59,
        "weightedAverageShsOut": 262400000,
        "weightedAverageShsOutDil": 265800000,
        "link": "https://www.sec.gov/Archives/edgar/data/63754/000006375418000014/0000063754-18-000014-index.htm",
        "finalLink": "https://www.sec.gov/Archives/edgar/data/63754/000006375418000014/mkc-2282018xq1.htm"
    },
    {
        "date": "2017-11-30",
        "symbol": "MKC",
        "reportedCurrency": "USD",
        "cik": "0000063754",
        "fillingDate": "2018-01-25",
        "acceptedDate": "2018-01-25 16:59:25",
        "calendarYear": "2017",
        "period": "Q4",
        "revenue": 1490900000,
        "costOfRevenue": 822700000,
        "grossProfit": 668200000,
        "grossProfitRatio": 0.4481856597,
        "researchAndDevelopmentExpenses": 66099999,
        "generalAndAdministrativeExpenses": 0,
        "sellingAndMarketingExpenses": 387300000,
        "sellingGeneralAndAdministrativeExpenses": 375800000,
        "otherExpenses": -40599999,
        "operatingExpenses": 401300000,
        "costAndExpenses": 1224000000,
        "interestIncome": 0,
        "interestExpense": 44800000,
        "depreciationAndAmortization": 35600000,
        "ebitda": 303500000,
        "ebitdaratio": 0.2035683144,
        "operatingIncome": 266900000,
        "operatingIncomeRatio": 0.1790193843,
        "totalOtherIncomeExpensesNet": -33499999,
        "incomeBeforeTax": 233400000,
        "incomeBeforeTaxRatio": 0.1565497351,
        "incomeTaxExpense": 57700000,
        "netIncome": 175700000,
        "netIncomeRatio": 0.1178482796,
        "eps": 0.67,
        "epsdiluted": 0.66,
        "weightedAverageShsOut": 262200000,
        "weightedAverageShsOutDil": 265200000,
        "link": "https://www.sec.gov/Archives/edgar/data/63754/000006375418000008/0000063754-18-000008-index.htm",
        "finalLink": "https://www.sec.gov/Archives/edgar/data/63754/000006375418000008/mkc-11302017x10kxq42017.htm"
    },
    {
        "date": "2017-08-31",
        "symbol": "MKC",
        "reportedCurrency": "USD",
        "cik": "0000063754",
        "fillingDate": "2017-09-28",
        "acceptedDate": "2017-09-28 17:27:17",
        "calendarYear": "2017",
        "period": "Q3",
        "revenue": 1185200000,
        "costOfRevenue": 700800000,
        "grossProfit": 484400000,
        "grossProfitRatio": 0.4087073912,
        "researchAndDevelopmentExpenses": 0,
        "generalAndAdministrativeExpenses": 0,
        "sellingAndMarketingExpenses": 0,
        "sellingGeneralAndAdministrativeExpenses": 286500000,
        "otherExpenses": 29200000,
        "operatingExpenses": 315700000,
        "costAndExpenses": 1016500000,
        "interestIncome": 0,
        "interestExpense": 21800000,
        "depreciationAndAmortization": 31500000,
        "ebitda": 186000000,
        "ebitdaratio": 0.1569355383,
        "operatingIncome": 168700000,
        "operatingIncomeRatio": 0.1423388458,
        "totalOtherIncomeExpensesNet": -27500000,
        "incomeBeforeTax": 141200000,
        "incomeBeforeTaxRatio": 0.1191360108,
        "incomeTaxExpense": 33000000,
        "netIncome": 108200000,
        "netIncomeRatio": 0.0912926088,
        "eps": 0.43,
        "epsdiluted": 0.43,
        "weightedAverageShsOut": 252600000,
        "weightedAverageShsOutDil": 255600000,
        "link": "https://www.sec.gov/Archives/edgar/data/63754/000006375417000057/0000063754-17-000057-index.htm",
        "finalLink": "https://www.sec.gov/Archives/edgar/data/63754/000006375417000057/mkc-8312017xq3.htm"
    },
    {
        "date": "2017-05-31",
        "symbol": "MKC",
        "reportedCurrency": "USD",
        "cik": "0000063754",
        "fillingDate": "2017-06-30",
        "acceptedDate": "2017-06-29 17:50:17",
        "calendarYear": "2017",
        "period": "Q2",
        "revenue": 1114300000,
        "costOfRevenue": 669700000,
        "grossProfit": 444600000,
        "grossProfitRatio": 0.3989948847,
        "researchAndDevelopmentExpenses": 0,
        "generalAndAdministrativeExpenses": 0,
        "sellingAndMarketingExpenses": 0,
        "sellingGeneralAndAdministrativeExpenses": 307300000,
        "otherExpenses": 4700000,
        "operatingExpenses": 312000000,
        "costAndExpenses": 981700000,
        "interestIncome": 0,
        "interestExpense": 14900000,
        "depreciationAndAmortization": 29800000,
        "ebitda": 163600000,
        "ebitdaratio": 0.1468186305,
        "operatingIncome": 132600000,
        "operatingIncomeRatio": 0.1189984744,
        "totalOtherIncomeExpensesNet": -13700000,
        "incomeBeforeTax": 118900000,
        "incomeBeforeTaxRatio": 0.1067037602,
        "incomeTaxExpense": 27300000,
        "netIncome": 100000000,
        "netIncomeRatio": 0.0897424392,
        "eps": 0.4,
        "epsdiluted": 0.4,
        "weightedAverageShsOut": 249400000,
        "weightedAverageShsOutDil": 252800000,
        "link": "https://www.sec.gov/Archives/edgar/data/63754/000006375417000042/0000063754-17-000042-index.htm",
        "finalLink": "https://www.sec.gov/Archives/edgar/data/63754/000006375417000042/mkc-5312017xq2.htm"
    },
    {
        "date": "2017-02-28",
        "symbol": "MKC",
        "reportedCurrency": "USD",
        "cik": "0000063754",
        "fillingDate": "2017-03-28",
        "acceptedDate": "2017-03-28 16:40:22",
        "calendarYear": "2017",
        "period": "Q1",
        "revenue": 1043700000,
        "costOfRevenue": 630700000,
        "grossProfit": 413000000,
        "grossProfitRatio": 0.3957075788,
        "researchAndDevelopmentExpenses": 0,
        "generalAndAdministrativeExpenses": 0,
        "sellingAndMarketingExpenses": 0,
        "sellingGeneralAndAdministrativeExpenses": 275200000,
        "otherExpenses": 3600000,
        "operatingExpenses": 278800000,
        "costAndExpenses": 909500000,
        "interestIncome": 0,
        "interestExpense": 14500000,
        "depreciationAndAmortization": 28300000,
        "ebitda": 162600000,
        "ebitdaratio": 0.1557918942,
        "operatingIncome": 134200000,
        "operatingIncomeRatio": 0.1285810099,
        "totalOtherIncomeExpensesNet": -14400000,
        "incomeBeforeTax": 119800000,
        "incomeBeforeTaxRatio": 0.1147839417,
        "incomeTaxExpense": 33300000,
        "netIncome": 93500000,
        "netIncomeRatio": 0.0895851298,
        "eps": 0.38,
        "epsdiluted": 0.37,
        "weightedAverageShsOut": 250200000,
        "weightedAverageShsOutDil": 253800000,
        "link": "https://www.sec.gov/Archives/edgar/data/63754/000006375417000020/0000063754-17-000020-index.htm",
        "finalLink": "https://www.sec.gov/Archives/edgar/data/63754/000006375417000020/mkc-2282017xq1.htm"
    },
    {
        "date": "2016-11-30",
        "symbol": "MKC",
        "reportedCurrency": "USD",
        "cik": "0000063754",
        "fillingDate": "2017-01-25",
        "acceptedDate": "2017-01-25 16:49:00",
        "calendarYear": "2016",
        "period": "Q4",
        "revenue": 1227000000,
        "costOfRevenue": 687000000,
        "grossProfit": 540000000,
        "grossProfitRatio": 0.4400977995,
        "researchAndDevelopmentExpenses": 61000000,
        "generalAndAdministrativeExpenses": -88400000,
        "sellingAndMarketingExpenses": 349400000,
        "sellingGeneralAndAdministrativeExpenses": 261000000,
        "otherExpenses": -1100000,
        "operatingExpenses": 320900000,
        "costAndExpenses": 1007900000,
        "interestIncome": 0,
        "interestExpense": 14300000,
        "depreciationAndAmortization": 26400000,
        "ebitda": 247700000,
        "ebitdaratio": 0.2018744906,
        "operatingIncome": 219100000,
        "operatingIncomeRatio": 0.1785656072,
        "totalOtherIncomeExpensesNet": -12100000,
        "incomeBeforeTax": 207000000,
        "incomeBeforeTaxRatio": 0.1687041565,
        "incomeTaxExpense": 61500000,
        "netIncome": 157400000,
        "netIncomeRatio": 0.1282803586,
        "eps": 0.63,
        "epsdiluted": 0.62,
        "weightedAverageShsOut": 251600000,
        "weightedAverageShsOutDil": 254400000,
        "link": "https://www.sec.gov/Archives/edgar/data/63754/000006375417000014/0000063754-17-000014-index.htm",
        "finalLink": "https://www.sec.gov/Archives/edgar/data/63754/000006375417000014/mkc-11302016x10kxq42016.htm"
    },
    {
        "date": "2016-08-31",
        "symbol": "MKC",
        "reportedCurrency": "USD",
        "cik": "0000063754",
        "fillingDate": "2016-10-04",
        "acceptedDate": "2016-10-03 19:02:40",
        "calendarYear": "2016",
        "period": "Q3",
        "revenue": 1091000000,
        "costOfRevenue": 637100000,
        "grossProfit": 453900000,
        "grossProfitRatio": 0.41604033,
        "researchAndDevelopmentExpenses": 0,
        "generalAndAdministrativeExpenses": 0,
        "sellingAndMarketingExpenses": 0,
        "sellingGeneralAndAdministrativeExpenses": 281800000,
        "otherExpenses": 4300000,
        "operatingExpenses": 286100000,
        "costAndExpenses": 923200000,
        "interestIncome": 0,
        "interestExpense": 14100000,
        "depreciationAndAmortization": 29300000,
        "ebitda": 197300000,
        "ebitdaratio": 0.1808432631,
        "operatingIncome": 167800000,
        "operatingIncomeRatio": 0.1538038497,
        "totalOtherIncomeExpensesNet": -13900000,
        "incomeBeforeTax": 153900000,
        "incomeBeforeTaxRatio": 0.1410632447,
        "incomeTaxExpense": 34300000,
        "netIncome": 127700000,
        "netIncomeRatio": 0.1170485793,
        "eps": 0.51,
        "epsdiluted": 0.5,
        "weightedAverageShsOut": 252800000,
        "weightedAverageShsOutDil": 255800000,
        "link": "https://www.sec.gov/Archives/edgar/data/63754/000006375416000095/0000063754-16-000095-index.htm",
        "finalLink": "https://www.sec.gov/Archives/edgar/data/63754/000006375416000095/mkc-8312016xq3.htm"
    },
    {
        "date": "2016-05-31",
        "symbol": "MKC",
        "reportedCurrency": "USD",
        "cik": "0000063754",
        "fillingDate": "2016-07-01",
        "acceptedDate": "2016-06-30 17:43:32",
        "calendarYear": "2016",
        "period": "Q2",
        "revenue": 1063300000,
        "costOfRevenue": 630500000,
        "grossProfit": 432800000,
        "grossProfitRatio": 0.4070347033,
        "researchAndDevelopmentExpenses": 0,
        "generalAndAdministrativeExpenses": 0,
        "sellingAndMarketingExpenses": 0,
        "sellingGeneralAndAdministrativeExpenses": 303900000,
        "otherExpenses": 3900000,
        "operatingExpenses": 307800000,
        "costAndExpenses": 938300000,
        "interestIncome": 0,
        "interestExpense": 13700000,
        "depreciationAndAmortization": 26600000,
        "ebitda": 152300000,
        "ebitdaratio": 0.1432333302,
        "operatingIncome": 125000000,
        "operatingIncomeRatio": 0.1175585442,
        "totalOtherIncomeExpensesNet": -13000000,
        "incomeBeforeTax": 112000000,
        "incomeBeforeTaxRatio": 0.1053324556,
        "incomeTaxExpense": 25900000,
        "netIncome": 93800000,
        "netIncomeRatio": 0.0882159315,
        "eps": 0.37,
        "epsdiluted": 0.37,
        "weightedAverageShsOut": 253800000,
        "weightedAverageShsOutDil": 256600000,
        "link": "https://www.sec.gov/Archives/edgar/data/63754/000006375416000089/0000063754-16-000089-index.htm",
        "finalLink": "https://www.sec.gov/Archives/edgar/data/63754/000006375416000089/mkc-5312016xq2.htm"
    },
    {
        "date": "2016-02-29",
        "symbol": "MKC",
        "reportedCurrency": "USD",
        "cik": "0000063754",
        "fillingDate": "2016-03-29",
        "acceptedDate": "2016-03-29 16:05:51",
        "calendarYear": "2016",
        "period": "Q1",
        "revenue": 1030200000,
        "costOfRevenue": 625200000,
        "grossProfit": 405000000,
        "grossProfitRatio": 0.393127548,
        "researchAndDevelopmentExpenses": 0,
        "generalAndAdministrativeExpenses": 0,
        "sellingAndMarketingExpenses": 0,
        "sellingGeneralAndAdministrativeExpenses": 274300000,
        "otherExpenses": 1600000,
        "operatingExpenses": 275900000,
        "costAndExpenses": 901100000,
        "interestIncome": 0,
        "interestExpense": 13900000,
        "depreciationAndAmortization": 26400000,
        "ebitda": 156600000,
        "ebitdaratio": 0.1520093186,
        "operatingIncome": 129100000,
        "operatingIncomeRatio": 0.1253154727,
        "totalOtherIncomeExpensesNet": -12800000,
        "incomeBeforeTax": 116300000,
        "incomeBeforeTaxRatio": 0.1128907008,
        "incomeTaxExpense": 31300000,
        "netIncome": 93400000,
        "netIncomeRatio": 0.0906620074,
        "eps": 0.37,
        "epsdiluted": 0.37,
        "weightedAverageShsOut": 254200000,
        "weightedAverageShsOutDil": 256600000,
        "link": "https://www.sec.gov/Archives/edgar/data/63754/000006375416000071/0000063754-16-000071-index.htm",
        "finalLink": "https://www.sec.gov/Archives/edgar/data/63754/000006375416000071/mkc-2292016xq1.htm"
    },
    {
        "date": "2015-11-30",
        "symbol": "MKC",
        "reportedCurrency": "USD",
        "cik": "0000063754",
        "fillingDate": "2016-01-28",
        "acceptedDate": "2016-01-28 16:22:09",
        "calendarYear": "2015",
        "period": "Q4",
        "revenue": 1201900000,
        "costOfRevenue": 680200000,
        "grossProfit": 521700000,
        "grossProfitRatio": 0.434062734,
        "researchAndDevelopmentExpenses": 0,
        "generalAndAdministrativeExpenses": -93700000,
        "sellingAndMarketingExpenses": 336400000,
        "sellingGeneralAndAdministrativeExpenses": 242700000,
        "otherExpenses": 66800000,
        "operatingExpenses": 309500000,
        "costAndExpenses": 989700000,
        "interestIncome": 0,
        "interestExpense": 13800000,
        "depreciationAndAmortization": 27200000,
        "ebitda": 239900000,
        "ebitdaratio": 0.1996006323,
        "operatingIncome": 212200000,
        "operatingIncomeRatio": 0.1765537898,
        "totalOtherIncomeExpensesNet": -13300000,
        "incomeBeforeTax": 198900000,
        "incomeBeforeTaxRatio": 0.1654879774,
        "incomeTaxExpense": 59400000,
        "netIncome": 149200000,
        "netIncomeRatio": 0.1241367834,
        "eps": 0.59,
        "epsdiluted": 0.58,
        "weightedAverageShsOut": 255600000,
        "weightedAverageShsOutDil": 258000000,
        "link": "https://www.sec.gov/Archives/edgar/data/63754/000006375416000063/0000063754-16-000063-index.htm",
        "finalLink": "https://www.sec.gov/Archives/edgar/data/63754/000006375416000063/mkc-11302015x10kxq42015.htm"
    },
    {
        "date": "2015-08-31",
        "symbol": "MKC",
        "reportedCurrency": "USD",
        "cik": "0000063754",
        "fillingDate": "2015-10-05",
        "acceptedDate": "2015-10-05 17:15:51",
        "calendarYear": "2015",
        "period": "Q3",
        "revenue": 1059900000,
        "costOfRevenue": 638000000,
        "grossProfit": 421900000,
        "grossProfitRatio": 0.3980564204,
        "researchAndDevelopmentExpenses": 0,
        "generalAndAdministrativeExpenses": 0,
        "sellingAndMarketingExpenses": 0,
        "sellingGeneralAndAdministrativeExpenses": 271500000,
        "otherExpenses": 11700000,
        "operatingExpenses": 283200000,
        "costAndExpenses": 921200000,
        "interestIncome": 0,
        "interestExpense": 13600000,
        "depreciationAndAmortization": 26200000,
        "ebitda": 165100000,
        "ebitdaratio": 0.1557694122,
        "operatingIncome": 138700000,
        "operatingIncomeRatio": 0.130861402,
        "totalOtherIncomeExpensesNet": -13400000,
        "incomeBeforeTax": 125300000,
        "incomeBeforeTaxRatio": 0.1182186999,
        "incomeTaxExpense": 37400000,
        "netIncome": 97600000,
        "netIncomeRatio": 0.0920841589,
        "eps": 0.38,
        "epsdiluted": 0.38,
        "weightedAverageShsOut": 256000000,
        "weightedAverageShsOutDil": 258400000,
        "link": "https://www.sec.gov/Archives/edgar/data/63754/000006375415000050/0000063754-15-000050-index.htm",
        "finalLink": "https://www.sec.gov/Archives/edgar/data/63754/000006375415000050/mkc-8312015xq3.htm"
    },
    {
        "date": "2015-05-31",
        "symbol": "MKC",
        "reportedCurrency": "USD",
        "cik": "0000063754",
        "fillingDate": "2015-07-01",
        "acceptedDate": "2015-07-01 17:29:46",
        "calendarYear": "2015",
        "period": "Q2",
        "revenue": 1024100000,
        "costOfRevenue": 620100000,
        "grossProfit": 404000000,
        "grossProfitRatio": 0.3944927253,
        "researchAndDevelopmentExpenses": 0,
        "generalAndAdministrativeExpenses": 0,
        "sellingAndMarketingExpenses": 0,
        "sellingGeneralAndAdministrativeExpenses": 281200000,
        "otherExpenses": 19000000,
        "operatingExpenses": 300200000,
        "costAndExpenses": 920300000,
        "interestIncome": 0,
        "interestExpense": 13000000,
        "depreciationAndAmortization": 27600000,
        "ebitda": 132000000,
        "ebitdaratio": 0.1288936627,
        "operatingIncome": 103800000,
        "operatingIncomeRatio": 0.1013572893,
        "totalOtherIncomeExpensesNet": -12400000,
        "incomeBeforeTax": 91400000,
        "incomeBeforeTaxRatio": 0.0892490968,
        "incomeTaxExpense": 14500000,
        "netIncome": 84300000,
        "netIncomeRatio": 0.0823161801,
        "eps": 0.33,
        "epsdiluted": 0.33,
        "weightedAverageShsOut": 255800000,
        "weightedAverageShsOutDil": 258000000,
        "link": "https://www.sec.gov/Archives/edgar/data/63754/000006375415000042/0000063754-15-000042-index.htm",
        "finalLink": "https://www.sec.gov/Archives/edgar/data/63754/000006375415000042/mkc-5312015xq2.htm"
    },
    {
        "date": "2015-02-28",
        "symbol": "MKC",
        "reportedCurrency": "USD",
        "cik": "0000063754",
        "fillingDate": "2015-03-31",
        "acceptedDate": "2015-03-31 16:28:56",
        "calendarYear": "2015",
        "period": "Q1",
        "revenue": 1010400000,
        "costOfRevenue": 620700000,
        "grossProfit": 389700000,
        "grossProfitRatio": 0.3856888361,
        "researchAndDevelopmentExpenses": 0,
        "generalAndAdministrativeExpenses": 0,
        "sellingAndMarketingExpenses": 0,
        "sellingGeneralAndAdministrativeExpenses": 267600000,
        "otherExpenses": 28400000,
        "operatingExpenses": 296000000,
        "costAndExpenses": 916700000,
        "interestIncome": 0,
        "interestExpense": 12900000,
        "depreciationAndAmortization": 24900000,
        "ebitda": 118400000,
        "ebitdaratio": 0.1171813143,
        "operatingIncome": 93700000,
        "operatingIncomeRatio": 0.0927355503,
        "totalOtherIncomeExpensesNet": -13100000,
        "incomeBeforeTax": 80600000,
        "incomeBeforeTaxRatio": 0.079770388,
        "incomeTaxExpense": 20000000,
        "netIncome": 70500000,
        "netIncomeRatio": 0.0697743468,
        "eps": 0.28,
        "epsdiluted": 0.28,
        "weightedAverageShsOut": 256400000,
        "weightedAverageShsOutDil": 258600000,
        "link": "https://www.sec.gov/Archives/edgar/data/63754/000006375415000030/0000063754-15-000030-index.htm",
        "finalLink": "https://www.sec.gov/Archives/edgar/data/63754/000006375415000030/mkc-2282015xq1.htm"
    },
    {
        "date": "2014-11-30",
        "symbol": "MKC",
        "reportedCurrency": "USD",
        "cik": "0000063754",
        "fillingDate": "2015-01-29",
        "acceptedDate": "2015-01-29 15:39:34",
        "calendarYear": "2014",
        "period": "Q4",
        "revenue": 1173600000,
        "costOfRevenue": 667500000,
        "grossProfit": 506100000,
        "grossProfitRatio": 0.4312372188,
        "researchAndDevelopmentExpenses": 0,
        "generalAndAdministrativeExpenses": -85100000,
        "sellingAndMarketingExpenses": 326900000,
        "sellingGeneralAndAdministrativeExpenses": 241800000,
        "otherExpenses": 64900000,
        "operatingExpenses": 306700000,
        "costAndExpenses": 974200000,
        "interestIncome": 0,
        "interestExpense": 12400000,
        "depreciationAndAmortization": 24600000,
        "ebitda": 224300000,
        "ebitdaratio": 0.1911213361,
        "operatingIncome": 199400000,
        "operatingIncomeRatio": 0.1699045671,
        "totalOtherIncomeExpensesNet": -12100000,
        "incomeBeforeTax": 187300000,
        "incomeBeforeTaxRatio": 0.1595944104,
        "incomeTaxExpense": 48600000,
        "netIncome": 148000000,
        "netIncomeRatio": 0.1261077028,
        "eps": 0.57,
        "epsdiluted": 0.57,
        "weightedAverageShsOut": 257600000,
        "weightedAverageShsOutDil": 259600000,
        "link": "https://www.sec.gov/Archives/edgar/data/63754/000006375415000013/0000063754-15-000013-index.htm",
        "finalLink": "https://www.sec.gov/Archives/edgar/data/63754/000006375415000013/mkc-11302014x10kxq42014.htm"
    },
    {
        "date": "2014-08-31",
        "symbol": "MKC",
        "reportedCurrency": "USD",
        "cik": "0000063754",
        "fillingDate": "2014-10-02",
        "acceptedDate": "2014-10-02 13:04:18",
        "calendarYear": "2014",
        "period": "Q3",
        "revenue": 1042800000,
        "costOfRevenue": 622700000,
        "grossProfit": 420100000,
        "grossProfitRatio": 0.4028576908,
        "researchAndDevelopmentExpenses": 0,
        "generalAndAdministrativeExpenses": 0,
        "sellingAndMarketingExpenses": 0,
        "sellingGeneralAndAdministrativeExpenses": 260500000,
        "otherExpenses": 2300000,
        "operatingExpenses": 262800000,
        "costAndExpenses": 885500000,
        "interestIncome": 0,
        "interestExpense": 12400000,
        "depreciationAndAmortization": 24600000,
        "ebitda": 182200000,
        "ebitdaratio": 0.1747219026,
        "operatingIncome": 157300000,
        "operatingIncomeRatio": 0.1508438819,
        "totalOtherIncomeExpensesNet": -12100000,
        "incomeBeforeTax": 145200000,
        "incomeBeforeTaxRatio": 0.1392405063,
        "incomeTaxExpense": 31100000,
        "netIncome": 122900000,
        "netIncomeRatio": 0.1178557729,
        "eps": 0.48,
        "epsdiluted": 0.47,
        "weightedAverageShsOut": 259200000,
        "weightedAverageShsOutDil": 261200000,
        "link": "https://www.sec.gov/Archives/edgar/data/63754/000006375414000047/0000063754-14-000047-index.htm",
        "finalLink": "https://www.sec.gov/Archives/edgar/data/63754/000006375414000047/mkc-8312014x10q.htm"
    },
    {
        "date": "2014-05-31",
        "symbol": "MKC",
        "reportedCurrency": "USD",
        "cik": "0000063754",
        "fillingDate": "2014-06-27",
        "acceptedDate": "2014-06-27 09:53:33",
        "calendarYear": "2014",
        "period": "Q2",
        "revenue": 1033400000,
        "costOfRevenue": 620900000,
        "grossProfit": 412500000,
        "grossProfitRatio": 0.3991677956,
        "researchAndDevelopmentExpenses": 0,
        "generalAndAdministrativeExpenses": 0,
        "sellingAndMarketingExpenses": 0,
        "sellingGeneralAndAdministrativeExpenses": 290800000,
        "otherExpenses": 0,
        "operatingExpenses": 290800000,
        "costAndExpenses": 911700000,
        "interestIncome": 0,
        "interestExpense": 12500000,
        "depreciationAndAmortization": 26700000,
        "ebitda": 148700000,
        "ebitdaratio": 0.1438939423,
        "operatingIncome": 121700000,
        "operatingIncomeRatio": 0.1177665957,
        "totalOtherIncomeExpensesNet": -12200000,
        "incomeBeforeTax": 109500000,
        "incomeBeforeTaxRatio": 0.1059609057,
        "incomeTaxExpense": 31200000,
        "netIncome": 84500000,
        "netIncomeRatio": 0.0817689181,
        "eps": 0.33,
        "epsdiluted": 0.32,
        "weightedAverageShsOut": 260400000,
        "weightedAverageShsOutDil": 262400000,
        "link": "https://www.sec.gov/Archives/edgar/data/63754/000006375414000038/0000063754-14-000038-index.htm",
        "finalLink": "https://www.sec.gov/Archives/edgar/data/63754/000006375414000038/mkc-5312014x10q.htm"
    },
    {
        "date": "2014-02-28",
        "symbol": "MKC",
        "reportedCurrency": "USD",
        "cik": "0000063754",
        "fillingDate": "2014-03-26",
        "acceptedDate": "2014-03-26 14:38:21",
        "calendarYear": "2014",
        "period": "Q1",
        "revenue": 993400000,
        "costOfRevenue": 601900000,
        "grossProfit": 391500000,
        "grossProfitRatio": 0.394101067,
        "researchAndDevelopmentExpenses": 0,
        "generalAndAdministrativeExpenses": 0,
        "sellingAndMarketingExpenses": 0,
        "sellingGeneralAndAdministrativeExpenses": 266900000,
        "otherExpenses": 0,
        "operatingExpenses": 266900000,
        "costAndExpenses": 868800000,
        "interestIncome": 0,
        "interestExpense": 12400000,
        "depreciationAndAmortization": 26800000,
        "ebitda": 151600000,
        "ebitdaratio": 0.1526072076,
        "operatingIncome": 124600000,
        "operatingIncomeRatio": 0.1254278236,
        "totalOtherIncomeExpensesNet": -12200000,
        "incomeBeforeTax": 112400000,
        "incomeBeforeTaxRatio": 0.1131467687,
        "incomeTaxExpense": 35000000,
        "netIncome": 82500000,
        "netIncomeRatio": 0.0830481176,
        "eps": 0.32,
        "epsdiluted": 0.31,
        "weightedAverageShsOut": 262200000,
        "weightedAverageShsOutDil": 264400000,
        "link": "https://www.sec.gov/Archives/edgar/data/63754/000006375414000013/0000063754-14-000013-index.htm",
        "finalLink": "https://www.sec.gov/Archives/edgar/data/63754/000006375414000013/mkc-2282014x10q.htm"
    },
    {
        "date": "2013-11-30",
        "symbol": "MKC",
        "reportedCurrency": "USD",
        "cik": "0000063754",
        "fillingDate": "2014-01-29",
        "acceptedDate": "2014-01-29 12:37:52",
        "calendarYear": "2013",
        "period": "Q4",
        "revenue": 1170000000,
        "costOfRevenue": 667800000,
        "grossProfit": 502200000,
        "grossProfitRatio": 0.4292307692,
        "researchAndDevelopmentExpenses": 0,
        "generalAndAdministrativeExpenses": -78400000,
        "sellingAndMarketingExpenses": 304700000,
        "sellingGeneralAndAdministrativeExpenses": 226300000,
        "otherExpenses": 101800000,
        "operatingExpenses": 328100000,
        "costAndExpenses": 995900000,
        "interestIncome": 0,
        "interestExpense": 11900000,
        "depreciationAndAmortization": 29100000,
        "ebitda": 203700000,
        "ebitdaratio": 0.1741025641,
        "operatingIncome": 174100000,
        "operatingIncomeRatio": 0.1488034188,
        "totalOtherIncomeExpensesNet": -11400000,
        "incomeBeforeTax": 162700000,
        "incomeBeforeTaxRatio": 0.1390598291,
        "incomeTaxExpense": 39600000,
        "netIncome": 130000000,
        "netIncomeRatio": 0.1111111111,
        "eps": 0.5,
        "epsdiluted": 0.5,
        "weightedAverageShsOut": 262200000,
        "weightedAverageShsOutDil": 262200000,
        "link": "https://www.sec.gov/Archives/edgar/data/63754/000006375414000008/0000063754-14-000008-index.htm",
        "finalLink": "https://www.sec.gov/Archives/edgar/data/63754/000006375414000008/mkc-11302013x10k.htm"
    },
    {
        "date": "2013-08-31",
        "symbol": "MKC",
        "reportedCurrency": "USD",
        "cik": "0000063754",
        "fillingDate": "2013-09-27",
        "acceptedDate": "2013-09-27 09:11:04",
        "calendarYear": "2013",
        "period": "Q3",
        "revenue": 1016400000,
        "costOfRevenue": 608800000,
        "grossProfit": 407600000,
        "grossProfitRatio": 0.4010232192,
        "researchAndDevelopmentExpenses": 0,
        "generalAndAdministrativeExpenses": 0,
        "sellingAndMarketingExpenses": 0,
        "sellingGeneralAndAdministrativeExpenses": 259200000,
        "otherExpenses": 0,
        "operatingExpenses": 259200000,
        "costAndExpenses": 868000000,
        "interestIncome": 0,
        "interestExpense": 14000000,
        "depreciationAndAmortization": 25200000,
        "ebitda": 173900000,
        "ebitdaratio": 0.1710940575,
        "operatingIncome": 148400000,
        "operatingIncomeRatio": 0.1460055096,
        "totalOtherIncomeExpensesNet": -13700000,
        "incomeBeforeTax": 134700000,
        "incomeBeforeTaxRatio": 0.1325265643,
        "incomeTaxExpense": 35300000,
        "netIncome": 104400000,
        "netIncomeRatio": 0.1027154664,
        "eps": 0.4,
        "epsdiluted": 0.39,
        "weightedAverageShsOut": 264200000,
        "weightedAverageShsOutDil": 267000000,
        "link": "https://www.sec.gov/Archives/edgar/data/63754/000006375413000029/0000063754-13-000029-index.htm",
        "finalLink": "https://www.sec.gov/Archives/edgar/data/63754/000006375413000029/mkc-2013831x10q.htm"
    },
    {
        "date": "2013-05-31",
        "symbol": "MKC",
        "reportedCurrency": "USD",
        "cik": "0000063754",
        "fillingDate": "2013-06-28",
        "acceptedDate": "2013-06-28 09:01:09",
        "calendarYear": "2013",
        "period": "Q2",
        "revenue": 1002600000,
        "costOfRevenue": 608200000,
        "grossProfit": 394400000,
        "grossProfitRatio": 0.3933772192,
        "researchAndDevelopmentExpenses": 0,
        "generalAndAdministrativeExpenses": 0,
        "sellingAndMarketingExpenses": 0,
        "sellingGeneralAndAdministrativeExpenses": 278400000,
        "otherExpenses": 0,
        "operatingExpenses": 278400000,
        "costAndExpenses": 886600000,
        "interestIncome": 0,
        "interestExpense": 13500000,
        "depreciationAndAmortization": 25500000,
        "ebitda": 142300000,
        "ebitdaratio": 0.1419309795,
        "operatingIncome": 116000000,
        "operatingIncomeRatio": 0.1156991821,
        "totalOtherIncomeExpensesNet": -12700000,
        "incomeBeforeTax": 103300000,
        "incomeBeforeTaxRatio": 0.1030321165,
        "incomeTaxExpense": 30600000,
        "netIncome": 78600000,
        "netIncomeRatio": 0.07839617,
        "eps": 0.3,
        "epsdiluted": 0.3,
        "weightedAverageShsOut": 264200000,
        "weightedAverageShsOutDil": 267200000,
        "link": "https://www.sec.gov/Archives/edgar/data/63754/000006375413000024/0000063754-13-000024-index.htm",
        "finalLink": "https://www.sec.gov/Archives/edgar/data/63754/000006375413000024/mkc-2013531x10q.htm"
    },
    {
        "date": "2013-02-28",
        "symbol": "MKC",
        "reportedCurrency": "USD",
        "cik": "0000063754",
        "fillingDate": "2013-04-02",
        "acceptedDate": "2013-04-02 09:39:29",
        "calendarYear": "2013",
        "period": "Q1",
        "revenue": 934400000,
        "costOfRevenue": 572700000,
        "grossProfit": 361700000,
        "grossProfitRatio": 0.3870933219,
        "researchAndDevelopmentExpenses": 0,
        "generalAndAdministrativeExpenses": 0,
        "sellingAndMarketingExpenses": 0,
        "sellingGeneralAndAdministrativeExpenses": 249700000,
        "otherExpenses": 0,
        "operatingExpenses": 249700000,
        "costAndExpenses": 822400000,
        "interestIncome": 0,
        "interestExpense": 13900000,
        "depreciationAndAmortization": 26200000,
        "ebitda": 138800000,
        "ebitdaratio": 0.1485445205,
        "operatingIncome": 112000000,
        "operatingIncomeRatio": 0.1198630137,
        "totalOtherIncomeExpensesNet": -13300000,
        "incomeBeforeTax": 98700000,
        "incomeBeforeTaxRatio": 0.1056292808,
        "incomeTaxExpense": 28100000,
        "netIncome": 76000000,
        "netIncomeRatio": 0.0813356164,
        "eps": 0.28,
        "epsdiluted": 0.28,
        "weightedAverageShsOut": 265000000,
        "weightedAverageShsOutDil": 268000000,
        "link": "https://www.sec.gov/Archives/edgar/data/63754/000006375413000008/0000063754-13-000008-index.htm",
        "finalLink": "https://www.sec.gov/Archives/edgar/data/63754/000006375413000008/mkc-2013228x10q.htm"
    },
    {
        "date": "2012-11-30",
        "symbol": "MKC",
        "reportedCurrency": "USD",
        "cik": "0000063754",
        "fillingDate": "2013-01-25",
        "acceptedDate": "2013-01-25 08:41:19",
        "calendarYear": "2012",
        "period": "Q4",
        "revenue": 1145800000,
        "costOfRevenue": 663400000,
        "grossProfit": 482400000,
        "grossProfitRatio": 0.4210158841,
        "researchAndDevelopmentExpenses": 57800000,
        "generalAndAdministrativeExpenses": 757400000,
        "sellingAndMarketingExpenses": 293100000,
        "sellingGeneralAndAdministrativeExpenses": 757400000,
        "otherExpenses": -533100000,
        "operatingExpenses": 282100000,
        "costAndExpenses": 945500000,
        "interestIncome": 0,
        "interestExpense": 13900000,
        "depreciationAndAmortization": 26000000,
        "ebitda": 226900000,
        "ebitdaratio": 0.198027579,
        "operatingIncome": 200300000,
        "operatingIncomeRatio": 0.1748123582,
        "totalOtherIncomeExpensesNet": -13300000,
        "incomeBeforeTax": 187000000,
        "incomeBeforeTaxRatio": 0.1632047478,
        "incomeTaxExpense": 46000000,
        "netIncome": 146900000,
        "netIncomeRatio": 0.128207366,
        "eps": 0.56,
        "epsdiluted": 0.56,
        "weightedAverageShsOut": 265000000,
        "weightedAverageShsOutDil": 268200000,
        "link": "https://www.sec.gov/Archives/edgar/data/63754/000006375413000002/0000063754-13-000002-index.htm",
        "finalLink": "https://www.sec.gov/Archives/edgar/data/63754/000006375413000002/mkc-11302012x10k.htm"
    },
    {
        "date": "2012-08-31",
        "symbol": "MKC",
        "reportedCurrency": "USD",
        "cik": "0000063754",
        "fillingDate": "2012-09-28",
        "acceptedDate": "2012-09-28 09:27:19",
        "calendarYear": "2012",
        "period": "Q3",
        "revenue": 977700000,
        "costOfRevenue": 586000000,
        "grossProfit": 391700000,
        "grossProfitRatio": 0.4006341414,
        "researchAndDevelopmentExpenses": 0,
        "generalAndAdministrativeExpenses": 0,
        "sellingAndMarketingExpenses": 0,
        "sellingGeneralAndAdministrativeExpenses": 247500000,
        "otherExpenses": 0,
        "operatingExpenses": 247500000,
        "costAndExpenses": 833500000,
        "interestIncome": 0,
        "interestExpense": 13200000,
        "depreciationAndAmortization": 26200000,
        "ebitda": 171300000,
        "ebitdaratio": 0.1752071187,
        "operatingIncome": 144200000,
        "operatingIncomeRatio": 0.1474890048,
        "totalOtherIncomeExpensesNet": -12300000,
        "incomeBeforeTax": 131900000,
        "incomeBeforeTaxRatio": 0.1349084586,
        "incomeTaxExpense": 33000000,
        "netIncome": 104400000,
        "netIncomeRatio": 0.1067812212,
        "eps": 0.4,
        "epsdiluted": 0.39,
        "weightedAverageShsOut": 265400000,
        "weightedAverageShsOutDil": 268600000,
        "link": "https://www.sec.gov/Archives/edgar/data/63754/000006375412000005/0000063754-12-000005-index.htm",
        "finalLink": "https://www.sec.gov/Archives/edgar/data/63754/000006375412000005/mkc-2012831x10q.htm"
    },
    {
        "date": "2012-05-31",
        "symbol": "MKC",
        "reportedCurrency": "USD",
        "cik": "0000063754",
        "fillingDate": "2012-07-02",
        "acceptedDate": "2012-07-02 11:52:47",
        "calendarYear": "2012",
        "period": "Q2",
        "revenue": 984000000,
        "costOfRevenue": 595600000,
        "grossProfit": 388400000,
        "grossProfitRatio": 0.3947154472,
        "researchAndDevelopmentExpenses": 0,
        "generalAndAdministrativeExpenses": 0,
        "sellingAndMarketingExpenses": 0,
        "sellingGeneralAndAdministrativeExpenses": 267100000,
        "otherExpenses": 0,
        "operatingExpenses": 267100000,
        "costAndExpenses": 862700000,
        "interestIncome": 0,
        "interestExpense": 13900000,
        "depreciationAndAmortization": 24800000,
        "ebitda": 146000000,
        "ebitdaratio": 0.1483739837,
        "operatingIncome": 121300000,
        "operatingIncomeRatio": 0.1232723577,
        "totalOtherIncomeExpensesNet": -14000000,
        "incomeBeforeTax": 107300000,
        "incomeBeforeTaxRatio": 0.1090447154,
        "incomeTaxExpense": 30800000,
        "netIncome": 80400000,
        "netIncomeRatio": 0.0817073171,
        "eps": 0.31,
        "epsdiluted": 0.3,
        "weightedAverageShsOut": 265200000,
        "weightedAverageShsOutDil": 268200000,
        "link": "https://www.sec.gov/Archives/edgar/data/63754/000119312512291372/0001193125-12-291372-index.htm",
        "finalLink": "https://www.sec.gov/Archives/edgar/data/63754/000119312512291372/d354266d10q.htm"
    },
    {
        "date": "2012-02-29",
        "symbol": "MKC",
        "reportedCurrency": "USD",
        "cik": "0000063754",
        "fillingDate": "2012-04-02",
        "acceptedDate": "2012-04-02 09:50:43",
        "calendarYear": "2012",
        "period": "Q1",
        "revenue": 906700000,
        "costOfRevenue": 551400000,
        "grossProfit": 355300000,
        "grossProfitRatio": 0.3918605934,
        "researchAndDevelopmentExpenses": 0,
        "generalAndAdministrativeExpenses": 0,
        "sellingAndMarketingExpenses": 0,
        "sellingGeneralAndAdministrativeExpenses": 242800000,
        "otherExpenses": 0,
        "operatingExpenses": 242800000,
        "costAndExpenses": 794200000,
        "interestIncome": 0,
        "interestExpense": 13500000,
        "depreciationAndAmortization": 25800000,
        "ebitda": 139200000,
        "ebitdaratio": 0.1535237675,
        "operatingIncome": 112500000,
        "operatingIncomeRatio": 0.1240763207,
        "totalOtherIncomeExpensesNet": -12600000,
        "incomeBeforeTax": 99900000,
        "incomeBeforeTaxRatio": 0.1101797728,
        "incomeTaxExpense": 30000000,
        "netIncome": 74500000,
        "netIncomeRatio": 0.0821660968,
        "eps": 0.28,
        "epsdiluted": 0.28,
        "weightedAverageShsOut": 266200000,
        "weightedAverageShsOutDil": 269000000,
        "link": "https://www.sec.gov/Archives/edgar/data/63754/000119312512145115/0001193125-12-145115-index.htm",
        "finalLink": "https://www.sec.gov/Archives/edgar/data/63754/000119312512145115/d292421d10q.htm"
    },
    {
        "date": "2011-11-30",
        "symbol": "MKC",
        "reportedCurrency": "USD",
        "cik": "0000063754",
        "fillingDate": "2012-01-27",
        "acceptedDate": "2012-01-27 10:06:33",
        "calendarYear": "2011",
        "period": "Q4",
        "revenue": 1110700000,
        "costOfRevenue": 631600000,
        "grossProfit": 479100000,
        "grossProfitRatio": 0.4313495994,
        "researchAndDevelopmentExpenses": 0,
        "generalAndAdministrativeExpenses": 695100000,
        "sellingAndMarketingExpenses": 0,
        "sellingGeneralAndAdministrativeExpenses": 695100000,
        "otherExpenses": -408000000,
        "operatingExpenses": 287100000,
        "costAndExpenses": 918700000,
        "interestIncome": 0,
        "interestExpense": 13600000,
        "depreciationAndAmortization": 25100000,
        "ebitda": 216900000,
        "ebitdaratio": 0.1952822544,
        "operatingIncome": 192000000,
        "operatingIncomeRatio": 0.1728639597,
        "totalOtherIncomeExpensesNet": -13800000,
        "incomeBeforeTax": 178200000,
        "incomeBeforeTaxRatio": 0.1604393626,
        "incomeTaxExpense": 50900000,
        "netIncome": 131800000,
        "netIncomeRatio": 0.1186639056,
        "eps": 0.5,
        "epsdiluted": 0.49,
        "weightedAverageShsOut": 265800000,
        "weightedAverageShsOutDil": 268600000,
        "link": "https://www.sec.gov/Archives/edgar/data/63754/000119312512026335/0001193125-12-026335-index.htm",
        "finalLink": "https://www.sec.gov/Archives/edgar/data/63754/000119312512026335/d226592d10k.htm"
    },
    {
        "date": "2011-08-31",
        "symbol": "MKC",
        "reportedCurrency": "USD",
        "cik": "0000063754",
        "fillingDate": "2011-10-07",
        "acceptedDate": "2011-10-06 17:31:58",
        "calendarYear": "2011",
        "period": "Q3",
        "revenue": 920400000,
        "costOfRevenue": 555900000,
        "grossProfit": 364500000,
        "grossProfitRatio": 0.3960234681,
        "researchAndDevelopmentExpenses": 0,
        "generalAndAdministrativeExpenses": 0,
        "sellingAndMarketingExpenses": 0,
        "sellingGeneralAndAdministrativeExpenses": 236100000,
        "otherExpenses": 0,
        "operatingExpenses": 236100000,
        "costAndExpenses": 792000000,
        "interestIncome": 0,
        "interestExpense": 13100000,
        "depreciationAndAmortization": 24700000,
        "ebitda": 154200000,
        "ebitdaratio": 0.167535854,
        "operatingIncome": 128400000,
        "operatingIncomeRatio": 0.1395045632,
        "totalOtherIncomeExpensesNet": -12000000,
        "incomeBeforeTax": 116400000,
        "incomeBeforeTaxRatio": 0.1264667536,
        "incomeTaxExpense": 31200000,
        "netIncome": 92300000,
        "netIncomeRatio": 0.1002824859,
        "eps": 0.35,
        "epsdiluted": 0.35,
        "weightedAverageShsOut": 265200000,
        "weightedAverageShsOutDil": 268200000,
        "link": "https://www.sec.gov/Archives/edgar/data/63754/000119312511265906/0001193125-11-265906-index.htm",
        "finalLink": "https://www.sec.gov/Archives/edgar/data/63754/000119312511265906/d226584d10q.htm"
    },
    {
        "date": "2011-05-31",
        "symbol": "MKC",
        "reportedCurrency": "USD",
        "cik": "0000063754",
        "fillingDate": "2011-07-01",
        "acceptedDate": "2011-07-01 10:38:36",
        "calendarYear": "2011",
        "period": "Q2",
        "revenue": 883700000,
        "costOfRevenue": 533000000,
        "grossProfit": 350700000,
        "grossProfitRatio": 0.396854136,
        "researchAndDevelopmentExpenses": 0,
        "generalAndAdministrativeExpenses": 0,
        "sellingAndMarketingExpenses": 0,
        "sellingGeneralAndAdministrativeExpenses": 241400000,
        "otherExpenses": 0,
        "operatingExpenses": 241400000,
        "costAndExpenses": 774400000,
        "interestIncome": 0,
        "interestExpense": 12300000,
        "depreciationAndAmortization": 24800000,
        "ebitda": 135000000,
        "ebitdaratio": 0.1527667761,
        "operatingIncome": 109300000,
        "operatingIncomeRatio": 0.1236845083,
        "totalOtherIncomeExpensesNet": -11400000,
        "incomeBeforeTax": 97900000,
        "incomeBeforeTaxRatio": 0.1107842028,
        "incomeTaxExpense": 30400000,
        "netIncome": 73800000,
        "netIncomeRatio": 0.0835125042,
        "eps": 0.28,
        "epsdiluted": 0.28,
        "weightedAverageShsOut": 264800000,
        "weightedAverageShsOutDil": 268200000,
        "link": "https://www.sec.gov/Archives/edgar/data/63754/000119312511180113/0001193125-11-180113-index.htm",
        "finalLink": "https://www.sec.gov/Archives/edgar/data/63754/000119312511180113/d10q.htm"
    },
    {
        "date": "2011-02-28",
        "symbol": "MKC",
        "reportedCurrency": "USD",
        "cik": "0000063754",
        "fillingDate": "2011-04-01",
        "acceptedDate": "2011-04-01 10:56:32",
        "calendarYear": "2011",
        "period": "Q1",
        "revenue": 782800000,
        "costOfRevenue": 454600000,
        "grossProfit": 328200000,
        "grossProfitRatio": 0.4192641799,
        "researchAndDevelopmentExpenses": 0,
        "generalAndAdministrativeExpenses": 0,
        "sellingAndMarketingExpenses": 0,
        "sellingGeneralAndAdministrativeExpenses": 217600000,
        "otherExpenses": 0,
        "operatingExpenses": 217600000,
        "costAndExpenses": 672200000,
        "interestIncome": 0,
        "interestExpense": 12200000,
        "depreciationAndAmortization": 23700000,
        "ebitda": 134800000,
        "ebitdaratio": 0.1722023505,
        "operatingIncome": 110600000,
        "operatingIncomeRatio": 0.1412876852,
        "totalOtherIncomeExpensesNet": -11700000,
        "incomeBeforeTax": 98900000,
        "incomeBeforeTaxRatio": 0.1263413388,
        "incomeTaxExpense": 30000000,
        "netIncome": 76800000,
        "netIncomeRatio": 0.098109351,
        "eps": 0.29,
        "epsdiluted": 0.28,
        "weightedAverageShsOut": 265800000,
        "weightedAverageShsOutDil": 269200000,
        "link": "https://www.sec.gov/Archives/edgar/data/63754/000119312511086071/0001193125-11-086071-index.htm",
        "finalLink": "https://www.sec.gov/Archives/edgar/data/63754/000119312511086071/d10q.htm"
    },
    {
        "date": "2010-11-30",
        "symbol": "MKC",
        "reportedCurrency": "USD",
        "cik": "0000063754",
        "fillingDate": "2011-01-27",
        "acceptedDate": "2011-01-26 17:39:36",
        "calendarYear": "2010",
        "period": "Q4",
        "revenue": 979400000,
        "costOfRevenue": 533400000,
        "grossProfit": 446000000,
        "grossProfitRatio": 0.4553808454,
        "researchAndDevelopmentExpenses": 0,
        "generalAndAdministrativeExpenses": 647400000,
        "sellingAndMarketingExpenses": 0,
        "sellingGeneralAndAdministrativeExpenses": 647400000,
        "otherExpenses": -386800000,
        "operatingExpenses": 260600000,
        "costAndExpenses": 794000000,
        "interestIncome": 0,
        "interestExpense": 12300000,
        "depreciationAndAmortization": 25000000,
        "ebitda": 211600000,
        "ebitdaratio": 0.2160506433,
        "operatingIncome": 185400000,
        "operatingIncomeRatio": 0.1892995712,
        "totalOtherIncomeExpensesNet": -11100000,
        "incomeBeforeTax": 174300000,
        "incomeBeforeTaxRatio": 0.1779661017,
        "incomeTaxExpense": 46600000,
        "netIncome": 133700000,
        "netIncomeRatio": 0.1365121503,
        "eps": 0.5,
        "epsdiluted": 0.5,
        "weightedAverageShsOut": 265800000,
        "weightedAverageShsOutDil": 265800000,
        "link": "https://www.sec.gov/Archives/edgar/data/63754/000119312511014958/0001193125-11-014958-index.htm",
        "finalLink": "https://www.sec.gov/Archives/edgar/data/63754/000119312511014958/d10k.htm"
    },
    {
        "date": "2010-08-31",
        "symbol": "MKC",
        "reportedCurrency": "USD",
        "cik": "0000063754",
        "fillingDate": "2010-10-01",
        "acceptedDate": "2010-10-01 06:16:16",
        "calendarYear": "2010",
        "period": "Q3",
        "revenue": 794600000,
        "costOfRevenue": 459800000,
        "grossProfit": 334800000,
        "grossProfitRatio": 0.4213440725,
        "researchAndDevelopmentExpenses": 0,
        "generalAndAdministrativeExpenses": 0,
        "sellingAndMarketingExpenses": 0,
        "sellingGeneralAndAdministrativeExpenses": 208800000,
        "otherExpenses": 0,
        "operatingExpenses": 208800000,
        "costAndExpenses": 668600000,
        "interestIncome": 0,
        "interestExpense": 12400000,
        "depreciationAndAmortization": 24200000,
        "ebitda": 150700000,
        "ebitdaratio": 0.1896551724,
        "operatingIncome": 126000000,
        "operatingIncomeRatio": 0.1585703499,
        "totalOtherIncomeExpensesNet": -11900000,
        "incomeBeforeTax": 114100000,
        "incomeBeforeTaxRatio": 0.1435942613,
        "incomeTaxExpense": 18300000,
        "netIncome": 102400000,
        "netIncomeRatio": 0.1288698716,
        "eps": 0.39,
        "epsdiluted": 0.38,
        "weightedAverageShsOut": 266600000,
        "weightedAverageShsOutDil": 269800000,
        "link": "https://www.sec.gov/Archives/edgar/data/63754/000119312510221435/0001193125-10-221435-index.htm",
        "finalLink": "https://www.sec.gov/Archives/edgar/data/63754/000119312510221435/d10q.htm"
    },
    {
        "date": "2010-05-31",
        "symbol": "MKC",
        "reportedCurrency": "USD",
        "cik": "0000063754",
        "fillingDate": "2010-07-07",
        "acceptedDate": "2010-07-07 13:32:42",
        "calendarYear": "2010",
        "period": "Q2",
        "revenue": 798300000,
        "costOfRevenue": 471600000,
        "grossProfit": 326700000,
        "grossProfitRatio": 0.4092446449,
        "researchAndDevelopmentExpenses": 0,
        "generalAndAdministrativeExpenses": 0,
        "sellingAndMarketingExpenses": 0,
        "sellingGeneralAndAdministrativeExpenses": 229200000,
        "otherExpenses": 0,
        "operatingExpenses": 229200000,
        "costAndExpenses": 700800000,
        "interestIncome": 0,
        "interestExpense": 12300000,
        "depreciationAndAmortization": 22800000,
        "ebitda": 120300000,
        "ebitdaratio": 0.1506952274,
        "operatingIncome": 97500000,
        "operatingIncomeRatio": 0.1221345359,
        "totalOtherIncomeExpensesNet": -12300000,
        "incomeBeforeTax": 85200000,
        "incomeBeforeTaxRatio": 0.1067267944,
        "incomeTaxExpense": 25700000,
        "netIncome": 66200000,
        "netIncomeRatio": 0.0829262182,
        "eps": 0.25,
        "epsdiluted": 0.25,
        "weightedAverageShsOut": 266200000,
        "weightedAverageShsOutDil": 269600000,
        "link": "https://www.sec.gov/Archives/edgar/data/63754/000119312510154694/0001193125-10-154694-index.htm",
        "finalLink": "https://www.sec.gov/Archives/edgar/data/63754/000119312510154694/d10q.htm"
    },
    {
        "date": "2010-02-28",
        "symbol": "MKC",
        "reportedCurrency": "USD",
        "cik": "0000063754",
        "fillingDate": "2010-03-31",
        "acceptedDate": "2010-03-31 14:55:36",
        "calendarYear": "2010",
        "period": "Q1",
        "revenue": 764500000,
        "costOfRevenue": 454300000,
        "grossProfit": 310200000,
        "grossProfitRatio": 0.4057553957,
        "researchAndDevelopmentExpenses": 0,
        "generalAndAdministrativeExpenses": 0,
        "sellingAndMarketingExpenses": 0,
        "sellingGeneralAndAdministrativeExpenses": 209400000,
        "otherExpenses": 0,
        "operatingExpenses": 209400000,
        "costAndExpenses": 663700000,
        "interestIncome": 0,
        "interestExpense": 12300000,
        "depreciationAndAmortization": 23100000,
        "ebitda": 124500000,
        "ebitdaratio": 0.162851537,
        "operatingIncome": 100800000,
        "operatingIncomeRatio": 0.1318508829,
        "totalOtherIncomeExpensesNet": -11700000,
        "incomeBeforeTax": 89100000,
        "incomeBeforeTaxRatio": 0.1165467626,
        "incomeTaxExpense": 27500000,
        "netIncome": 67900000,
        "netIncomeRatio": 0.0888162198,
        "eps": 0.26,
        "epsdiluted": 0.26,
        "weightedAverageShsOut": 264600000,
        "weightedAverageShsOutDil": 268000000,
        "link": "https://www.sec.gov/Archives/edgar/data/63754/000119312510073190/0001193125-10-073190-index.htm",
        "finalLink": "https://www.sec.gov/Archives/edgar/data/63754/000119312510073190/d10q.htm"
    },
    {
        "date": "2009-11-30",
        "symbol": "MKC",
        "reportedCurrency": "USD",
        "cik": "0000063754",
        "fillingDate": "2010-01-28",
        "acceptedDate": "2010-01-28 09:32:38",
        "calendarYear": "2009",
        "period": "Q4",
        "revenue": 924600000,
        "costOfRevenue": 502900000,
        "grossProfit": 421700000,
        "grossProfitRatio": 0.4560891196,
        "researchAndDevelopmentExpenses": 0,
        "generalAndAdministrativeExpenses": 608300000,
        "sellingAndMarketingExpenses": 0,
        "sellingGeneralAndAdministrativeExpenses": 608300000,
        "otherExpenses": -364500000,
        "operatingExpenses": 243800000,
        "costAndExpenses": 746700000,
        "interestIncome": 0,
        "interestExpense": 12600000,
        "depreciationAndAmortization": 24700000,
        "ebitda": 203200000,
        "ebitdaratio": 0.2197707117,
        "operatingIncome": 177900000,
        "operatingIncomeRatio": 0.1924075276,
        "totalOtherIncomeExpensesNet": -12000000,
        "incomeBeforeTax": 165900000,
        "incomeBeforeTaxRatio": 0.1794289422,
        "incomeTaxExpense": 55800000,
        "netIncome": 116300000,
        "netIncomeRatio": 0.1257841229,
        "eps": 0.44,
        "epsdiluted": 0.44,
        "weightedAverageShsOut": 262800000,
        "weightedAverageShsOutDil": 264600000,
        "link": "https://www.sec.gov/Archives/edgar/data/63754/000119312510014973/0001193125-10-014973-index.htm",
        "finalLink": "https://www.sec.gov/Archives/edgar/data/63754/000119312510014973/d10k.htm"
    },
    {
        "date": "2009-08-31",
        "symbol": "MKC",
        "reportedCurrency": "USD",
        "cik": "0000063754",
        "fillingDate": "2009-10-08",
        "acceptedDate": "2009-10-08 13:24:49",
        "calendarYear": "2009",
        "period": "Q3",
        "revenue": 791700000,
        "costOfRevenue": 472700000,
        "grossProfit": 319000000,
        "grossProfitRatio": 0.4029304029,
        "researchAndDevelopmentExpenses": 0,
        "generalAndAdministrativeExpenses": 0,
        "sellingAndMarketingExpenses": 0,
        "sellingGeneralAndAdministrativeExpenses": 201500000,
        "otherExpenses": 900000,
        "operatingExpenses": 202400000,
        "costAndExpenses": 675100000,
        "interestIncome": 0,
        "interestExpense": 12800000,
        "depreciationAndAmortization": 22500000,
        "ebitda": 139400000,
        "ebitdaratio": 0.1760767968,
        "operatingIncome": 116600000,
        "operatingIncomeRatio": 0.1472780093,
        "totalOtherIncomeExpensesNet": -12500000,
        "incomeBeforeTax": 104100000,
        "incomeBeforeTaxRatio": 0.1314892005,
        "incomeTaxExpense": 32100000,
        "netIncome": 75100000,
        "netIncomeRatio": 0.0948591638,
        "eps": 0.28,
        "epsdiluted": 0.28,
        "weightedAverageShsOut": 261800000,
        "weightedAverageShsOutDil": 264800000,
        "link": "https://www.sec.gov/Archives/edgar/data/63754/000119312509205464/0001193125-09-205464-index.htm",
        "finalLink": "https://www.sec.gov/Archives/edgar/data/63754/000119312509205464/d10q.htm"
    },
    {
        "date": "2009-05-31",
        "symbol": "MKC",
        "reportedCurrency": "USD",
        "cik": "0000063754",
        "fillingDate": "2009-07-09",
        "acceptedDate": "2009-07-09 06:20:15",
        "calendarYear": "2009",
        "period": "Q2",
        "revenue": 757300000,
        "costOfRevenue": 455100000,
        "grossProfit": 302200000,
        "grossProfitRatio": 0.3990492539,
        "researchAndDevelopmentExpenses": 0,
        "generalAndAdministrativeExpenses": 0,
        "sellingAndMarketingExpenses": 0,
        "sellingGeneralAndAdministrativeExpenses": 212900000,
        "otherExpenses": 6800000,
        "operatingExpenses": 219700000,
        "costAndExpenses": 674800000,
        "interestIncome": 0,
        "interestExpense": 13000000,
        "depreciationAndAmortization": 27100000,
        "ebitda": 110800000,
        "ebitdaratio": 0.1463092566,
        "operatingIncome": 82500000,
        "operatingIncomeRatio": 0.108939654,
        "totalOtherIncomeExpensesNet": -11800000,
        "incomeBeforeTax": 70700000,
        "incomeBeforeTaxRatio": 0.0933579823,
        "incomeTaxExpense": 23800000,
        "netIncome": 50700000,
        "netIncomeRatio": 0.0669483692,
        "eps": 0.2,
        "epsdiluted": 0.19,
        "weightedAverageShsOut": 261200000,
        "weightedAverageShsOutDil": 263600000,
        "link": "https://www.sec.gov/Archives/edgar/data/63754/000119312509146123/0001193125-09-146123-index.htm",
        "finalLink": "https://www.sec.gov/Archives/edgar/data/63754/000119312509146123/d10q.htm"
    },
    {
        "date": "2009-02-28",
        "symbol": "MKC",
        "reportedCurrency": "USD",
        "cik": "0000063754",
        "fillingDate": "2009-04-08",
        "acceptedDate": "2009-04-08 10:50:08",
        "calendarYear": "2009",
        "period": "Q1",
        "revenue": 718500000,
        "costOfRevenue": 434300000,
        "grossProfit": 284200000,
        "grossProfitRatio": 0.395546277,
        "researchAndDevelopmentExpenses": 0,
        "generalAndAdministrativeExpenses": 0,
        "sellingAndMarketingExpenses": 0,
        "sellingGeneralAndAdministrativeExpenses": 193900000,
        "otherExpenses": 500000,
        "operatingExpenses": 194400000,
        "costAndExpenses": 628700000,
        "interestIncome": 0,
        "interestExpense": 14400000,
        "depreciationAndAmortization": 20000000,
        "ebitda": 110300000,
        "ebitdaratio": 0.1535142658,
        "operatingIncome": 89800000,
        "operatingIncomeRatio": 0.1249826026,
        "totalOtherIncomeExpensesNet": -13900000,
        "incomeBeforeTax": 75900000,
        "incomeBeforeTaxRatio": 0.1056367432,
        "incomeTaxExpense": 21400000,
        "netIncome": 57700000,
        "netIncomeRatio": 0.0803061935,
        "eps": 0.22,
        "epsdiluted": 0.22,
        "weightedAverageShsOut": 260600000,
        "weightedAverageShsOutDil": 263800000,
        "link": "https://www.sec.gov/Archives/edgar/data/63754/000119312509075270/0001193125-09-075270-index.htm",
        "finalLink": "https://www.sec.gov/Archives/edgar/data/63754/000119312509075270/d10q.htm"
    },
    {
        "date": "2008-11-30",
        "symbol": "MKC",
        "reportedCurrency": "USD",
        "cik": "0000063754",
        "fillingDate": "2009-01-28",
        "acceptedDate": "2009-01-28 17:30:07",
        "calendarYear": "2008",
        "period": "Q4",
        "revenue": 906900000,
        "costOfRevenue": 510800000,
        "grossProfit": 396100000,
        "grossProfitRatio": 0.4367625979,
        "researchAndDevelopmentExpenses": 0,
        "generalAndAdministrativeExpenses": 639625000,
        "sellingAndMarketingExpenses": 0,
        "sellingGeneralAndAdministrativeExpenses": 639625000,
        "otherExpenses": -369225000,
        "operatingExpenses": 270400000,
        "costAndExpenses": 781200000,
        "interestIncome": 0,
        "interestExpense": 0,
        "depreciationAndAmortization": 21000000,
        "ebitda": 157100000,
        "ebitdaratio": 0.1732274782,
        "operatingIncome": 125700000,
        "operatingIncomeRatio": 0.1386040357,
        "totalOtherIncomeExpensesNet": -14700000,
        "incomeBeforeTax": 110900000,
        "incomeBeforeTaxRatio": 0.1222847061,
        "incomeTaxExpense": 32100000,
        "netIncome": 82400000,
        "netIncomeRatio": 0.0908589701,
        "eps": 0.32,
        "epsdiluted": 0.32,
        "weightedAverageShsOut": 259800000,
        "weightedAverageShsOutDil": 260600000,
        "link": "https://www.sec.gov/Archives/edgar/data/63754/000119312509013251/0001193125-09-013251-index.htm",
        "finalLink": "https://www.sec.gov/Archives/edgar/data/63754/000119312509013251/d10k.htm"
    },
    {
        "date": "2008-08-31",
        "symbol": "MKC",
        "reportedCurrency": "USD",
        "cik": "0000063754",
        "fillingDate": "2008-10-09",
        "acceptedDate": "2008-10-09 09:44:26",
        "calendarYear": "2008",
        "period": "Q3",
        "revenue": 781600000,
        "costOfRevenue": 473200000,
        "grossProfit": 308400000,
        "grossProfitRatio": 0.3945752303,
        "researchAndDevelopmentExpenses": 0,
        "generalAndAdministrativeExpenses": 0,
        "sellingAndMarketingExpenses": 0,
        "sellingGeneralAndAdministrativeExpenses": 212900000,
        "otherExpenses": 2600000,
        "operatingExpenses": 215500000,
        "costAndExpenses": 688700000,
        "interestIncome": 0,
        "interestExpense": 0,
        "depreciationAndAmortization": 20500000,
        "ebitda": 116000000,
        "ebitdaratio": 0.1484135107,
        "operatingIncome": 92900000,
        "operatingIncomeRatio": 0.1188587513,
        "totalOtherIncomeExpensesNet": -2700000,
        "incomeBeforeTax": 90100000,
        "incomeBeforeTaxRatio": 0.1152763562,
        "incomeTaxExpense": 26800000,
        "netIncome": 68600000,
        "netIncomeRatio": 0.0877686796,
        "eps": 0.27,
        "epsdiluted": 0.26,
        "weightedAverageShsOut": 258600000,
        "weightedAverageShsOutDil": 264600000,
        "link": "https://www.sec.gov/Archives/edgar/data/63754/000119312508208322/0001193125-08-208322-index.htm",
        "finalLink": "https://www.sec.gov/Archives/edgar/data/63754/000119312508208322/d10q.htm"
    },
    {
        "date": "2008-05-31",
        "symbol": "MKC",
        "reportedCurrency": "USD",
        "cik": "0000063754",
        "fillingDate": "2008-07-09",
        "acceptedDate": "2008-07-09 12:59:47",
        "calendarYear": "2008",
        "period": "Q2",
        "revenue": 764100000,
        "costOfRevenue": 466200000,
        "grossProfit": 297900000,
        "grossProfitRatio": 0.3898704358,
        "researchAndDevelopmentExpenses": 0,
        "generalAndAdministrativeExpenses": 0,
        "sellingAndMarketingExpenses": 0,
        "sellingGeneralAndAdministrativeExpenses": 222000000,
        "otherExpenses": -4600000,
        "operatingExpenses": 217400000,
        "costAndExpenses": 683600000,
        "interestIncome": 0,
        "interestExpense": 0,
        "depreciationAndAmortization": 21700000,
        "ebitda": 97600000,
        "ebitdaratio": 0.1277319723,
        "operatingIncome": 80500000,
        "operatingIncomeRatio": 0.1053527025,
        "totalOtherIncomeExpensesNet": -9600000,
        "incomeBeforeTax": 70800000,
        "incomeBeforeTaxRatio": 0.0926580291,
        "incomeTaxExpense": 21800000,
        "netIncome": 53300000,
        "netIncomeRatio": 0.0697552676,
        "eps": 0.21,
        "epsdiluted": 0.2,
        "weightedAverageShsOut": 257400000,
        "weightedAverageShsOutDil": 263000000,
        "link": "https://www.sec.gov/Archives/edgar/data/63754/000119312508148568/0001193125-08-148568-index.htm",
        "finalLink": "https://www.sec.gov/Archives/edgar/data/63754/000119312508148568/d10q.htm"
    },
    {
        "date": "2008-02-29",
        "symbol": "MKC",
        "reportedCurrency": "USD",
        "cik": "0000063754",
        "fillingDate": "2008-04-07",
        "acceptedDate": "2008-04-07 11:27:48",
        "calendarYear": "2008",
        "period": "Q1",
        "revenue": 724000000,
        "costOfRevenue": 438200000,
        "grossProfit": 285800000,
        "grossProfitRatio": 0.3947513812,
        "researchAndDevelopmentExpenses": 0,
        "generalAndAdministrativeExpenses": 0,
        "sellingAndMarketingExpenses": 0,
        "sellingGeneralAndAdministrativeExpenses": 204800000,
        "otherExpenses": 3600000,
        "operatingExpenses": 208400000,
        "costAndExpenses": 646600000,
        "interestIncome": 0,
        "interestExpense": 0,
        "depreciationAndAmortization": 22400000,
        "ebitda": 103400000,
        "ebitdaratio": 0.1428176796,
        "operatingIncome": 77400000,
        "operatingIncomeRatio": 0.1069060773,
        "totalOtherIncomeExpensesNet": -11400000,
        "incomeBeforeTax": 65900000,
        "incomeBeforeTaxRatio": 0.0910220994,
        "incomeTaxExpense": 19800000,
        "netIncome": 51400000,
        "netIncomeRatio": 0.0709944751,
        "eps": 0.2,
        "epsdiluted": 0.2,
        "weightedAverageShsOut": 256000000,
        "weightedAverageShsOutDil": 262200000,
        "link": "https://www.sec.gov/Archives/edgar/data/63754/000110465908022839/0001104659-08-022839-index.htm",
        "finalLink": "https://www.sec.gov/Archives/edgar/data/63754/000110465908022839/a08-9991_110q.htm"
    },
    {
        "date": "2007-11-30",
        "symbol": "MKC",
        "reportedCurrency": "USD",
        "cik": "0000063754",
        "fillingDate": "2008-01-28",
        "acceptedDate": "2008-01-28 17:16:59",
        "calendarYear": "2007",
        "period": "Q4",
        "revenue": 860119000,
        "costOfRevenue": 488800000,
        "grossProfit": 371319000,
        "grossProfitRatio": 0.4317065429,
        "researchAndDevelopmentExpenses": 0,
        "generalAndAdministrativeExpenses": 581685000,
        "sellingAndMarketingExpenses": 0,
        "sellingGeneralAndAdministrativeExpenses": 581685000,
        "otherExpenses": -342420000,
        "operatingExpenses": 239265000,
        "costAndExpenses": 728065000,
        "interestIncome": 0,
        "interestExpense": 0,
        "depreciationAndAmortization": 21211000,
        "ebitda": 167317000,
        "ebitdaratio": 0.194527734,
        "operatingIncome": 132054000,
        "operatingIncomeRatio": 0.1535299185,
        "totalOtherIncomeExpensesNet": -13392000,
        "incomeBeforeTax": 118662000,
        "incomeBeforeTaxRatio": 0.13795998,
        "incomeTaxExpense": 36256000,
        "netIncome": 87598000,
        "netIncomeRatio": 0.1018440472,
        "eps": 0.34,
        "epsdiluted": 0.34,
        "weightedAverageShsOut": 255357303,
        "weightedAverageShsOutDil": 255900000,
        "link": "https://www.sec.gov/Archives/edgar/data/63754/000110465908005145/0001104659-08-005145-index.htm",
        "finalLink": "https://www.sec.gov/Archives/edgar/data/63754/000110465908005145/a08-3564_110k.htm"
    },
    {
        "date": "2007-08-31",
        "symbol": "MKC",
        "reportedCurrency": "USD",
        "cik": "0000063754",
        "fillingDate": "2007-10-09",
        "acceptedDate": "2007-10-09 13:04:47",
        "calendarYear": "2007",
        "period": "Q3",
        "revenue": 716227000,
        "costOfRevenue": 431898000,
        "grossProfit": 284329000,
        "grossProfitRatio": 0.3969816832,
        "researchAndDevelopmentExpenses": 0,
        "generalAndAdministrativeExpenses": 0,
        "sellingAndMarketingExpenses": 0,
        "sellingGeneralAndAdministrativeExpenses": 192596000,
        "otherExpenses": 2845000,
        "operatingExpenses": 195441000,
        "costAndExpenses": 627339000,
        "interestIncome": 0,
        "interestExpense": 0,
        "depreciationAndAmortization": 21472000,
        "ebitda": 113205000,
        "ebitdaratio": 0.1580574315,
        "operatingIncome": 88888000,
        "operatingIncomeRatio": 0.124105905,
        "totalOtherIncomeExpensesNet": -13394000,
        "incomeBeforeTax": 75494000,
        "incomeBeforeTaxRatio": 0.1054051299,
        "incomeTaxExpense": 23200000,
        "netIncome": 56848000,
        "netIncomeRatio": 0.0793714842,
        "eps": 0.22,
        "epsdiluted": 0.21,
        "weightedAverageShsOut": 258200000,
        "weightedAverageShsOutDil": 264800000,
        "link": "https://www.sec.gov/Archives/edgar/data/63754/000110465907073877/0001104659-07-073877-index.htm",
        "finalLink": "https://www.sec.gov/Archives/edgar/data/63754/000110465907073877/a07-26208_110q.htm"
    },
    {
        "date": "2007-05-31",
        "symbol": "MKC",
        "reportedCurrency": "USD",
        "cik": "0000063754",
        "fillingDate": "2007-07-09",
        "acceptedDate": "2007-07-09 14:43:50",
        "calendarYear": "2007",
        "period": "Q2",
        "revenue": 687214000,
        "costOfRevenue": 415414000,
        "grossProfit": 271800000,
        "grossProfitRatio": 0.3955099867,
        "researchAndDevelopmentExpenses": 0,
        "generalAndAdministrativeExpenses": 0,
        "sellingAndMarketingExpenses": 0,
        "sellingGeneralAndAdministrativeExpenses": 198452000,
        "otherExpenses": 6440000,
        "operatingExpenses": 204892000,
        "costAndExpenses": 620306000,
        "interestIncome": 0,
        "interestExpense": 0,
        "depreciationAndAmortization": 20035000,
        "ebitda": 93383000,
        "ebitdaratio": 0.1358863469,
        "operatingIncome": 66908000,
        "operatingIncomeRatio": 0.0973612295,
        "totalOtherIncomeExpensesNet": -13005000,
        "incomeBeforeTax": 53903000,
        "incomeBeforeTaxRatio": 0.0784369934,
        "incomeTaxExpense": 16755000,
        "netIncome": 41425000,
        "netIncomeRatio": 0.0602796218,
        "eps": 0.16,
        "epsdiluted": 0.15,
        "weightedAverageShsOut": 260300000,
        "weightedAverageShsOutDil": 267274000,
        "link": "https://www.sec.gov/Archives/edgar/data/63754/000110465907052938/0001104659-07-052938-index.htm",
        "finalLink": "https://www.sec.gov/Archives/edgar/data/63754/000110465907052938/a07-18326_110q.htm"
    },
    {
        "date": "2007-02-28",
        "symbol": "MKC",
        "reportedCurrency": "USD",
        "cik": "0000063754",
        "fillingDate": "2007-04-06",
        "acceptedDate": "2007-04-05 17:39:09",
        "calendarYear": "2007",
        "period": "Q1",
        "revenue": 652639000,
        "costOfRevenue": 388287000,
        "grossProfit": 264352000,
        "grossProfitRatio": 0.4050508781,
        "researchAndDevelopmentExpenses": 0,
        "generalAndAdministrativeExpenses": 0,
        "sellingAndMarketingExpenses": 0,
        "sellingGeneralAndAdministrativeExpenses": 190637000,
        "otherExpenses": 7364000,
        "operatingExpenses": 198001000,
        "costAndExpenses": 586288000,
        "interestIncome": 0,
        "interestExpense": 0,
        "depreciationAndAmortization": 19882000,
        "ebitda": 93597000,
        "ebitdaratio": 0.1434131273,
        "operatingIncome": 66351000,
        "operatingIncomeRatio": 0.1016656988,
        "totalOtherIncomeExpensesNet": -12010000,
        "incomeBeforeTax": 54341000,
        "incomeBeforeTaxRatio": 0.0832634887,
        "incomeTaxExpense": 15989000,
        "netIncome": 44228000,
        "netIncomeRatio": 0.0677679391,
        "eps": 0.17,
        "epsdiluted": 0.16,
        "weightedAverageShsOut": 260688000,
        "weightedAverageShsOutDil": 268390000,
        "link": "https://www.sec.gov/Archives/edgar/data/63754/000110465907026241/0001104659-07-026241-index.htm",
        "finalLink": "https://www.sec.gov/Archives/edgar/data/63754/000110465907026241/a07-9850_110q.htm"
    },
    {
        "date": "2006-11-30",
        "symbol": "MKC",
        "reportedCurrency": "USD",
        "cik": "0000063754",
        "fillingDate": "2007-01-29",
        "acceptedDate": "2007-01-29 14:38:34",
        "calendarYear": "2006",
        "period": "Q4",
        "revenue": 803698000,
        "costOfRevenue": 448025000,
        "grossProfit": 355673000,
        "grossProfitRatio": 0.442545583,
        "researchAndDevelopmentExpenses": 0,
        "generalAndAdministrativeExpenses": 556551000,
        "sellingAndMarketingExpenses": 0,
        "sellingGeneralAndAdministrativeExpenses": 556551000,
        "otherExpenses": -327321000,
        "operatingExpenses": 229230000,
        "costAndExpenses": 677255000,
        "interestIncome": 0,
        "interestExpense": 0,
        "depreciationAndAmortization": 25518000,
        "ebitda": 165143000,
        "ebitdaratio": 0.2054789237,
        "operatingIncome": 126443000,
        "operatingIncomeRatio": 0.1573265082,
        "totalOtherIncomeExpensesNet": -12366000,
        "incomeBeforeTax": 114077000,
        "incomeBeforeTaxRatio": 0.1419401317,
        "incomeTaxExpense": 33961000,
        "netIncome": 83100000,
        "netIncomeRatio": 0.1033970471,
        "eps": 0.32,
        "epsdiluted": 0.32,
        "weightedAverageShsOut": 260688000,
        "weightedAverageShsOutDil": 260688000,
        "link": "https://www.sec.gov/Archives/edgar/data/63754/000110465907005348/0001104659-07-005348-index.htm",
        "finalLink": "https://www.sec.gov/Archives/edgar/data/63754/000110465907005348/a07-2613_110k.htm"
    },
    {
        "date": "2006-08-31",
        "symbol": "MKC",
        "reportedCurrency": "USD",
        "cik": "0000063754",
        "fillingDate": "2006-10-05",
        "acceptedDate": "2006-10-05 09:58:43",
        "calendarYear": "2006",
        "period": "Q3",
        "revenue": 663095000,
        "costOfRevenue": 393818000,
        "grossProfit": 269277000,
        "grossProfitRatio": 0.4060911332,
        "researchAndDevelopmentExpenses": 0,
        "generalAndAdministrativeExpenses": 0,
        "sellingAndMarketingExpenses": 0,
        "sellingGeneralAndAdministrativeExpenses": 187576000,
        "otherExpenses": 17535000,
        "operatingExpenses": 205111000,
        "costAndExpenses": 598929000,
        "interestIncome": 0,
        "interestExpense": 0,
        "depreciationAndAmortization": 21824000,
        "ebitda": 103525000,
        "ebitdaratio": 0.156123934,
        "operatingIncome": 64166000,
        "operatingIncomeRatio": 0.0967674315,
        "totalOtherIncomeExpensesNet": -11970000,
        "incomeBeforeTax": 52196000,
        "incomeBeforeTaxRatio": 0.0787157195,
        "incomeTaxExpense": 13647000,
        "netIncome": 43068000,
        "netIncomeRatio": 0.0649499695,
        "eps": 0.16,
        "epsdiluted": 0.16,
        "weightedAverageShsOut": 263174000,
        "weightedAverageShsOutDil": 269658000,
        "link": "https://www.sec.gov/Archives/edgar/data/63754/000110465906065068/0001104659-06-065068-index.htm",
        "finalLink": "https://www.sec.gov/Archives/edgar/data/63754/000110465906065068/a06-20702_110q.htm"
    },
    {
        "date": "2006-05-31",
        "symbol": "MKC",
        "reportedCurrency": "USD",
        "cik": "0000063754",
        "fillingDate": "2006-07-07",
        "acceptedDate": "2006-07-07 10:11:17",
        "calendarYear": "2006",
        "period": "Q2",
        "revenue": 639906000,
        "costOfRevenue": 389342000,
        "grossProfit": 250564000,
        "grossProfitRatio": 0.3915637609,
        "researchAndDevelopmentExpenses": 0,
        "generalAndAdministrativeExpenses": 0,
        "sellingAndMarketingExpenses": 0,
        "sellingGeneralAndAdministrativeExpenses": 187347000,
        "otherExpenses": 8519000,
        "operatingExpenses": 195866000,
        "costAndExpenses": 585208000,
        "interestIncome": 0,
        "interestExpense": 0,
        "depreciationAndAmortization": 21373000,
        "ebitda": 76071000,
        "ebitdaratio": 0.1188783978,
        "operatingIncome": 54698000,
        "operatingIncomeRatio": 0.0854781796,
        "totalOtherIncomeExpensesNet": -10549000,
        "incomeBeforeTax": 44149000,
        "incomeBeforeTaxRatio": 0.0689929458,
        "incomeTaxExpense": 13068000,
        "netIncome": 61644000,
        "netIncomeRatio": 0.0963328989,
        "eps": 0.23,
        "epsdiluted": 0.23,
        "weightedAverageShsOut": 264364000,
        "weightedAverageShsOutDil": 270840000,
        "link": "https://www.sec.gov/Archives/edgar/data/63754/000110465906045892/0001104659-06-045892-index.htm",
        "finalLink": "https://www.sec.gov/Archives/edgar/data/63754/000110465906045892/a06-14941_110q.htm"
    },
    {
        "date": "2006-02-28",
        "symbol": "MKC",
        "reportedCurrency": "USD",
        "cik": "0000063754",
        "fillingDate": "2006-04-06",
        "acceptedDate": "2006-04-06 12:50:04",
        "calendarYear": "2006",
        "period": "Q1",
        "revenue": 609701000,
        "costOfRevenue": 370616000,
        "grossProfit": 239085000,
        "grossProfitRatio": 0.3921348333,
        "researchAndDevelopmentExpenses": 0,
        "generalAndAdministrativeExpenses": 0,
        "sellingAndMarketingExpenses": 0,
        "sellingGeneralAndAdministrativeExpenses": 181628000,
        "otherExpenses": 33164000,
        "operatingExpenses": 214792000,
        "costAndExpenses": 585408000,
        "interestIncome": 0,
        "interestExpense": 0,
        "depreciationAndAmortization": 18085000,
        "ebitda": 42378000,
        "ebitdaratio": 0.0695062006,
        "operatingIncome": 24293000,
        "operatingIncomeRatio": 0.0398441203,
        "totalOtherIncomeExpensesNet": -11716000,
        "incomeBeforeTax": 12577000,
        "incomeBeforeTaxRatio": 0.020628144,
        "incomeTaxExpense": 4025000,
        "netIncome": 14388000,
        "netIncomeRatio": 0.0235984524,
        "eps": 0.0542,
        "epsdiluted": 0.0532,
        "weightedAverageShsOut": 265222000,
        "weightedAverageShsOutDil": 270606000,
        "link": "https://www.sec.gov/Archives/edgar/data/63754/000110465906022965/0001104659-06-022965-index.htm",
        "finalLink": "https://www.sec.gov/Archives/edgar/data/63754/000110465906022965/a06-8375_110q.htm"
    },
    {
        "date": "2005-11-30",
        "symbol": "MKC",
        "reportedCurrency": "USD",
        "cik": "0000063754",
        "fillingDate": "2006-01-27",
        "acceptedDate": "2006-01-27 13:57:27",
        "calendarYear": "2005",
        "period": "Q4",
        "revenue": 737074000,
        "costOfRevenue": 413325000,
        "grossProfit": 323749000,
        "grossProfitRatio": 0.4392354092,
        "researchAndDevelopmentExpenses": 0,
        "generalAndAdministrativeExpenses": 504211000,
        "sellingAndMarketingExpenses": 0,
        "sellingGeneralAndAdministrativeExpenses": 177689000,
        "otherExpenses": 10570000,
        "operatingExpenses": 188259000,
        "costAndExpenses": 601584000,
        "interestIncome": 0,
        "interestExpense": 0,
        "depreciationAndAmortization": 20380000,
        "ebitda": 155870000,
        "ebitdaratio": 0.2114713041,
        "operatingIncome": 135490000,
        "operatingIncomeRatio": 0.1838214345,
        "totalOtherIncomeExpensesNet": -12682000,
        "incomeBeforeTax": 122808000,
        "incomeBeforeTaxRatio": 0.1666155637,
        "incomeTaxExpense": 40164000,
        "netIncome": 88101000,
        "netIncomeRatio": 0.1195280257,
        "eps": 0.33,
        "epsdiluted": 0.33,
        "weightedAverageShsOut": 265222000,
        "weightedAverageShsOutDil": 265222000,
        "link": "https://www.sec.gov/Archives/edgar/data/63754/000110465906004340/0001104659-06-004340-index.htm",
        "finalLink": "https://www.sec.gov/Archives/edgar/data/63754/000110465906004340/a06-3546_110k.htm"
    },
    {
        "date": "2005-08-31",
        "symbol": "MKC",
        "reportedCurrency": "USD",
        "cik": "0000063754",
        "fillingDate": "2005-10-06",
        "acceptedDate": "2005-10-06 16:08:41",
        "calendarYear": "2005",
        "period": "Q3",
        "revenue": 622731000,
        "costOfRevenue": 379394000,
        "grossProfit": 243337000,
        "grossProfitRatio": 0.3907578071,
        "researchAndDevelopmentExpenses": 0,
        "generalAndAdministrativeExpenses": 0,
        "sellingAndMarketingExpenses": 0,
        "sellingGeneralAndAdministrativeExpenses": 164437000,
        "otherExpenses": 0,
        "operatingExpenses": 164437000,
        "costAndExpenses": 543831000,
        "interestIncome": 0,
        "interestExpense": 0,
        "depreciationAndAmortization": 18727000,
        "ebitda": 97627000,
        "ebitdaratio": 0.1567723463,
        "operatingIncome": 78900000,
        "operatingIncomeRatio": 0.1266999716,
        "totalOtherIncomeExpensesNet": -12049000,
        "incomeBeforeTax": 66851000,
        "incomeBeforeTaxRatio": 0.1073513283,
        "incomeTaxExpense": 22603000,
        "netIncome": 47970000,
        "netIncomeRatio": 0.0770316557,
        "eps": 0.18,
        "epsdiluted": 0.17,
        "weightedAverageShsOut": 267912000,
        "weightedAverageShsOutDil": 274764000,
        "link": "https://www.sec.gov/Archives/edgar/data/63754/000110465905047512/0001104659-05-047512-index.htm",
        "finalLink": "https://www.sec.gov/Archives/edgar/data/63754/000110465905047512/a05-17092_110q.htm"
    },
    {
        "date": "2005-05-31",
        "symbol": "MKC",
        "reportedCurrency": "USD",
        "cik": "0000063754",
        "fillingDate": "2005-06-30",
        "acceptedDate": "2005-06-30 14:55:58",
        "calendarYear": "2005",
        "period": "Q2",
        "revenue": 628571000,
        "costOfRevenue": 387225000,
        "grossProfit": 241346000,
        "grossProfitRatio": 0.3839598072,
        "researchAndDevelopmentExpenses": 0,
        "generalAndAdministrativeExpenses": 0,
        "sellingAndMarketingExpenses": 0,
        "sellingGeneralAndAdministrativeExpenses": 170864000,
        "otherExpenses": -670000,
        "operatingExpenses": 170194000,
        "costAndExpenses": 557419000,
        "interestIncome": 0,
        "interestExpense": 0,
        "depreciationAndAmortization": 17852000,
        "ebitda": 89004000,
        "ebitdaratio": 0.1415973693,
        "operatingIncome": 71152000,
        "operatingIncomeRatio": 0.1131964408,
        "totalOtherIncomeExpensesNet": -12039000,
        "incomeBeforeTax": 59113000,
        "incomeBeforeTaxRatio": 0.0940434732,
        "incomeTaxExpense": 18916000,
        "netIncome": 42794000,
        "netIncomeRatio": 0.0680814101,
        "eps": 0.16,
        "epsdiluted": 0.15,
        "weightedAverageShsOut": 269484000,
        "weightedAverageShsOutDil": 277478000,
        "link": "https://www.sec.gov/Archives/edgar/data/63754/000110465905030736/0001104659-05-030736-index.htm",
        "finalLink": "https://www.sec.gov/Archives/edgar/data/63754/000110465905030736/a05-11551_110q.htm"
    },
    {
        "date": "2005-02-28",
        "symbol": "MKC",
        "reportedCurrency": "USD",
        "cik": "0000063754",
        "fillingDate": "2005-04-01",
        "acceptedDate": "2005-04-01 15:28:25",
        "calendarYear": "2005",
        "period": "Q1",
        "revenue": 603623000,
        "costOfRevenue": 375455000,
        "grossProfit": 228168000,
        "grossProfitRatio": 0.3779975249,
        "researchAndDevelopmentExpenses": 0,
        "generalAndAdministrativeExpenses": 0,
        "sellingAndMarketingExpenses": 0,
        "sellingGeneralAndAdministrativeExpenses": 168910000,
        "otherExpenses": 1300000,
        "operatingExpenses": 170210000,
        "costAndExpenses": 545665000,
        "interestIncome": 0,
        "interestExpense": 0,
        "depreciationAndAmortization": 17641000,
        "ebitda": 75599000,
        "ebitdaratio": 0.1252420799,
        "operatingIncome": 57958000,
        "operatingIncomeRatio": 0.0960168847,
        "totalOtherIncomeExpensesNet": -11030000,
        "incomeBeforeTax": 46928000,
        "incomeBeforeTaxRatio": 0.0777438898,
        "incomeTaxExpense": 15017000,
        "netIncome": 36035000,
        "netIncomeRatio": 0.0596978578,
        "eps": 0.13,
        "epsdiluted": 0.13,
        "weightedAverageShsOut": 271298000,
        "weightedAverageShsOutDil": 280914000,
        "link": "https://www.sec.gov/Archives/edgar/data/63754/000110465905014675/0001104659-05-014675-index.htm",
        "finalLink": "https://www.sec.gov/Archives/edgar/data/63754/000110465905014675/a05-5956_110q.htm"
    },
    {
        "date": "2004-11-30",
        "symbol": "MKC",
        "reportedCurrency": "USD",
        "cik": "0000063754",
        "fillingDate": "2005-01-27",
        "acceptedDate": "2005-01-27 16:11:28",
        "calendarYear": "2004",
        "period": "Q4",
        "revenue": 744131000,
        "costOfRevenue": 429002000,
        "grossProfit": 315129000,
        "grossProfitRatio": 0.4234859185,
        "researchAndDevelopmentExpenses": 0,
        "generalAndAdministrativeExpenses": 493848000,
        "sellingAndMarketingExpenses": 0,
        "sellingGeneralAndAdministrativeExpenses": 183852000,
        "otherExpenses": 3684000,
        "operatingExpenses": 187536000,
        "costAndExpenses": 616538000,
        "interestIncome": 0,
        "interestExpense": 0,
        "depreciationAndAmortization": 18573000,
        "ebitda": 146166000,
        "ebitdaratio": 0.1964250918,
        "operatingIncome": 127593000,
        "operatingIncomeRatio": 0.1714657769,
        "totalOtherIncomeExpensesNet": -10290000,
        "incomeBeforeTax": 117303000,
        "incomeBeforeTaxRatio": 0.1576375665,
        "incomeTaxExpense": 34462000,
        "netIncome": 87345000,
        "netIncomeRatio": 0.1173785261,
        "eps": 0.32,
        "epsdiluted": 0.32,
        "weightedAverageShsOut": 268947631,
        "weightedAverageShsOutDil": 271298000,
        "link": "https://www.sec.gov/Archives/edgar/data/63754/000110465905002884/0001104659-05-002884-index.htm",
        "finalLink": "https://www.sec.gov/Archives/edgar/data/63754/000110465905002884/a05-2232_110k.htm"
    },
    {
        "date": "2004-08-31",
        "symbol": "MKC",
        "reportedCurrency": "USD",
        "cik": "0000063754",
        "fillingDate": "2004-10-08",
        "acceptedDate": "2004-10-08 16:38:12",
        "calendarYear": "2004",
        "period": "Q3",
        "revenue": 613544000,
        "costOfRevenue": 374385000,
        "grossProfit": 239159000,
        "grossProfitRatio": 0.3897992646,
        "researchAndDevelopmentExpenses": 0,
        "generalAndAdministrativeExpenses": 0,
        "sellingAndMarketingExpenses": 0,
        "sellingGeneralAndAdministrativeExpenses": 164963000,
        "otherExpenses": 195000,
        "operatingExpenses": 165158000,
        "costAndExpenses": 539543000,
        "interestIncome": 0,
        "interestExpense": 0,
        "depreciationAndAmortization": 18725000,
        "ebitda": 92726000,
        "ebitdaratio": 0.1511317852,
        "operatingIncome": 74001000,
        "operatingIncomeRatio": 0.1206123766,
        "totalOtherIncomeExpensesNet": -10026000,
        "incomeBeforeTax": 63975000,
        "incomeBeforeTaxRatio": 0.1042712503,
        "incomeTaxExpense": 19769000,
        "netIncome": 46196000,
        "netIncomeRatio": 0.0752937035,
        "eps": 0.17,
        "epsdiluted": 0.16,
        "weightedAverageShsOut": 273922000,
        "weightedAverageShsOutDil": 283374000,
        "link": "https://www.sec.gov/Archives/edgar/data/63754/000110465904030129/0001104659-04-030129-index.htm",
        "finalLink": "https://www.sec.gov/Archives/edgar/data/63754/000110465904030129/a04-11309_110q.htm"
    },
    {
        "date": "2004-05-31",
        "symbol": "MKC",
        "reportedCurrency": "USD",
        "cik": "0000063754",
        "fillingDate": "2004-07-09",
        "acceptedDate": "2004-07-09 10:32:15",
        "calendarYear": "2004",
        "period": "Q2",
        "revenue": 596164000,
        "costOfRevenue": 364238000,
        "grossProfit": 231926000,
        "grossProfitRatio": 0.3890305352,
        "researchAndDevelopmentExpenses": 0,
        "generalAndAdministrativeExpenses": 0,
        "sellingAndMarketingExpenses": 0,
        "sellingGeneralAndAdministrativeExpenses": 168652000,
        "otherExpenses": -6448000,
        "operatingExpenses": 162204000,
        "costAndExpenses": 526442000,
        "interestIncome": 0,
        "interestExpense": 0,
        "depreciationAndAmortization": 18464000,
        "ebitda": 88186000,
        "ebitdaratio": 0.1479223838,
        "operatingIncome": 69722000,
        "operatingIncomeRatio": 0.1169510403,
        "totalOtherIncomeExpensesNet": -9159000,
        "incomeBeforeTax": 60563000,
        "incomeBeforeTaxRatio": 0.1015878181,
        "incomeTaxExpense": 18713000,
        "netIncome": 42853000,
        "netIncomeRatio": 0.0718812273,
        "eps": 0.16,
        "epsdiluted": 0.15,
        "weightedAverageShsOut": 275358000,
        "weightedAverageShsOutDil": 284988000,
        "link": "https://www.sec.gov/Archives/edgar/data/63754/000110465904019243/0001104659-04-019243-index.htm",
        "finalLink": "https://www.sec.gov/Archives/edgar/data/63754/000110465904019243/a04-7647_110q.htm"
    },
    {
        "date": "2004-02-29",
        "symbol": "MKC",
        "reportedCurrency": "USD",
        "cik": "0000063754",
        "fillingDate": "2004-04-07",
        "acceptedDate": "2004-04-07 16:48:30",
        "calendarYear": "2004",
        "period": "Q1",
        "revenue": 572362000,
        "costOfRevenue": 350676000,
        "grossProfit": 221686000,
        "grossProfitRatio": 0.3873178163,
        "researchAndDevelopmentExpenses": 0,
        "generalAndAdministrativeExpenses": 0,
        "sellingAndMarketingExpenses": 0,
        "sellingGeneralAndAdministrativeExpenses": 160233000,
        "otherExpenses": 69000,
        "operatingExpenses": 160302000,
        "costAndExpenses": 510978000,
        "interestIncome": 0,
        "interestExpense": 0,
        "depreciationAndAmortization": 16238000,
        "ebitda": 77622000,
        "ebitdaratio": 0.1356169697,
        "operatingIncome": 61384000,
        "operatingIncomeRatio": 0.1072468123,
        "totalOtherIncomeExpensesNet": -9424000,
        "incomeBeforeTax": 51960000,
        "incomeBeforeTaxRatio": 0.0907817081,
        "incomeTaxExpense": 16056000,
        "netIncome": 38106000,
        "netIncomeRatio": 0.0665767469,
        "eps": 0.14,
        "epsdiluted": 0.13,
        "weightedAverageShsOut": 274714000,
        "weightedAverageShsOutDil": 283634000,
        "link": "https://www.sec.gov/Archives/edgar/data/63754/000110465904009628/0001104659-04-009628-index.htm",
        "finalLink": "https://www.sec.gov/Archives/edgar/data/63754/000110465904009628/a04-4249_110q.htm"
    },
    {
        "date": "2003-11-30",
        "symbol": "MKC",
        "reportedCurrency": "USD",
        "cik": "0000063754",
        "fillingDate": "2004-01-29",
        "acceptedDate": "2004-01-29 16:23:15",
        "calendarYear": "2003",
        "period": "Q4",
        "revenue": 698627000,
        "costOfRevenue": 396413000,
        "grossProfit": 302214000,
        "grossProfitRatio": 0.4325827659,
        "researchAndDevelopmentExpenses": 0,
        "generalAndAdministrativeExpenses": 441435000,
        "sellingAndMarketingExpenses": 0,
        "sellingGeneralAndAdministrativeExpenses": 177274000,
        "otherExpenses": 3558000,
        "operatingExpenses": 180832000,
        "costAndExpenses": 577245000,
        "interestIncome": 0,
        "interestExpense": 0,
        "depreciationAndAmortization": 18347000,
        "ebitda": 139729000,
        "ebitdaratio": 0.200005153,
        "operatingIncome": 121382000,
        "operatingIncomeRatio": 0.1737436429,
        "totalOtherIncomeExpensesNet": -3601000,
        "incomeBeforeTax": 117781000,
        "incomeBeforeTaxRatio": 0.1685892472,
        "incomeTaxExpense": 36412000,
        "netIncome": 84396000,
        "netIncomeRatio": 0.1208026601,
        "eps": 0.31,
        "epsdiluted": 0.31,
        "weightedAverageShsOut": 274714000,
        "weightedAverageShsOutDil": 274714000,
        "link": "https://www.sec.gov/Archives/edgar/data/63754/000104746904002319/0001047469-04-002319-index.htm",
        "finalLink": "https://www.sec.gov/Archives/edgar/data/63754/000104746904002319/a2127265z10-k.htm"
    },
    {
        "date": "2003-08-31",
        "symbol": "MKC",
        "reportedCurrency": "USD",
        "cik": "0000063754",
        "fillingDate": "2003-10-14",
        "acceptedDate": "2003-10-14 16:07:23",
        "calendarYear": "2003",
        "period": "Q3",
        "revenue": 557612000,
        "costOfRevenue": 345131000,
        "grossProfit": 212481000,
        "grossProfitRatio": 0.3810552858,
        "researchAndDevelopmentExpenses": 0,
        "generalAndAdministrativeExpenses": 0,
        "sellingAndMarketingExpenses": 0,
        "sellingGeneralAndAdministrativeExpenses": 148403000,
        "otherExpenses": 1349000,
        "operatingExpenses": 149752000,
        "costAndExpenses": 494883000,
        "interestIncome": 0,
        "interestExpense": 0,
        "depreciationAndAmortization": 15963000,
        "ebitda": 78692000,
        "ebitdaratio": 0.1411232183,
        "operatingIncome": 62729000,
        "operatingIncomeRatio": 0.1124957856,
        "totalOtherIncomeExpensesNet": -9324000,
        "incomeBeforeTax": 53405000,
        "incomeBeforeTaxRatio": 0.0957744812,
        "incomeTaxExpense": 17098000,
        "netIncome": 51306000,
        "netIncomeRatio": 0.092010215,
        "eps": 0.18,
        "epsdiluted": 0.18,
        "weightedAverageShsOut": 278894000,
        "weightedAverageShsOutDil": 286174000,
        "link": "https://www.sec.gov/Archives/edgar/data/63754/000110465903022728/0001104659-03-022728-index.htm",
        "finalLink": "https://www.sec.gov/Archives/edgar/data/63754/000110465903022728/a03-3846_110q.htm"
    },
    {
        "date": "2003-05-31",
        "symbol": "MKC",
        "reportedCurrency": "USD",
        "cik": "0000063754",
        "fillingDate": "2003-07-11",
        "acceptedDate": "2003-07-11 09:14:24",
        "calendarYear": "2003",
        "period": "Q2",
        "revenue": 527912000,
        "costOfRevenue": 330138000,
        "grossProfit": 197774000,
        "grossProfitRatio": 0.3746344088,
        "researchAndDevelopmentExpenses": 0,
        "generalAndAdministrativeExpenses": 0,
        "sellingAndMarketingExpenses": 0,
        "sellingGeneralAndAdministrativeExpenses": 140945000,
        "otherExpenses": 472000,
        "operatingExpenses": 141417000,
        "costAndExpenses": 471555000,
        "interestIncome": 0,
        "interestExpense": 0,
        "depreciationAndAmortization": 16086000,
        "ebitda": 72443000,
        "ebitdaratio": 0.1372255224,
        "operatingIncome": 56357000,
        "operatingIncomeRatio": 0.1067545348,
        "totalOtherIncomeExpensesNet": -3707000,
        "incomeBeforeTax": 52650000,
        "incomeBeforeTaxRatio": 0.0997325312,
        "incomeTaxExpense": 15682000,
        "netIncome": 39959000,
        "netIncomeRatio": 0.0756925397,
        "eps": 0.14,
        "epsdiluted": 0.14,
        "weightedAverageShsOut": 278404000,
        "weightedAverageShsOutDil": 284820000,
        "link": "https://www.sec.gov/Archives/edgar/data/63754/000110465903014470/0001104659-03-014470-index.htm",
        "finalLink": "https://www.sec.gov/Archives/edgar/data/63754/000110465903014470/j2921_10q.htm"
    },
    {
        "date": "2003-02-28",
        "symbol": "MKC",
        "reportedCurrency": "USD",
        "cik": "0000063754",
        "fillingDate": "2003-04-11",
        "acceptedDate": "2003-04-11 16:16:13",
        "calendarYear": "2003",
        "period": "Q1",
        "revenue": 485447000,
        "costOfRevenue": 299317000,
        "grossProfit": 186130000,
        "grossProfitRatio": 0.3834198172,
        "researchAndDevelopmentExpenses": 0,
        "generalAndAdministrativeExpenses": 0,
        "sellingAndMarketingExpenses": 0,
        "sellingGeneralAndAdministrativeExpenses": 130979000,
        "otherExpenses": 120000,
        "operatingExpenses": 131099000,
        "costAndExpenses": 430416000,
        "interestIncome": 0,
        "interestExpense": 0,
        "depreciationAndAmortization": 14904000,
        "ebitda": 69935000,
        "ebitdaratio": 0.1440631006,
        "operatingIncome": 55031000,
        "operatingIncomeRatio": 0.1133614998,
        "totalOtherIncomeExpensesNet": -8870000,
        "incomeBeforeTax": 46161000,
        "incomeBeforeTaxRatio": 0.0950896802,
        "incomeTaxExpense": 14206000,
        "netIncome": 35139000,
        "netIncomeRatio": 0.0723848329,
        "eps": 0.13,
        "epsdiluted": 0.12,
        "weightedAverageShsOut": 279764000,
        "weightedAverageShsOutDil": 284922000,
        "link": "https://www.sec.gov/Archives/edgar/data/63754/000110465903006328/0001104659-03-006328-index.htm",
        "finalLink": "https://www.sec.gov/Archives/edgar/data/63754/000110465903006328/j9382_10q.htm"
    },
    {
        "date": "2002-11-30",
        "symbol": "MKC",
        "reportedCurrency": "USD",
        "cik": "0000063754",
        "fillingDate": "2003-02-05",
        "acceptedDate": "2003-02-05 14:48:29",
        "calendarYear": "2002",
        "period": "Q4",
        "revenue": 703463000,
        "costOfRevenue": 414696000,
        "grossProfit": 288767000,
        "grossProfitRatio": 0.4104935157,
        "researchAndDevelopmentExpenses": 0,
        "generalAndAdministrativeExpenses": 398085000,
        "sellingAndMarketingExpenses": 0,
        "sellingGeneralAndAdministrativeExpenses": 172815000,
        "otherExpenses": 3056000,
        "operatingExpenses": 175871000,
        "costAndExpenses": 590567000,
        "interestIncome": 0,
        "interestExpense": 0,
        "depreciationAndAmortization": 19081000,
        "ebitda": 131977000,
        "ebitdaratio": 0.1876104358,
        "operatingIncome": 112896000,
        "operatingIncomeRatio": 0.1604860526,
        "totalOtherIncomeExpensesNet": -7717000,
        "incomeBeforeTax": 93123000,
        "incomeBeforeTaxRatio": 0.1323779644,
        "incomeTaxExpense": 31873000,
        "netIncome": 77169000,
        "netIncomeRatio": 0.1096987333,
        "eps": 0.27,
        "epsdiluted": 0.27,
        "weightedAverageShsOut": 278710760,
        "weightedAverageShsOutDil": 281112000,
        "link": "https://www.sec.gov/Archives/edgar/data/63754/000104746903004108/0001047469-03-004108-index.htm",
        "finalLink": "https://www.sec.gov/Archives/edgar/data/63754/000104746903004108/a2102222z10-k.htm"
    },
    {
        "date": "2002-08-31",
        "symbol": "MKC",
        "reportedCurrency": "USD",
        "cik": "0000063754",
        "fillingDate": "2002-10-11",
        "acceptedDate": "2002-10-11 11:39:38",
        "calendarYear": "2002",
        "period": "Q3",
        "revenue": 477319000,
        "costOfRevenue": 302653000,
        "grossProfit": 174666000,
        "grossProfitRatio": 0.3659313792,
        "researchAndDevelopmentExpenses": 0,
        "generalAndAdministrativeExpenses": 0,
        "sellingAndMarketingExpenses": 0,
        "sellingGeneralAndAdministrativeExpenses": 117920000,
        "otherExpenses": 2786000,
        "operatingExpenses": 120706000,
        "costAndExpenses": 423359000,
        "interestIncome": 0,
        "interestExpense": 0,
        "depreciationAndAmortization": 5708000,
        "ebitda": 59668000,
        "ebitdaratio": 0.125006547,
        "operatingIncome": 53960000,
        "operatingIncomeRatio": 0.1130480873,
        "totalOtherIncomeExpensesNet": -5829000,
        "incomeBeforeTax": 36075000,
        "incomeBeforeTaxRatio": 0.0755783868,
        "incomeTaxExpense": 14257000,
        "netIncome": 35177000,
        "netIncomeRatio": 0.0736970454,
        "eps": 0.13,
        "epsdiluted": 0.12,
        "weightedAverageShsOut": 279812000,
        "weightedAverageShsOutDil": 285524000,
        "link": "https://www.sec.gov/Archives/edgar/data/63754/000091205702038312/0000912057-02-038312-index.htm",
        "finalLink": "https://www.sec.gov/Archives/edgar/data/63754/000091205702038312/a2090898z10-q.htm"
    },
    {
        "date": "2002-05-31",
        "symbol": "MKC",
        "reportedCurrency": "USD",
        "cik": "0000063754",
        "fillingDate": "2002-07-10",
        "acceptedDate": "2002-07-10 14:54:47",
        "calendarYear": "2002",
        "period": "Q2",
        "revenue": 552620000,
        "costOfRevenue": 359925000,
        "grossProfit": 192695000,
        "grossProfitRatio": 0.3486934964,
        "researchAndDevelopmentExpenses": 0,
        "generalAndAdministrativeExpenses": 0,
        "sellingAndMarketingExpenses": 0,
        "sellingGeneralAndAdministrativeExpenses": 135534000,
        "otherExpenses": 1659000,
        "operatingExpenses": 137193000,
        "costAndExpenses": 497118000,
        "interestIncome": 0,
        "interestExpense": 0,
        "depreciationAndAmortization": 17373000,
        "ebitda": 72875000,
        "ebitdaratio": 0.1318718106,
        "operatingIncome": 55502000,
        "operatingIncomeRatio": 0.1004342948,
        "totalOtherIncomeExpensesNet": -8092000,
        "incomeBeforeTax": 35354000,
        "incomeBeforeTaxRatio": 0.0639752452,
        "incomeTaxExpense": 13794000,
        "netIncome": 33613000,
        "netIncomeRatio": 0.0608247982,
        "eps": 0.12,
        "epsdiluted": 0.12,
        "weightedAverageShsOut": 280108333,
        "weightedAverageShsOutDil": 280108333,
        "link": "https://www.sec.gov/Archives/edgar/data/63754/000091205702026858/0000912057-02-026858-index.htm",
        "finalLink": "https://www.sec.gov/Archives/edgar/data/63754/000091205702026858/a2084063z10-q.txt"
    },
    {
        "date": "2002-02-28",
        "symbol": "MKC",
        "reportedCurrency": "USD",
        "cik": "0000063754",
        "fillingDate": "2002-04-11",
        "acceptedDate": "2002-04-11 00:00:00",
        "calendarYear": "2002",
        "period": "Q1",
        "revenue": 518906000,
        "costOfRevenue": 333655000,
        "grossProfit": 185251000,
        "grossProfitRatio": 0.3570030025,
        "researchAndDevelopmentExpenses": 0,
        "generalAndAdministrativeExpenses": 0,
        "sellingAndMarketingExpenses": 0,
        "sellingGeneralAndAdministrativeExpenses": 132786000,
        "otherExpenses": 367000,
        "operatingExpenses": 133153000,
        "costAndExpenses": 466808000,
        "interestIncome": 0,
        "interestExpense": 0,
        "depreciationAndAmortization": 14906000,
        "ebitda": 67004000,
        "ebitdaratio": 0.1291255064,
        "operatingIncome": 52098000,
        "operatingIncomeRatio": 0.100399687,
        "totalOtherIncomeExpensesNet": -6593000,
        "incomeBeforeTax": 33449000,
        "incomeBeforeTaxRatio": 0.0644606152,
        "incomeTaxExpense": 13246000,
        "netIncome": 33841000,
        "netIncomeRatio": 0.0652160507,
        "eps": 0.12,
        "epsdiluted": 0.12,
        "weightedAverageShsOut": 278428356,
        "weightedAverageShsOutDil": 278428356,
        "link": "https://www.sec.gov/Archives/edgar/data/63754/000091205702014632/0000912057-02-014632-index.htm",
        "finalLink": "https://www.sec.gov/Archives/edgar/data/63754/000091205702014632/a2076422z10-q.txt"
    },
    {
        "date": "2001-11-30",
        "symbol": "MKC",
        "reportedCurrency": "USD",
        "cik": "0000063754",
        "fillingDate": "2002-02-19",
        "acceptedDate": "2002-02-19 00:00:00",
        "calendarYear": "2001",
        "period": "Q4",
        "revenue": 701946000,
        "costOfRevenue": 388599000,
        "grossProfit": 313347000,
        "grossProfitRatio": 0.4463975861,
        "researchAndDevelopmentExpenses": 0,
        "generalAndAdministrativeExpenses": 508005000,
        "sellingAndMarketingExpenses": 0,
        "sellingGeneralAndAdministrativeExpenses": 211895000,
        "otherExpenses": 11800000,
        "operatingExpenses": 223695000,
        "costAndExpenses": 612294000,
        "interestIncome": 0,
        "interestExpense": 0,
        "depreciationAndAmortization": 18143000,
        "ebitda": 108795000,
        "ebitdaratio": 0.1549905548,
        "operatingIncome": 89652000,
        "operatingIncomeRatio": 0.1277192263,
        "totalOtherIncomeExpensesNet": -6100000,
        "incomeBeforeTax": 62552000,
        "incomeBeforeTaxRatio": 0.0891122679,
        "incomeTaxExpense": 25680000,
        "netIncome": 59066000,
        "netIncomeRatio": 0.0841460739,
        "eps": 0.21,
        "epsdiluted": 0.21,
        "weightedAverageShsOut": 275697638,
        "weightedAverageShsOutDil": 278428356,
        "link": "https://www.sec.gov/Archives/edgar/data/63754/000091205702006688/0000912057-02-006688-index.htm",
        "finalLink": "https://www.sec.gov/Archives/edgar/data/63754/000091205702006688/a2069224z10-k.htm"
    },
    {
        "date": "2001-08-31",
        "symbol": "MKC",
        "reportedCurrency": "USD",
        "cik": "0000063754",
        "fillingDate": "2001-10-12",
        "acceptedDate": "2001-10-12 00:00:00",
        "calendarYear": "2001",
        "period": "Q3",
        "revenue": 570710000,
        "costOfRevenue": 341765000,
        "grossProfit": 228945000,
        "grossProfitRatio": 0.4011582064,
        "researchAndDevelopmentExpenses": 0,
        "generalAndAdministrativeExpenses": 0,
        "sellingAndMarketingExpenses": 0,
        "sellingGeneralAndAdministrativeExpenses": 172506000,
        "otherExpenses": 0,
        "operatingExpenses": 172506000,
        "costAndExpenses": 514271000,
        "interestIncome": 0,
        "interestExpense": 0,
        "depreciationAndAmortization": 18251000,
        "ebitda": 74690000,
        "ebitdaratio": 0.1308720716,
        "operatingIncome": 56439000,
        "operatingIncomeRatio": 0.0988926075,
        "totalOtherIncomeExpensesNet": -5729000,
        "incomeBeforeTax": 29710000,
        "incomeBeforeTaxRatio": 0.0520579629,
        "incomeTaxExpense": 14931000,
        "netIncome": 34312000,
        "netIncomeRatio": 0.0601216029,
        "eps": 0.13,
        "epsdiluted": 0.12,
        "weightedAverageShsOut": 274496000,
        "weightedAverageShsOutDil": 280097959,
        "link": "https://www.sec.gov/Archives/edgar/data/63754/000091205701535224/0000912057-01-535224-index.htm",
        "finalLink": "https://www.sec.gov/Archives/edgar/data/63754/000091205701535224/a2060832z10-q.txt"
    },
    {
        "date": "2001-05-31",
        "symbol": "MKC",
        "reportedCurrency": "USD",
        "cik": "0000063754",
        "fillingDate": "2001-07-13",
        "acceptedDate": "2001-07-13 00:00:00",
        "calendarYear": "2001",
        "period": "Q2",
        "revenue": 567140000,
        "costOfRevenue": 345627000,
        "grossProfit": 221513000,
        "grossProfitRatio": 0.3905790457,
        "researchAndDevelopmentExpenses": 0,
        "generalAndAdministrativeExpenses": 0,
        "sellingAndMarketingExpenses": 0,
        "sellingGeneralAndAdministrativeExpenses": 171943000,
        "otherExpenses": 0,
        "operatingExpenses": 171943000,
        "costAndExpenses": 517570000,
        "interestIncome": 0,
        "interestExpense": 0,
        "depreciationAndAmortization": 19321000,
        "ebitda": 68891000,
        "ebitdaratio": 0.121470889,
        "operatingIncome": 49570000,
        "operatingIncomeRatio": 0.087403463,
        "totalOtherIncomeExpensesNet": -8257000,
        "incomeBeforeTax": 20313000,
        "incomeBeforeTaxRatio": 0.0358165532,
        "incomeTaxExpense": 11821000,
        "netIncome": 26636000,
        "netIncomeRatio": 0.0469654759,
        "eps": 0.0975,
        "epsdiluted": 0.095,
        "weightedAverageShsOut": 273189744,
        "weightedAverageShsOutDil": 280378947,
        "link": "https://www.sec.gov/Archives/edgar/data/63754/000091205701523699/0000912057-01-523699-index.htm",
        "finalLink": "https://www.sec.gov/Archives/edgar/data/63754/000091205701523699/a2054046z10-q.txt"
    },
    {
        "date": "2001-02-28",
        "symbol": "MKC",
        "reportedCurrency": "USD",
        "cik": "0000063754",
        "fillingDate": "2001-04-12",
        "acceptedDate": "2001-04-12 00:00:00",
        "calendarYear": "2001",
        "period": "Q1",
        "revenue": 533504000,
        "costOfRevenue": 325009000,
        "grossProfit": 208495000,
        "grossProfitRatio": 0.390803068,
        "researchAndDevelopmentExpenses": 0,
        "generalAndAdministrativeExpenses": 0,
        "sellingAndMarketingExpenses": 0,
        "sellingGeneralAndAdministrativeExpenses": 163556000,
        "otherExpenses": 0,
        "operatingExpenses": 163556000,
        "costAndExpenses": 488565000,
        "interestIncome": 0,
        "interestExpense": 0,
        "depreciationAndAmortization": 17285000,
        "ebitda": 62224000,
        "ebitdaratio": 0.1166326775,
        "operatingIncome": 44939000,
        "operatingIncomeRatio": 0.0842336702,
        "totalOtherIncomeExpensesNet": -7714000,
        "incomeBeforeTax": 16225000,
        "incomeBeforeTaxRatio": 0.0304121431,
        "incomeTaxExpense": 10468000,
        "netIncome": 26586000,
        "netIncomeRatio": 0.0498328035,
        "eps": 0.0975,
        "epsdiluted": 0.095,
        "weightedAverageShsOut": 272676923,
        "weightedAverageShsOutDil": 279852632,
        "link": "https://www.sec.gov/Archives/edgar/data/63754/000091205701508329/0000912057-01-508329-index.htm",
        "finalLink": "https://www.sec.gov/Archives/edgar/data/63754/000091205701508329/a2045069z10-q.txt"
    },
    {
        "date": "2000-11-30",
        "symbol": "MKC",
        "reportedCurrency": "USD",
        "cik": "0000063754",
        "fillingDate": "2001-02-16",
        "acceptedDate": "2001-02-16 00:00:00",
        "calendarYear": "2000",
        "period": "Q4",
        "revenue": 679507000,
        "costOfRevenue": 363329000,
        "grossProfit": 316178000,
        "grossProfitRatio": 0.4653049932,
        "researchAndDevelopmentExpenses": 0,
        "generalAndAdministrativeExpenses": 0,
        "sellingAndMarketingExpenses": 0,
        "sellingGeneralAndAdministrativeExpenses": 204560000,
        "otherExpenses": 18547000,
        "operatingExpenses": 223107000,
        "costAndExpenses": 586436000,
        "interestIncome": 0,
        "interestExpense": 0,
        "depreciationAndAmortization": 18547000,
        "ebitda": 111618000,
        "ebitdaratio": 0.1642632085,
        "operatingIncome": 93071000,
        "operatingIncomeRatio": 0.1369684198,
        "totalOtherIncomeExpensesNet": 7854000,
        "incomeBeforeTax": 100925000,
        "incomeBeforeTaxRatio": 0.1485267996,
        "incomeTaxExpense": 29812000,
        "netIncome": 57616000,
        "netIncomeRatio": 0.0847908852,
        "eps": 0.21,
        "epsdiluted": 0.21,
        "weightedAverageShsOut": 272676923,
        "weightedAverageShsOutDil": 272676923,
        "link": "https://www.sec.gov/Archives/edgar/data/63754/000091205701006146/0000912057-01-006146-index.htm",
        "finalLink": "https://www.sec.gov/Archives/edgar/data/63754/000091205701006146/a2038009z10-k.txt"
    },
    {
        "date": "2000-08-31",
        "symbol": "MKC",
        "reportedCurrency": "USD",
        "cik": "0000063754",
        "fillingDate": "2000-10-16",
        "acceptedDate": "2000-10-16 00:00:00",
        "calendarYear": "2000",
        "period": "Q3",
        "revenue": 495866000,
        "costOfRevenue": 308635000,
        "grossProfit": 187231000,
        "grossProfitRatio": 0.3775838634,
        "researchAndDevelopmentExpenses": 0,
        "generalAndAdministrativeExpenses": 0,
        "sellingAndMarketingExpenses": 0,
        "sellingGeneralAndAdministrativeExpenses": 120403000,
        "otherExpenses": 14376000,
        "operatingExpenses": 134779000,
        "costAndExpenses": 443414000,
        "interestIncome": 0,
        "interestExpense": 0,
        "depreciationAndAmortization": 14376000,
        "ebitda": 66828000,
        "ebitdaratio": 0.1347702807,
        "operatingIncome": 52452000,
        "operatingIncomeRatio": 0.1057785773,
        "totalOtherIncomeExpensesNet": -10469000,
        "incomeBeforeTax": 41983000,
        "incomeBeforeTaxRatio": 0.0846660186,
        "incomeTaxExpense": 14950000,
        "netIncome": 31265000,
        "netIncomeRatio": 0.0630513082,
        "eps": 0.12,
        "epsdiluted": 0.11,
        "weightedAverageShsOut": 271869565,
        "weightedAverageShsOutDil": 277911111,
        "link": "https://www.sec.gov/Archives/edgar/data/63754/000091205700044901/0000912057-00-044901-index.htm",
        "finalLink": "https://www.sec.gov/Archives/edgar/data/63754/000091205700044901/a2027819z10-q.txt"
    },
    {
        "date": "2000-05-31",
        "symbol": "MKC",
        "reportedCurrency": "USD",
        "cik": "0000063754",
        "fillingDate": "2000-07-17",
        "acceptedDate": "2000-07-17 00:00:00",
        "calendarYear": "2000",
        "period": "Q2",
        "revenue": 485724000,
        "costOfRevenue": 301329000,
        "grossProfit": 184395000,
        "grossProfitRatio": 0.3796291721,
        "researchAndDevelopmentExpenses": 0,
        "generalAndAdministrativeExpenses": 0,
        "sellingAndMarketingExpenses": 0,
        "sellingGeneralAndAdministrativeExpenses": 127799000,
        "otherExpenses": 13913000,
        "operatingExpenses": 141712000,
        "costAndExpenses": 443041000,
        "interestIncome": 0,
        "interestExpense": 0,
        "depreciationAndAmortization": 13913000,
        "ebitda": 56596000,
        "ebitdaratio": 0.1165188461,
        "operatingIncome": 42683000,
        "operatingIncomeRatio": 0.0878750072,
        "totalOtherIncomeExpensesNet": -6832000,
        "incomeBeforeTax": 35851000,
        "incomeBeforeTaxRatio": 0.0738094062,
        "incomeTaxExpense": 11649000,
        "netIncome": 24202000,
        "netIncomeRatio": 0.0498266505,
        "eps": 0.0875,
        "epsdiluted": 0.0433,
        "weightedAverageShsOut": 276594286,
        "weightedAverageShsOutDil": 283431080,
        "link": "https://www.sec.gov/Archives/edgar/data/63754/000091205700032146/0000912057-00-032146-index.htm",
        "finalLink": "https://www.sec.gov/Archives/edgar/data/63754/000091205700032146/a10-q.txt"
    },
    {
        "date": "2000-02-29",
        "symbol": "MKC",
        "reportedCurrency": "USD",
        "cik": "0000063754",
        "fillingDate": "2000-04-13",
        "acceptedDate": "2000-04-13 00:00:00",
        "calendarYear": "2000",
        "period": "Q1",
        "revenue": 462403000,
        "costOfRevenue": 284107000,
        "grossProfit": 178296000,
        "grossProfitRatio": 0.3855857337,
        "researchAndDevelopmentExpenses": 0,
        "generalAndAdministrativeExpenses": 0,
        "sellingAndMarketingExpenses": 0,
        "sellingGeneralAndAdministrativeExpenses": 125938000,
        "otherExpenses": 14464000,
        "operatingExpenses": 140402000,
        "costAndExpenses": 424509000,
        "interestIncome": 0,
        "interestExpense": 0,
        "depreciationAndAmortization": 14464000,
        "ebitda": 52358000,
        "ebitdaratio": 0.1132302342,
        "operatingIncome": 37894000,
        "operatingIncomeRatio": 0.0819501604,
        "totalOtherIncomeExpensesNet": -3288000,
        "incomeBeforeTax": 34606000,
        "incomeBeforeTaxRatio": 0.0748394798,
        "incomeTaxExpense": 10189000,
        "netIncome": 24417000,
        "netIncomeRatio": 0.0528045882,
        "eps": 0.087,
        "epsdiluted": 0.0861,
        "weightedAverageShsOut": 280779902,
        "weightedAverageShsOutDil": 283431080,
        "link": "https://www.sec.gov/Archives/edgar/data/63754/000091205700017921/0000912057-00-017921-index.html",
        "finalLink": "https://www.sec.gov/Archives/edgar/data/63754/000091205700017921/"
    },
    {
        "date": "1999-11-30",
        "symbol": "MKC",
        "reportedCurrency": "USD",
        "cik": "0000063754",
        "fillingDate": "2000-02-24",
        "acceptedDate": "2000-02-24 00:00:00",
        "calendarYear": "1999",
        "period": "Q4",
        "revenue": 620400000,
        "costOfRevenue": 355100000,
        "grossProfit": 265300000,
        "grossProfitRatio": 0.4276273372,
        "researchAndDevelopmentExpenses": 0,
        "generalAndAdministrativeExpenses": 0,
        "sellingAndMarketingExpenses": 0,
        "sellingGeneralAndAdministrativeExpenses": 167300000,
        "otherExpenses": 15400000,
        "operatingExpenses": 182700000,
        "costAndExpenses": 537800000,
        "interestIncome": 0,
        "interestExpense": 0,
        "depreciationAndAmortization": 15400000,
        "ebitda": 98000000,
        "ebitdaratio": 0.1579626048,
        "operatingIncome": 82600000,
        "operatingIncomeRatio": 0.1331399097,
        "totalOtherIncomeExpensesNet": -900000,
        "incomeBeforeTax": 81700000,
        "incomeBeforeTaxRatio": 0.1316892328,
        "incomeTaxExpense": 27700000,
        "netIncome": 54000000,
        "netIncomeRatio": 0.087040619,
        "eps": 0.19,
        "epsdiluted": 0.0971,
        "weightedAverageShsOut": 284965517,
        "weightedAverageShsOutDil": 286057525,
        "link": "https://www.sec.gov/Archives/edgar/data/63754/000091205700008177/0000912057-00-008177-index.html",
        "finalLink": "https://www.sec.gov/Archives/edgar/data/63754/000091205700008177/"
    },
    {
        "date": "1999-08-31",
        "symbol": "MKC",
        "reportedCurrency": "USD",
        "cik": "0000063754",
        "fillingDate": "1999-10-14",
        "acceptedDate": "1999-10-14 00:00:00",
        "calendarYear": "1999",
        "period": "Q3",
        "revenue": 476800000,
        "costOfRevenue": 299000000,
        "grossProfit": 177800000,
        "grossProfitRatio": 0.3729026846,
        "researchAndDevelopmentExpenses": 0,
        "generalAndAdministrativeExpenses": 0,
        "sellingAndMarketingExpenses": 0,
        "sellingGeneralAndAdministrativeExpenses": 120300000,
        "otherExpenses": 13500000,
        "operatingExpenses": 133800000,
        "costAndExpenses": 432800000,
        "interestIncome": 0,
        "interestExpense": 0,
        "depreciationAndAmortization": 13500000,
        "ebitda": 57500000,
        "ebitdaratio": 0.1205956376,
        "operatingIncome": 44000000,
        "operatingIncomeRatio": 0.0922818792,
        "totalOtherIncomeExpensesNet": -5700000,
        "incomeBeforeTax": 38300000,
        "incomeBeforeTaxRatio": 0.0803271812,
        "incomeTaxExpense": 12900000,
        "netIncome": 25400000,
        "netIncomeRatio": 0.0532718121,
        "eps": 0.0897,
        "epsdiluted": 0.0897,
        "weightedAverageShsOut": 283164000,
        "weightedAverageShsOutDil": 283164000,
        "link": "https://www.sec.gov/Archives/edgar/data/63754/000006375499000018/0000063754-99-000018-index.html",
        "finalLink": "https://www.sec.gov/Archives/edgar/data/63754/000006375499000018/"
    },
    {
        "date": "1999-05-31",
        "symbol": "MKC",
        "reportedCurrency": "USD",
        "cik": "0000063754",
        "fillingDate": "1999-07-14",
        "acceptedDate": "1999-07-14 00:00:00",
        "calendarYear": "1999",
        "period": "Q2",
        "revenue": 468200000,
        "costOfRevenue": 295500000,
        "grossProfit": 172700000,
        "grossProfitRatio": 0.3688594618,
        "researchAndDevelopmentExpenses": 0,
        "generalAndAdministrativeExpenses": 0,
        "sellingAndMarketingExpenses": 0,
        "sellingGeneralAndAdministrativeExpenses": 122100000,
        "otherExpenses": 14900000,
        "operatingExpenses": 137000000,
        "costAndExpenses": 432500000,
        "interestIncome": 0,
        "interestExpense": 0,
        "depreciationAndAmortization": 14900000,
        "ebitda": 50600000,
        "ebitdaratio": 0.1080734729,
        "operatingIncome": 35700000,
        "operatingIncomeRatio": 0.076249466,
        "totalOtherIncomeExpensesNet": -19600000,
        "incomeBeforeTax": 16100000,
        "incomeBeforeTaxRatio": 0.0343870141,
        "incomeTaxExpense": 10300000,
        "netIncome": 5800000,
        "netIncomeRatio": 0.0123878684,
        "eps": 0.02,
        "epsdiluted": 0.02,
        "weightedAverageShsOut": 289672000,
        "weightedAverageShsOutDil": 289672000,
        "link": "https://www.sec.gov/Archives/edgar/data/63754/000006375499000015/0000063754-99-000015-index.html",
        "finalLink": "https://www.sec.gov/Archives/edgar/data/63754/000006375499000015/"
    },
    {
        "date": "1999-02-28",
        "symbol": "MKC",
        "reportedCurrency": "USD",
        "cik": "0000063754",
        "fillingDate": "1999-04-13",
        "acceptedDate": "1999-04-13 00:00:00",
        "calendarYear": "1999",
        "period": "Q1",
        "revenue": 441543000,
        "costOfRevenue": 282600000,
        "grossProfit": 158943000,
        "grossProfitRatio": 0.3599717355,
        "researchAndDevelopmentExpenses": 0,
        "generalAndAdministrativeExpenses": 0,
        "sellingAndMarketingExpenses": 0,
        "sellingGeneralAndAdministrativeExpenses": 112700000,
        "otherExpenses": 13600000,
        "operatingExpenses": 126300000,
        "costAndExpenses": 408900000,
        "interestIncome": 0,
        "interestExpense": 0,
        "depreciationAndAmortization": 13600000,
        "ebitda": 46243000,
        "ebitdaratio": 0.1047304566,
        "operatingIncome": 32643000,
        "operatingIncomeRatio": 0.0739293795,
        "totalOtherIncomeExpensesNet": -5243000,
        "incomeBeforeTax": 27400000,
        "incomeBeforeTaxRatio": 0.0620551113,
        "incomeTaxExpense": 9200000,
        "netIncome": 18200000,
        "netIncomeRatio": 0.0412190885,
        "eps": 0.0637,
        "epsdiluted": 0.0637,
        "weightedAverageShsOut": 285792000,
        "weightedAverageShsOutDil": 285792000,
        "link": "https://www.sec.gov/Archives/edgar/data/63754/000006375499000008/0000063754-99-000008-index.html",
        "finalLink": "https://www.sec.gov/Archives/edgar/data/63754/"
    },
    {
        "date": "1998-11-30",
        "symbol": "MKC",
        "reportedCurrency": "USD",
        "cik": "0000063754",
        "fillingDate": "1999-02-24",
        "acceptedDate": "1999-02-24 00:00:00",
        "calendarYear": "1998",
        "period": "Q4",
        "revenue": 585700000,
        "costOfRevenue": 342300000,
        "grossProfit": 243400000,
        "grossProfitRatio": 0.4155711115,
        "researchAndDevelopmentExpenses": 0,
        "generalAndAdministrativeExpenses": 0,
        "sellingAndMarketingExpenses": 0,
        "sellingGeneralAndAdministrativeExpenses": 143200000,
        "otherExpenses": 15200000,
        "operatingExpenses": 158400000,
        "costAndExpenses": 500700000,
        "interestIncome": 0,
        "interestExpense": 0,
        "depreciationAndAmortization": 15200000,
        "ebitda": 100200000,
        "ebitdaratio": 0.1710773433,
        "operatingIncome": 85000000,
        "operatingIncomeRatio": 0.1451254909,
        "totalOtherIncomeExpensesNet": -7400000,
        "incomeBeforeTax": 77600000,
        "incomeBeforeTaxRatio": 0.1324910364,
        "incomeTaxExpense": 27600000,
        "netIncome": 50000000,
        "netIncomeRatio": 0.0853679358,
        "eps": 0.17,
        "epsdiluted": 0.17,
        "weightedAverageShsOut": 285792000,
        "weightedAverageShsOutDil": 285792000,
        "link": "https://www.sec.gov/Archives/edgar/data/63754/000104746999007167/0001047469-99-007167-index.html",
        "finalLink": "https://www.sec.gov/Archives/edgar/data/63754/"
    },
    {
        "date": "1998-08-31",
        "symbol": "MKC",
        "reportedCurrency": "USD",
        "cik": "0000063754",
        "fillingDate": "1998-10-14",
        "acceptedDate": "1998-10-14 00:00:00",
        "calendarYear": "1998",
        "period": "Q3",
        "revenue": 444800000,
        "costOfRevenue": 285000000,
        "grossProfit": 159800000,
        "grossProfitRatio": 0.3592625899,
        "researchAndDevelopmentExpenses": 0,
        "generalAndAdministrativeExpenses": 0,
        "sellingAndMarketingExpenses": 0,
        "sellingGeneralAndAdministrativeExpenses": 107300000,
        "otherExpenses": 13500000,
        "operatingExpenses": 120800000,
        "costAndExpenses": 405800000,
        "interestIncome": 0,
        "interestExpense": 0,
        "depreciationAndAmortization": 13500000,
        "ebitda": 52500000,
        "ebitdaratio": 0.1180305755,
        "operatingIncome": 39000000,
        "operatingIncomeRatio": 0.0876798561,
        "totalOtherIncomeExpensesNet": -6600000,
        "incomeBeforeTax": 32400000,
        "incomeBeforeTaxRatio": 0.0728417266,
        "incomeTaxExpense": 10900000,
        "netIncome": 21500000,
        "netIncomeRatio": 0.0483363309,
        "eps": 0.0739,
        "epsdiluted": 0.0739,
        "weightedAverageShsOut": 290796000,
        "weightedAverageShsOutDil": 290796000,
        "link": "https://www.sec.gov/Archives/edgar/data/63754/000006375498000017/0000063754-98-000017-index.html",
        "finalLink": "https://www.sec.gov/Archives/edgar/data/63754/"
    },
    {
        "date": "1998-05-31",
        "symbol": "MKC",
        "reportedCurrency": "USD",
        "cik": "0000063754",
        "fillingDate": "1998-07-01",
        "acceptedDate": "1998-07-01 00:00:00",
        "calendarYear": "1998",
        "period": "Q2",
        "revenue": 435500000,
        "costOfRevenue": 281100000,
        "grossProfit": 154400000,
        "grossProfitRatio": 0.3545350172,
        "researchAndDevelopmentExpenses": 0,
        "generalAndAdministrativeExpenses": 0,
        "sellingAndMarketingExpenses": 0,
        "sellingGeneralAndAdministrativeExpenses": 110200000,
        "otherExpenses": 13100000,
        "operatingExpenses": 123300000,
        "costAndExpenses": 404400000,
        "interestIncome": 0,
        "interestExpense": 0,
        "depreciationAndAmortization": 13100000,
        "ebitda": 44200000,
        "ebitdaratio": 0.1014925373,
        "operatingIncome": 31100000,
        "operatingIncomeRatio": 0.0714121699,
        "totalOtherIncomeExpensesNet": -7000000,
        "incomeBeforeTax": 24100000,
        "incomeBeforeTaxRatio": 0.0553386912,
        "incomeTaxExpense": 8000000,
        "netIncome": 16100000,
        "netIncomeRatio": 0.0369690011,
        "eps": 0.0548,
        "epsdiluted": 0.0548,
        "weightedAverageShsOut": 293616000,
        "weightedAverageShsOutDil": 293616000,
        "link": "https://www.sec.gov/Archives/edgar/data/63754/000006375498000012/0000063754-98-000012-index.html",
        "finalLink": "https://www.sec.gov/Archives/edgar/data/63754/"
    },
    {
        "date": "1998-02-28",
        "symbol": "MKC",
        "reportedCurrency": "USD",
        "cik": "0000063754",
        "fillingDate": "1998-04-14",
        "acceptedDate": "1998-04-14 00:00:00",
        "calendarYear": "1998",
        "period": "Q1",
        "revenue": 415200000,
        "costOfRevenue": 269000000,
        "grossProfit": 146200000,
        "grossProfitRatio": 0.3521194605,
        "researchAndDevelopmentExpenses": 0,
        "generalAndAdministrativeExpenses": 0,
        "sellingAndMarketingExpenses": 0,
        "sellingGeneralAndAdministrativeExpenses": 103100000,
        "otherExpenses": 13000000,
        "operatingExpenses": 116100000,
        "costAndExpenses": 385100000,
        "interestIncome": 0,
        "interestExpense": 0,
        "depreciationAndAmortization": 13000000,
        "ebitda": 43100000,
        "ebitdaratio": 0.103805395,
        "operatingIncome": 30100000,
        "operatingIncomeRatio": 0.072495183,
        "totalOtherIncomeExpensesNet": -5600000,
        "incomeBeforeTax": 24500000,
        "incomeBeforeTaxRatio": 0.0590077071,
        "incomeTaxExpense": 8300000,
        "netIncome": 16200000,
        "netIncomeRatio": 0.039017341,
        "eps": 0.0551,
        "epsdiluted": 0.0551,
        "weightedAverageShsOut": 293868000,
        "weightedAverageShsOutDil": 293868000,
        "link": "https://www.sec.gov/Archives/edgar/data/63754/000006375498000007/0000063754-98-000007-index.html",
        "finalLink": "https://www.sec.gov/Archives/edgar/data/63754/"
    },
    {
        "date": "1997-11-30",
        "symbol": "MKC",
        "reportedCurrency": "USD",
        "cik": "0000063754",
        "fillingDate": "1998-02-24",
        "acceptedDate": "1998-02-24 00:00:00",
        "calendarYear": "1997",
        "period": "Q4",
        "revenue": 557000000,
        "costOfRevenue": 326100000,
        "grossProfit": 230900000,
        "grossProfitRatio": 0.4145421903,
        "researchAndDevelopmentExpenses": 0,
        "generalAndAdministrativeExpenses": 0,
        "sellingAndMarketingExpenses": 0,
        "sellingGeneralAndAdministrativeExpenses": 141100000,
        "otherExpenses": 11900000,
        "operatingExpenses": 153000000,
        "costAndExpenses": 479100000,
        "interestIncome": 0,
        "interestExpense": 0,
        "depreciationAndAmortization": 11900000,
        "ebitda": 89800000,
        "ebitdaratio": 0.1612208259,
        "operatingIncome": 77900000,
        "operatingIncomeRatio": 0.1398563734,
        "totalOtherIncomeExpensesNet": -3700000,
        "incomeBeforeTax": 74200000,
        "incomeBeforeTaxRatio": 0.1332136445,
        "incomeTaxExpense": 26000000,
        "netIncome": 48200000,
        "netIncomeRatio": 0.086535009,
        "eps": 0.16,
        "epsdiluted": 0.16,
        "weightedAverageShsOut": 293868000,
        "weightedAverageShsOutDil": 293868000,
        "link": "https://www.sec.gov/Archives/edgar/data/63754/000104746998007373/0001047469-98-007373-index.html",
        "finalLink": "https://www.sec.gov/Archives/edgar/data/63754/"
    },
    {
        "date": "1997-08-31",
        "symbol": "MKC",
        "reportedCurrency": "USD",
        "cik": "0000063754",
        "fillingDate": "1997-10-14",
        "acceptedDate": "1997-10-14 00:00:00",
        "calendarYear": "1997",
        "period": "Q3",
        "revenue": 422900000,
        "costOfRevenue": 271500000,
        "grossProfit": 151400000,
        "grossProfitRatio": 0.3580042563,
        "researchAndDevelopmentExpenses": 0,
        "generalAndAdministrativeExpenses": 0,
        "sellingAndMarketingExpenses": 0,
        "sellingGeneralAndAdministrativeExpenses": 106200000,
        "otherExpenses": 12800000,
        "operatingExpenses": 119000000,
        "costAndExpenses": 390500000,
        "interestIncome": 0,
        "interestExpense": 0,
        "depreciationAndAmortization": 12800000,
        "ebitda": 45200000,
        "ebitdaratio": 0.1068810594,
        "operatingIncome": 32400000,
        "operatingIncomeRatio": 0.0766138567,
        "totalOtherIncomeExpensesNet": -2300000,
        "incomeBeforeTax": 30100000,
        "incomeBeforeTaxRatio": 0.0711752187,
        "incomeTaxExpense": 10900000,
        "netIncome": 20200000,
        "netIncomeRatio": 0.0477654292,
        "eps": 0.0677,
        "epsdiluted": 0.0677,
        "weightedAverageShsOut": 298372000,
        "weightedAverageShsOutDil": 298372000,
        "link": "https://www.sec.gov/Archives/edgar/data/63754/000006375497000026/0000063754-97-000026-index.html",
        "finalLink": "https://www.sec.gov/Archives/edgar/data/63754/"
    },
    {
        "date": "1997-05-31",
        "symbol": "MKC",
        "reportedCurrency": "USD",
        "cik": "0000063754",
        "fillingDate": "1997-07-14",
        "acceptedDate": "1997-07-14 00:00:00",
        "calendarYear": "1997",
        "period": "Q2",
        "revenue": 413700000,
        "costOfRevenue": 267500000,
        "grossProfit": 146200000,
        "grossProfitRatio": 0.3533961808,
        "researchAndDevelopmentExpenses": 0,
        "generalAndAdministrativeExpenses": 0,
        "sellingAndMarketingExpenses": 0,
        "sellingGeneralAndAdministrativeExpenses": 105700000,
        "otherExpenses": 11800000,
        "operatingExpenses": 117500000,
        "costAndExpenses": 385000000,
        "interestIncome": 0,
        "interestExpense": 0,
        "depreciationAndAmortization": 11800000,
        "ebitda": 40500000,
        "ebitdaratio": 0.0978970268,
        "operatingIncome": 28700000,
        "operatingIncomeRatio": 0.0693739425,
        "totalOtherIncomeExpensesNet": -6000000,
        "incomeBeforeTax": 22700000,
        "incomeBeforeTaxRatio": 0.0548706792,
        "incomeTaxExpense": 7900000,
        "netIncome": 14800000,
        "netIncomeRatio": 0.035774716,
        "eps": 0.0492,
        "epsdiluted": 0.0492,
        "weightedAverageShsOut": 300860000,
        "weightedAverageShsOutDil": 300860000,
        "link": "https://www.sec.gov/Archives/edgar/data/63754/000006375497000024/0000063754-97-000024-index.html",
        "finalLink": "https://www.sec.gov/Archives/edgar/data/63754/"
    },
    {
        "date": "1997-02-28",
        "symbol": "MKC",
        "reportedCurrency": "USD",
        "cik": "0000063754",
        "fillingDate": "1997-04-11",
        "acceptedDate": "1997-04-11 00:00:00",
        "calendarYear": "1997",
        "period": "Q1",
        "revenue": 407400000,
        "costOfRevenue": 257900000,
        "grossProfit": 149500000,
        "grossProfitRatio": 0.3669612175,
        "researchAndDevelopmentExpenses": 0,
        "generalAndAdministrativeExpenses": 0,
        "sellingAndMarketingExpenses": 0,
        "sellingGeneralAndAdministrativeExpenses": 108000000,
        "otherExpenses": 12800000,
        "operatingExpenses": 120800000,
        "costAndExpenses": 378700000,
        "interestIncome": 0,
        "interestExpense": 0,
        "depreciationAndAmortization": 12800000,
        "ebitda": 41500000,
        "ebitdaratio": 0.1018654885,
        "operatingIncome": 28700000,
        "operatingIncomeRatio": 0.0704467354,
        "totalOtherIncomeExpensesNet": -5600000,
        "incomeBeforeTax": 23100000,
        "incomeBeforeTaxRatio": 0.0567010309,
        "incomeTaxExpense": 7900000,
        "netIncome": 15200000,
        "netIncomeRatio": 0.0373097693,
        "eps": 0.05,
        "epsdiluted": 0.05,
        "weightedAverageShsOut": 303924000,
        "weightedAverageShsOutDil": 303924000,
        "link": "https://www.sec.gov/Archives/edgar/data/63754/000006375497000015/0000063754-97-000015-index.html",
        "finalLink": "https://www.sec.gov/Archives/edgar/data/63754/"
    },
    {
        "date": "1996-11-30",
        "symbol": "MKC",
        "reportedCurrency": "USD",
        "cik": "0000063754",
        "fillingDate": "1997-02-25",
        "acceptedDate": "1997-02-25 00:00:00",
        "calendarYear": "1996",
        "period": "Q4",
        "revenue": 537400000,
        "costOfRevenue": 307300000,
        "grossProfit": 230100000,
        "grossProfitRatio": 0.4281726833,
        "researchAndDevelopmentExpenses": 0,
        "generalAndAdministrativeExpenses": 0,
        "sellingAndMarketingExpenses": 0,
        "sellingGeneralAndAdministrativeExpenses": 140500000,
        "otherExpenses": 15700000,
        "operatingExpenses": 156200000,
        "costAndExpenses": 463500000,
        "interestIncome": 0,
        "interestExpense": 0,
        "depreciationAndAmortization": 15700000,
        "ebitda": 89600000,
        "ebitdaratio": 0.1667286937,
        "operatingIncome": 73900000,
        "operatingIncomeRatio": 0.1375139561,
        "totalOtherIncomeExpensesNet": -4300000,
        "incomeBeforeTax": 69600000,
        "incomeBeforeTaxRatio": 0.1295124674,
        "incomeTaxExpense": 23700000,
        "netIncome": 45900000,
        "netIncomeRatio": 0.0854112393,
        "eps": 0.15,
        "epsdiluted": 0.15,
        "weightedAverageShsOut": 303924000,
        "weightedAverageShsOutDil": 303924000,
        "link": "https://www.sec.gov/Archives/edgar/data/63754/000006375497000007/0000063754-97-000007-index.html",
        "finalLink": "https://www.sec.gov/Archives/edgar/data/63754/"
    },
    {
        "date": "1996-08-31",
        "symbol": "MKC",
        "reportedCurrency": "USD",
        "cik": "0000063754",
        "fillingDate": "1996-10-15",
        "acceptedDate": "1996-10-15 00:00:00",
        "calendarYear": "1996",
        "period": "Q3",
        "revenue": 405500000,
        "costOfRevenue": 254000000,
        "grossProfit": 151500000,
        "grossProfitRatio": 0.3736128237,
        "researchAndDevelopmentExpenses": 0,
        "generalAndAdministrativeExpenses": 0,
        "sellingAndMarketingExpenses": 0,
        "sellingGeneralAndAdministrativeExpenses": 103200000,
        "otherExpenses": 15100000,
        "operatingExpenses": 118300000,
        "costAndExpenses": 372300000,
        "interestIncome": 0,
        "interestExpense": 0,
        "depreciationAndAmortization": 15100000,
        "ebitda": 48300000,
        "ebitdaratio": 0.1191122072,
        "operatingIncome": 33200000,
        "operatingIncomeRatio": 0.0818742293,
        "totalOtherIncomeExpensesNet": -64700000,
        "incomeBeforeTax": -31500000,
        "incomeBeforeTaxRatio": -0.0776818742,
        "incomeTaxExpense": -9900000,
        "netIncome": -24300000,
        "netIncomeRatio": -0.0599260173,
        "eps": -0.0764,
        "epsdiluted": -0.0764,
        "weightedAverageShsOut": 317916000,
        "weightedAverageShsOutDil": 317916000,
        "link": "https://www.sec.gov/Archives/edgar/data/63754/000006375496000032/0000063754-96-000032-index.html",
        "finalLink": "https://www.sec.gov/Archives/edgar/data/63754/"
    },
    {
        "date": "1996-05-31",
        "symbol": "MKC",
        "reportedCurrency": "USD",
        "cik": "0000063754",
        "fillingDate": "1996-07-12",
        "acceptedDate": "1996-07-12 00:00:00",
        "calendarYear": "1996",
        "period": "Q2",
        "revenue": 393800000,
        "costOfRevenue": 256400000,
        "grossProfit": 137400000,
        "grossProfitRatio": 0.3489080752,
        "researchAndDevelopmentExpenses": 0,
        "generalAndAdministrativeExpenses": 0,
        "sellingAndMarketingExpenses": 0,
        "sellingGeneralAndAdministrativeExpenses": 98600000,
        "otherExpenses": 16900000,
        "operatingExpenses": 115500000,
        "costAndExpenses": 371900000,
        "interestIncome": 0,
        "interestExpense": 0,
        "depreciationAndAmortization": 16900000,
        "ebitda": 38800000,
        "ebitdaratio": 0.0985271712,
        "operatingIncome": 21900000,
        "operatingIncomeRatio": 0.0556119858,
        "totalOtherIncomeExpensesNet": -7800000,
        "incomeBeforeTax": 14100000,
        "incomeBeforeTaxRatio": 0.0358049771,
        "incomeTaxExpense": 4700000,
        "netIncome": 11000000,
        "netIncomeRatio": 0.0279329609,
        "eps": 0.0338,
        "epsdiluted": 0.0338,
        "weightedAverageShsOut": 325260000,
        "weightedAverageShsOutDil": 325260000,
        "link": "https://www.sec.gov/Archives/edgar/data/63754/000006375496000026/0000063754-96-000026-index.html",
        "finalLink": "https://www.sec.gov/Archives/edgar/data/63754/"
    },
    {
        "date": "1996-02-29",
        "symbol": "MKC",
        "reportedCurrency": "USD",
        "cik": "0000063754",
        "fillingDate": "1996-04-12",
        "acceptedDate": "1996-04-12 00:00:00",
        "calendarYear": "1996",
        "period": "Q1",
        "revenue": 431800000,
        "costOfRevenue": 272700000,
        "grossProfit": 159100000,
        "grossProfitRatio": 0.3684576193,
        "researchAndDevelopmentExpenses": 0,
        "generalAndAdministrativeExpenses": 0,
        "sellingAndMarketingExpenses": 0,
        "sellingGeneralAndAdministrativeExpenses": 117900000,
        "otherExpenses": 16100000,
        "operatingExpenses": 134000000,
        "costAndExpenses": 406700000,
        "interestIncome": 0,
        "interestExpense": 0,
        "depreciationAndAmortization": 16100000,
        "ebitda": 41200000,
        "ebitdaratio": 0.0954145438,
        "operatingIncome": 25100000,
        "operatingIncomeRatio": 0.0581287633,
        "totalOtherIncomeExpensesNet": -10700000,
        "incomeBeforeTax": 14400000,
        "incomeBeforeTaxRatio": 0.0333487726,
        "incomeTaxExpense": 5000000,
        "netIncome": 9400000,
        "netIncomeRatio": 0.0217693377,
        "eps": 0.0289,
        "epsdiluted": 0.0289,
        "weightedAverageShsOut": 325260000,
        "weightedAverageShsOutDil": 325260000,
        "link": "https://www.sec.gov/Archives/edgar/data/63754/000006375496000017/0000063754-96-000017-index.html",
        "finalLink": "https://www.sec.gov/Archives/edgar/data/63754/"
    },
    {
        "date": "1995-11-30",
        "symbol": "MKC",
        "reportedCurrency": "USD",
        "cik": "0000063754",
        "fillingDate": "1996-02-23",
        "acceptedDate": "1996-02-23 00:00:00",
        "calendarYear": "1995",
        "period": "Q4",
        "revenue": 556300000,
        "costOfRevenue": 327900000,
        "grossProfit": 228400000,
        "grossProfitRatio": 0.4105698364,
        "researchAndDevelopmentExpenses": 0,
        "generalAndAdministrativeExpenses": 0,
        "sellingAndMarketingExpenses": 0,
        "sellingGeneralAndAdministrativeExpenses": 136700000,
        "otherExpenses": 18000000,
        "operatingExpenses": 154700000,
        "costAndExpenses": 482600000,
        "interestIncome": 0,
        "interestExpense": 0,
        "depreciationAndAmortization": 18000000,
        "ebitda": 91700000,
        "ebitdaratio": 0.1648391156,
        "operatingIncome": 73700000,
        "operatingIncomeRatio": 0.1324824735,
        "totalOtherIncomeExpensesNet": -10700000,
        "incomeBeforeTax": 63000000,
        "incomeBeforeTaxRatio": 0.1132482473,
        "incomeTaxExpense": 22800000,
        "netIncome": 42300000,
        "netIncomeRatio": 0.0760381089,
        "eps": 0.13,
        "epsdiluted": 0.13,
        "weightedAverageShsOut": 324872000,
        "weightedAverageShsOutDil": 325260000,
        "link": "https://www.sec.gov/Archives/edgar/data/63754/000006375496000009/0000063754-96-000009-index.html",
        "finalLink": "https://www.sec.gov/Archives/edgar/data/63754/"
    },
    {
        "date": "1995-08-31",
        "symbol": "MKC",
        "reportedCurrency": "USD",
        "cik": "0000063754",
        "fillingDate": "1995-10-16",
        "acceptedDate": "1995-10-16 00:00:00",
        "calendarYear": "1995",
        "period": "Q3",
        "revenue": 432000000,
        "costOfRevenue": 274400000,
        "grossProfit": 157600000,
        "grossProfitRatio": 0.3648148148,
        "researchAndDevelopmentExpenses": 0,
        "generalAndAdministrativeExpenses": 0,
        "sellingAndMarketingExpenses": 0,
        "sellingGeneralAndAdministrativeExpenses": 99900000,
        "otherExpenses": 14000000,
        "operatingExpenses": 113900000,
        "costAndExpenses": 388300000,
        "interestIncome": 0,
        "interestExpense": 0,
        "depreciationAndAmortization": 14000000,
        "ebitda": 57700000,
        "ebitdaratio": 0.1335648148,
        "operatingIncome": 43700000,
        "operatingIncomeRatio": 0.1011574074,
        "totalOtherIncomeExpensesNet": -13700000,
        "incomeBeforeTax": 30000000,
        "incomeBeforeTaxRatio": 0.0694444444,
        "incomeTaxExpense": 10100000,
        "netIncome": 19900000,
        "netIncomeRatio": 0.0460648148,
        "eps": 0.0613,
        "epsdiluted": 0.0613,
        "weightedAverageShsOut": 324700000,
        "weightedAverageShsOutDil": 324700000,
        "link": "https://www.sec.gov/Archives/edgar/data/63754/000006375495000043/0000063754-95-000043-index.html",
        "finalLink": "https://www.sec.gov/Archives/edgar/data/63754/"
    },
    {
        "date": "1995-05-31",
        "symbol": "MKC",
        "reportedCurrency": "USD",
        "cik": "0000063754",
        "fillingDate": "1995-07-14",
        "acceptedDate": "1995-07-14 00:00:00",
        "calendarYear": "1995",
        "period": "Q2",
        "revenue": 445000000,
        "costOfRevenue": 278100000,
        "grossProfit": 166900000,
        "grossProfitRatio": 0.3750561798,
        "researchAndDevelopmentExpenses": 0,
        "generalAndAdministrativeExpenses": 0,
        "sellingAndMarketingExpenses": 0,
        "sellingGeneralAndAdministrativeExpenses": 111600000,
        "otherExpenses": 15600000,
        "operatingExpenses": 127200000,
        "costAndExpenses": 405300000,
        "interestIncome": 0,
        "interestExpense": 0,
        "depreciationAndAmortization": 15600000,
        "ebitda": 55300000,
        "ebitdaratio": 0.1242696629,
        "operatingIncome": 39700000,
        "operatingIncomeRatio": 0.0892134831,
        "totalOtherIncomeExpensesNet": -14900000,
        "incomeBeforeTax": 24800000,
        "incomeBeforeTaxRatio": 0.0557303371,
        "incomeTaxExpense": 8800000,
        "netIncome": 16000000,
        "netIncomeRatio": 0.0359550562,
        "eps": 0.0493,
        "epsdiluted": 0.0493,
        "weightedAverageShsOut": 324644000,
        "weightedAverageShsOutDil": 324644000,
        "link": "https://www.sec.gov/Archives/edgar/data/63754/000006375495000039/0000063754-95-000039-index.html",
        "finalLink": "https://www.sec.gov/Archives/edgar/data/63754/"
    },
    {
        "date": "1995-02-28",
        "symbol": "MKC",
        "reportedCurrency": "USD",
        "cik": "0000063754",
        "fillingDate": "1995-04-14",
        "acceptedDate": "1995-04-14 00:00:00",
        "calendarYear": "1995",
        "period": "Q1",
        "revenue": 425400000,
        "costOfRevenue": 267500000,
        "grossProfit": 157900000,
        "grossProfitRatio": 0.3711800658,
        "researchAndDevelopmentExpenses": 0,
        "generalAndAdministrativeExpenses": 0,
        "sellingAndMarketingExpenses": 0,
        "sellingGeneralAndAdministrativeExpenses": 97900000,
        "otherExpenses": 16100000,
        "operatingExpenses": 114000000,
        "costAndExpenses": 381500000,
        "interestIncome": 0,
        "interestExpense": 0,
        "depreciationAndAmortization": 16100000,
        "ebitda": 60000000,
        "ebitdaratio": 0.1410437236,
        "operatingIncome": 43900000,
        "operatingIncomeRatio": 0.1031969911,
        "totalOtherIncomeExpensesNet": -12600000,
        "incomeBeforeTax": 31300000,
        "incomeBeforeTaxRatio": 0.0735778091,
        "incomeTaxExpense": 12000000,
        "netIncome": 19300000,
        "netIncomeRatio": 0.0453690644,
        "eps": 0.0594,
        "epsdiluted": 0.0594,
        "weightedAverageShsOut": 324764000,
        "weightedAverageShsOutDil": 324764000,
        "link": "https://www.sec.gov/Archives/edgar/data/63754/000006375495000021/0000063754-95-000021-index.html",
        "finalLink": "https://www.sec.gov/Archives/edgar/data/63754/"
    },
    {
        "date": "1994-11-30",
        "symbol": "MKC",
        "reportedCurrency": "USD",
        "cik": "0000063754",
        "fillingDate": "1995-02-21",
        "acceptedDate": "1995-02-21 00:00:00",
        "calendarYear": "1994",
        "period": "Q4",
        "revenue": 508600000,
        "costOfRevenue": 294900000,
        "grossProfit": 213700000,
        "grossProfitRatio": 0.420173024,
        "researchAndDevelopmentExpenses": 0,
        "generalAndAdministrativeExpenses": 0,
        "sellingAndMarketingExpenses": 0,
        "sellingGeneralAndAdministrativeExpenses": 121300000,
        "otherExpenses": 18000000,
        "operatingExpenses": 139300000,
        "costAndExpenses": 434200000,
        "interestIncome": 0,
        "interestExpense": 0,
        "depreciationAndAmortization": 18000000,
        "ebitda": 92400000,
        "ebitdaratio": 0.1816751868,
        "operatingIncome": 74400000,
        "operatingIncomeRatio": 0.1462839166,
        "totalOtherIncomeExpensesNet": -87800000,
        "incomeBeforeTax": -13400000,
        "incomeBeforeTaxRatio": -0.0263468344,
        "incomeTaxExpense": -2700000,
        "netIncome": -2800000,
        "netIncomeRatio": -0.0055053087,
        "eps": -0.0086,
        "epsdiluted": -0.0086,
        "weightedAverageShsOut": 324764000,
        "weightedAverageShsOutDil": 324764000,
        "link": "https://www.sec.gov/Archives/edgar/data/63754/000006375495000006/0000063754-95-000006-index.html",
        "finalLink": "https://www.sec.gov/Archives/edgar/data/63754/"
    },
    {
        "date": "1994-08-31",
        "symbol": "MKC",
        "reportedCurrency": "USD",
        "cik": "0000063754",
        "fillingDate": "1994-10-13",
        "acceptedDate": "1994-10-13 00:00:00",
        "calendarYear": "1994",
        "period": "Q3",
        "revenue": 422200000,
        "costOfRevenue": 247200000,
        "grossProfit": 175000000,
        "grossProfitRatio": 0.4144954998,
        "researchAndDevelopmentExpenses": 0,
        "generalAndAdministrativeExpenses": 0,
        "sellingAndMarketingExpenses": 0,
        "sellingGeneralAndAdministrativeExpenses": 107600000,
        "otherExpenses": 16900000,
        "operatingExpenses": 124500000,
        "costAndExpenses": 371700000,
        "interestIncome": 0,
        "interestExpense": 0,
        "depreciationAndAmortization": 16900000,
        "ebitda": 67400000,
        "ebitdaratio": 0.1596399811,
        "operatingIncome": 50500000,
        "operatingIncomeRatio": 0.1196115585,
        "totalOtherIncomeExpensesNet": -9100000,
        "incomeBeforeTax": 41400000,
        "incomeBeforeTaxRatio": 0.0980577925,
        "incomeTaxExpense": 15000000,
        "netIncome": 26400000,
        "netIncomeRatio": 0.0625296068,
        "eps": 0.0812,
        "epsdiluted": 0.0812,
        "weightedAverageShsOut": 325168000,
        "weightedAverageShsOutDil": 325168000,
        "link": "https://www.sec.gov/Archives/edgar/data/63754/000006375494000026/0000063754-94-000026-index.html",
        "finalLink": "https://www.sec.gov/Archives/edgar/data/63754/"
    },
    {
        "date": "1994-05-31",
        "symbol": "MKC",
        "reportedCurrency": "USD",
        "cik": "0000063754",
        "fillingDate": "1994-07-14",
        "acceptedDate": "1994-07-14 00:00:00",
        "calendarYear": "1994",
        "period": "Q2",
        "revenue": 396300000,
        "costOfRevenue": 240200000,
        "grossProfit": 156100000,
        "grossProfitRatio": 0.393893515,
        "researchAndDevelopmentExpenses": 0,
        "generalAndAdministrativeExpenses": 0,
        "sellingAndMarketingExpenses": 0,
        "sellingGeneralAndAdministrativeExpenses": 104000000,
        "otherExpenses": 14500000,
        "operatingExpenses": 118500000,
        "costAndExpenses": 358700000,
        "interestIncome": 0,
        "interestExpense": 0,
        "depreciationAndAmortization": 14500000,
        "ebitda": 52100000,
        "ebitdaratio": 0.1314660611,
        "operatingIncome": 37600000,
        "operatingIncomeRatio": 0.094877618,
        "totalOtherIncomeExpensesNet": -7800000,
        "incomeBeforeTax": 29800000,
        "incomeBeforeTaxRatio": 0.0751955589,
        "incomeTaxExpense": 10700000,
        "netIncome": 19100000,
        "netIncomeRatio": 0.0481958113,
        "eps": 0.0587,
        "epsdiluted": 0.0587,
        "weightedAverageShsOut": 325412000,
        "weightedAverageShsOutDil": 325412000,
        "link": "https://www.sec.gov/Archives/edgar/data/63754/000006375494000016/0000063754-94-000016-index.html",
        "finalLink": "https://www.sec.gov/Archives/edgar/data/63754/"
    },
    {
        "date": "1994-02-28",
        "symbol": "MKC",
        "reportedCurrency": "USD",
        "cik": "0000063754",
        "fillingDate": "1994-04-08",
        "acceptedDate": "1994-04-08 00:00:00",
        "calendarYear": "1994",
        "period": "Q1",
        "revenue": 367700000,
        "costOfRevenue": 221900000,
        "grossProfit": 145800000,
        "grossProfitRatio": 0.3965189013,
        "researchAndDevelopmentExpenses": 0,
        "generalAndAdministrativeExpenses": 0,
        "sellingAndMarketingExpenses": 0,
        "sellingGeneralAndAdministrativeExpenses": 96500000,
        "otherExpenses": 13100000,
        "operatingExpenses": 109600000,
        "costAndExpenses": 331500000,
        "interestIncome": 0,
        "interestExpense": 0,
        "depreciationAndAmortization": 13100000,
        "ebitda": 49300000,
        "ebitdaratio": 0.134076693,
        "operatingIncome": 36200000,
        "operatingIncomeRatio": 0.0984498232,
        "totalOtherIncomeExpensesNet": -7100000,
        "incomeBeforeTax": 29100000,
        "incomeBeforeTaxRatio": 0.0791406038,
        "incomeTaxExpense": 10800000,
        "netIncome": 18300000,
        "netIncomeRatio": 0.0497688333,
        "eps": 0.0562,
        "epsdiluted": 0.0562,
        "weightedAverageShsOut": 325484000,
        "weightedAverageShsOutDil": 325484000,
        "link": "https://www.sec.gov/Archives/edgar/data/63754/000006375494000010/0000063754-94-000010-index.html",
        "finalLink": "https://www.sec.gov/Archives/edgar/data/63754/"
    },
    {
        "date": "1993-11-30",
        "symbol": "MKC",
        "reportedCurrency": "USD",
        "cik": "0000063754",
        "fillingDate": "1994-02-22",
        "acceptedDate": "1994-02-22 00:00:00",
        "calendarYear": "1993",
        "period": "Q4",
        "revenue": 460800000,
        "costOfRevenue": 254900000,
        "grossProfit": 205900000,
        "grossProfitRatio": 0.4468315972,
        "researchAndDevelopmentExpenses": 0,
        "generalAndAdministrativeExpenses": 0,
        "sellingAndMarketingExpenses": 0,
        "sellingGeneralAndAdministrativeExpenses": 125000000,
        "otherExpenses": 13200000,
        "operatingExpenses": 138200000,
        "costAndExpenses": 393100000,
        "interestIncome": 0,
        "interestExpense": 0,
        "depreciationAndAmortization": 13200000,
        "ebitda": 80900000,
        "ebitdaratio": 0.1755642361,
        "operatingIncome": 67700000,
        "operatingIncomeRatio": 0.1469184028,
        "totalOtherIncomeExpensesNet": -4700000,
        "incomeBeforeTax": 63000000,
        "incomeBeforeTaxRatio": 0.13671875,
        "incomeTaxExpense": 24100000,
        "netIncome": 12300000,
        "netIncomeRatio": 0.0266927083,
        "eps": 0.038,
        "epsdiluted": 0.038,
        "weightedAverageShsOut": 323984000,
        "weightedAverageShsOutDil": 323984000,
        "link": "https://www.sec.gov/Archives/edgar/data/63754/000006375494000009/0000063754-94-000009-index.html",
        "finalLink": "https://www.sec.gov/Archives/edgar/data/63754/"
    },
    {
        "date": "1993-08-31",
        "symbol": "MKC",
        "reportedCurrency": "USD",
        "cik": "0000063754",
        "fillingDate": "1993-08-31",
        "acceptedDate": "1993-08-31 00:00:00",
        "calendarYear": "1993",
        "period": "Q3",
        "revenue": 394900000,
        "costOfRevenue": 226900000,
        "grossProfit": 168000000,
        "grossProfitRatio": 0.425424158,
        "researchAndDevelopmentExpenses": 0,
        "generalAndAdministrativeExpenses": 0,
        "sellingAndMarketingExpenses": 0,
        "sellingGeneralAndAdministrativeExpenses": 106500000,
        "otherExpenses": 12800000,
        "operatingExpenses": 119300000,
        "costAndExpenses": 346200000,
        "interestIncome": 0,
        "interestExpense": 0,
        "depreciationAndAmortization": 12300000,
        "ebitda": 61500000,
        "ebitdaratio": 0.1557356293,
        "operatingIncome": 48700000,
        "operatingIncomeRatio": 0.1233223601,
        "totalOtherIncomeExpensesNet": -6400000,
        "incomeBeforeTax": 42300000,
        "incomeBeforeTaxRatio": 0.1071157255,
        "incomeTaxExpense": 17400000,
        "netIncome": 24900000,
        "netIncomeRatio": 0.0630539377,
        "eps": 0.0769,
        "epsdiluted": 0.0769,
        "weightedAverageShsOut": 323984000,
        "weightedAverageShsOutDil": 323984000,
        "link": null,
        "finalLink": null
    },
    {
        "date": "1993-05-31",
        "symbol": "MKC",
        "reportedCurrency": "USD",
        "cik": "0000063754",
        "fillingDate": "1993-05-31",
        "acceptedDate": "1993-05-31 00:00:00",
        "calendarYear": "1993",
        "period": "Q2",
        "revenue": 361300000,
        "costOfRevenue": 216400000,
        "grossProfit": 144900000,
        "grossProfitRatio": 0.4010517575,
        "researchAndDevelopmentExpenses": 0,
        "generalAndAdministrativeExpenses": 0,
        "sellingAndMarketingExpenses": 0,
        "sellingGeneralAndAdministrativeExpenses": 99400000,
        "otherExpenses": 12500000,
        "operatingExpenses": 111900000,
        "costAndExpenses": 328300000,
        "interestIncome": 0,
        "interestExpense": 0,
        "depreciationAndAmortization": 13000000,
        "ebitda": 46000000,
        "ebitdaratio": 0.1273180183,
        "operatingIncome": 33000000,
        "operatingIncomeRatio": 0.0913368392,
        "totalOtherIncomeExpensesNet": -8100000,
        "incomeBeforeTax": 24900000,
        "incomeBeforeTaxRatio": 0.0689177968,
        "incomeTaxExpense": 9600000,
        "netIncome": 18100000,
        "netIncomeRatio": 0.0500968724,
        "eps": 0.0559,
        "epsdiluted": 0.0559,
        "weightedAverageShsOut": 323680000,
        "weightedAverageShsOutDil": 323680000,
        "link": null,
        "finalLink": null
    },
    {
        "date": "1993-02-28",
        "symbol": "MKC",
        "reportedCurrency": "USD",
        "cik": "0000063754",
        "fillingDate": "1993-02-28",
        "acceptedDate": "1993-02-28 00:00:00",
        "calendarYear": "1993",
        "period": "Q1",
        "revenue": 339600000,
        "costOfRevenue": 204700000,
        "grossProfit": 134900000,
        "grossProfitRatio": 0.3972320377,
        "researchAndDevelopmentExpenses": 0,
        "generalAndAdministrativeExpenses": 0,
        "sellingAndMarketingExpenses": 0,
        "sellingGeneralAndAdministrativeExpenses": 91800000,
        "otherExpenses": 12000000,
        "operatingExpenses": 103800000,
        "costAndExpenses": 308500000,
        "interestIncome": 0,
        "interestExpense": 0,
        "depreciationAndAmortization": 12000000,
        "ebitda": 43100000,
        "ebitdaratio": 0.1269140165,
        "operatingIncome": 31100000,
        "operatingIncomeRatio": 0.0915783274,
        "totalOtherIncomeExpensesNet": -6700000,
        "incomeBeforeTax": 24400000,
        "incomeBeforeTaxRatio": 0.0718492344,
        "incomeTaxExpense": 9400000,
        "netIncome": 17800000,
        "netIncomeRatio": 0.0524146054,
        "eps": 0.0551,
        "epsdiluted": 0.0551,
        "weightedAverageShsOut": 322952000,
        "weightedAverageShsOutDil": 322952000,
        "link": null,
        "finalLink": null
    },
    {
        "date": "1992-11-30",
        "symbol": "MKC",
        "reportedCurrency": "USD",
        "cik": "0000063754",
        "fillingDate": "1992-11-30",
        "acceptedDate": "1992-11-30 00:00:00",
        "calendarYear": "1992",
        "period": "Q4",
        "revenue": 452200000,
        "costOfRevenue": 249200000,
        "grossProfit": 203000000,
        "grossProfitRatio": 0.4489164087,
        "researchAndDevelopmentExpenses": 0,
        "generalAndAdministrativeExpenses": 0,
        "sellingAndMarketingExpenses": 0,
        "sellingGeneralAndAdministrativeExpenses": 129400000,
        "otherExpenses": 12200000,
        "operatingExpenses": 141600000,
        "costAndExpenses": 390800000,
        "interestIncome": 0,
        "interestExpense": 0,
        "depreciationAndAmortization": 12200000,
        "ebitda": 73600000,
        "ebitdaratio": 0.1627598408,
        "operatingIncome": 61400000,
        "operatingIncomeRatio": 0.135780628,
        "totalOtherIncomeExpensesNet": -8800000,
        "incomeBeforeTax": 52600000,
        "incomeBeforeTaxRatio": 0.1163202123,
        "incomeTaxExpense": 20100000,
        "netIncome": 35000000,
        "netIncomeRatio": 0.0773993808,
        "eps": 0.11,
        "epsdiluted": 0.11,
        "weightedAverageShsOut": 320820000,
        "weightedAverageShsOutDil": 320820000,
        "link": null,
        "finalLink": null
    },
    {
        "date": "1992-08-31",
        "symbol": "MKC",
        "reportedCurrency": "USD",
        "cik": "0000063754",
        "fillingDate": "1992-08-31",
        "acceptedDate": "1992-08-31 00:00:00",
        "calendarYear": "1992",
        "period": "Q3",
        "revenue": 360300000,
        "costOfRevenue": 208400000,
        "grossProfit": 151900000,
        "grossProfitRatio": 0.4215931168,
        "researchAndDevelopmentExpenses": 0,
        "generalAndAdministrativeExpenses": 0,
        "sellingAndMarketingExpenses": 0,
        "sellingGeneralAndAdministrativeExpenses": 98700000,
        "otherExpenses": 10500000,
        "operatingExpenses": 109200000,
        "costAndExpenses": 317600000,
        "interestIncome": 0,
        "interestExpense": 0,
        "depreciationAndAmortization": 10700000,
        "ebitda": 53400000,
        "ebitdaratio": 0.1482098251,
        "operatingIncome": 42700000,
        "operatingIncomeRatio": 0.1185123508,
        "totalOtherIncomeExpensesNet": -7600000,
        "incomeBeforeTax": 35100000,
        "incomeBeforeTaxRatio": 0.0974188177,
        "incomeTaxExpense": 13500000,
        "netIncome": 24000000,
        "netIncomeRatio": 0.0666111574,
        "eps": 0.0748,
        "epsdiluted": 0.0748,
        "weightedAverageShsOut": 320820000,
        "weightedAverageShsOutDil": 320820000,
        "link": null,
        "finalLink": null
    },
    {
        "date": "1992-05-31",
        "symbol": "MKC",
        "reportedCurrency": "USD",
        "cik": "0000063754",
        "fillingDate": "1992-05-31",
        "acceptedDate": "1992-05-31 00:00:00",
        "calendarYear": "1992",
        "period": "Q2",
        "revenue": 336600000,
        "costOfRevenue": 198000000,
        "grossProfit": 138600000,
        "grossProfitRatio": 0.4117647059,
        "researchAndDevelopmentExpenses": 0,
        "generalAndAdministrativeExpenses": 0,
        "sellingAndMarketingExpenses": 0,
        "sellingGeneralAndAdministrativeExpenses": 95800000,
        "otherExpenses": 10500000,
        "operatingExpenses": 106300000,
        "costAndExpenses": 304300000,
        "interestIncome": 0,
        "interestExpense": 0,
        "depreciationAndAmortization": 10800000,
        "ebitda": 43100000,
        "ebitdaratio": 0.1280451575,
        "operatingIncome": 32300000,
        "operatingIncomeRatio": 0.095959596,
        "totalOtherIncomeExpensesNet": -5500000,
        "incomeBeforeTax": 26800000,
        "incomeBeforeTaxRatio": 0.0796197267,
        "incomeTaxExpense": 10300000,
        "netIncome": 18900000,
        "netIncomeRatio": 0.0561497326,
        "eps": 0.059,
        "epsdiluted": 0.059,
        "weightedAverageShsOut": 320456000,
        "weightedAverageShsOutDil": 320456000,
        "link": null,
        "finalLink": null
    },
    {
        "date": "1992-02-29",
        "symbol": "MKC",
        "reportedCurrency": "USD",
        "cik": "0000063754",
        "fillingDate": "1992-02-29",
        "acceptedDate": "1992-02-29 00:00:00",
        "calendarYear": "1992",
        "period": "Q1",
        "revenue": 322300000,
        "costOfRevenue": 188600000,
        "grossProfit": 133700000,
        "grossProfitRatio": 0.4148309029,
        "researchAndDevelopmentExpenses": 0,
        "generalAndAdministrativeExpenses": 0,
        "sellingAndMarketingExpenses": 0,
        "sellingGeneralAndAdministrativeExpenses": 92900000,
        "otherExpenses": 10100000,
        "operatingExpenses": 103000000,
        "costAndExpenses": 291600000,
        "interestIncome": 0,
        "interestExpense": 0,
        "depreciationAndAmortization": 10100000,
        "ebitda": 40800000,
        "ebitdaratio": 0.1265901334,
        "operatingIncome": 30700000,
        "operatingIncomeRatio": 0.09525287,
        "totalOtherIncomeExpensesNet": -6900000,
        "incomeBeforeTax": 23800000,
        "incomeBeforeTaxRatio": 0.0738442445,
        "incomeTaxExpense": 9100000,
        "netIncome": 17400000,
        "netIncomeRatio": 0.0539869687,
        "eps": 0.0542,
        "epsdiluted": 0.0542,
        "weightedAverageShsOut": 321180000,
        "weightedAverageShsOutDil": 321180000,
        "link": null,
        "finalLink": null
    },
    {
        "date": "1991-11-30",
        "symbol": "MKC",
        "reportedCurrency": "USD",
        "cik": "0000063754",
        "fillingDate": "1991-11-30",
        "acceptedDate": "1991-11-30 00:00:00",
        "calendarYear": "1991",
        "period": "Q4",
        "revenue": 429900000,
        "costOfRevenue": 236200000,
        "grossProfit": 193700000,
        "grossProfitRatio": 0.4505699,
        "researchAndDevelopmentExpenses": 0,
        "generalAndAdministrativeExpenses": 0,
        "sellingAndMarketingExpenses": 0,
        "sellingGeneralAndAdministrativeExpenses": 127700000,
        "otherExpenses": 11000000,
        "operatingExpenses": 138700000,
        "costAndExpenses": 374900000,
        "interestIncome": 0,
        "interestExpense": 0,
        "depreciationAndAmortization": 11000000,
        "ebitda": 66000000,
        "ebitdaratio": 0.1535240754,
        "operatingIncome": 55000000,
        "operatingIncomeRatio": 0.1279367295,
        "totalOtherIncomeExpensesNet": -8700000,
        "incomeBeforeTax": 46300000,
        "incomeBeforeTaxRatio": 0.107699465,
        "incomeTaxExpense": 16300000,
        "netIncome": 30000000,
        "netIncomeRatio": 0.0697836706,
        "eps": 0.0939,
        "epsdiluted": 0.0939,
        "weightedAverageShsOut": 318728000,
        "weightedAverageShsOutDil": 319552000,
        "link": null,
        "finalLink": null
    },
    {
        "date": "1991-08-31",
        "symbol": "MKC",
        "reportedCurrency": "USD",
        "cik": "0000063754",
        "fillingDate": "1991-08-31",
        "acceptedDate": "1991-08-31 00:00:00",
        "calendarYear": "1991",
        "period": "Q3",
        "revenue": 341800000,
        "costOfRevenue": 205100000,
        "grossProfit": 136700000,
        "grossProfitRatio": 0.3999414862,
        "researchAndDevelopmentExpenses": 0,
        "generalAndAdministrativeExpenses": 0,
        "sellingAndMarketingExpenses": 0,
        "sellingGeneralAndAdministrativeExpenses": 89500000,
        "otherExpenses": 10500000,
        "operatingExpenses": 100000000,
        "costAndExpenses": 305100000,
        "interestIncome": 0,
        "interestExpense": 0,
        "depreciationAndAmortization": 10500000,
        "ebitda": 47200000,
        "ebitdaratio": 0.1380924517,
        "operatingIncome": 36700000,
        "operatingIncomeRatio": 0.1073727326,
        "totalOtherIncomeExpensesNet": -4700000,
        "incomeBeforeTax": 32000000,
        "incomeBeforeTaxRatio": 0.0936220012,
        "incomeTaxExpense": 11200000,
        "netIncome": 20800000,
        "netIncomeRatio": 0.0608543008,
        "eps": 0.0651,
        "epsdiluted": 0.0651,
        "weightedAverageShsOut": 319552000,
        "weightedAverageShsOutDil": 319552000,
        "link": null,
        "finalLink": null
    },
    {
        "date": "1991-05-31",
        "symbol": "MKC",
        "reportedCurrency": "USD",
        "cik": "0000063754",
        "fillingDate": "1991-05-31",
        "acceptedDate": "1991-05-31 00:00:00",
        "calendarYear": "1991",
        "period": "Q2",
        "revenue": 332600000,
        "costOfRevenue": 205700000,
        "grossProfit": 126900000,
        "grossProfitRatio": 0.3815393867,
        "researchAndDevelopmentExpenses": 0,
        "generalAndAdministrativeExpenses": 0,
        "sellingAndMarketingExpenses": 0,
        "sellingGeneralAndAdministrativeExpenses": 91000000,
        "otherExpenses": 9700000,
        "operatingExpenses": 100700000,
        "costAndExpenses": 306400000,
        "interestIncome": 0,
        "interestExpense": 0,
        "depreciationAndAmortization": 9700000,
        "ebitda": 35900000,
        "ebitdaratio": 0.1079374624,
        "operatingIncome": 26200000,
        "operatingIncomeRatio": 0.0787733013,
        "totalOtherIncomeExpensesNet": -4000000,
        "incomeBeforeTax": 22200000,
        "incomeBeforeTaxRatio": 0.0667468431,
        "incomeTaxExpense": 7300000,
        "netIncome": 14900000,
        "netIncomeRatio": 0.0447985568,
        "eps": 0.0466,
        "epsdiluted": 0.0466,
        "weightedAverageShsOut": 319544000,
        "weightedAverageShsOutDil": 319544000,
        "link": null,
        "finalLink": null
    },
    {
        "date": "1991-02-28",
        "symbol": "MKC",
        "reportedCurrency": "USD",
        "cik": "0000063754",
        "fillingDate": "1991-02-28",
        "acceptedDate": "1991-02-28 00:00:00",
        "calendarYear": "1991",
        "period": "Q1",
        "revenue": 323600000,
        "costOfRevenue": 199000000,
        "grossProfit": 124600000,
        "grossProfitRatio": 0.3850432633,
        "researchAndDevelopmentExpenses": 0,
        "generalAndAdministrativeExpenses": 0,
        "sellingAndMarketingExpenses": 0,
        "sellingGeneralAndAdministrativeExpenses": 87600000,
        "otherExpenses": 9300000,
        "operatingExpenses": 96900000,
        "costAndExpenses": 295900000,
        "interestIncome": 0,
        "interestExpense": 0,
        "depreciationAndAmortization": 9300000,
        "ebitda": 37000000,
        "ebitdaratio": 0.1143386897,
        "operatingIncome": 27700000,
        "operatingIncomeRatio": 0.0855995056,
        "totalOtherIncomeExpensesNet": -4400000,
        "incomeBeforeTax": 23300000,
        "incomeBeforeTaxRatio": 0.0720024722,
        "incomeTaxExpense": 8100000,
        "netIncome": 15200000,
        "netIncomeRatio": 0.0469715698,
        "eps": 0.0476,
        "epsdiluted": 0.0476,
        "weightedAverageShsOut": 319464000,
        "weightedAverageShsOutDil": 319464000,
        "link": null,
        "finalLink": null
    },
    {
        "date": "1990-11-30",
        "symbol": "MKC",
        "reportedCurrency": "USD",
        "cik": "0000063754",
        "fillingDate": "1990-11-30",
        "acceptedDate": "1990-11-30 00:00:00",
        "calendarYear": "1990",
        "period": "Q4",
        "revenue": 399200000,
        "costOfRevenue": 225600000,
        "grossProfit": 173600000,
        "grossProfitRatio": 0.4348697395,
        "researchAndDevelopmentExpenses": 0,
        "generalAndAdministrativeExpenses": 0,
        "sellingAndMarketingExpenses": 0,
        "sellingGeneralAndAdministrativeExpenses": 115500000,
        "otherExpenses": 9700000,
        "operatingExpenses": 125200000,
        "costAndExpenses": 350800000,
        "interestIncome": 0,
        "interestExpense": 0,
        "depreciationAndAmortization": 9700000,
        "ebitda": 58100000,
        "ebitdaratio": 0.1455410822,
        "operatingIncome": 48400000,
        "operatingIncomeRatio": 0.121242485,
        "totalOtherIncomeExpensesNet": -7800000,
        "incomeBeforeTax": 40600000,
        "incomeBeforeTaxRatio": 0.1017034068,
        "incomeTaxExpense": 15100000,
        "netIncome": 25500000,
        "netIncomeRatio": 0.0638777555,
        "eps": 0.0792,
        "epsdiluted": 0.0792,
        "weightedAverageShsOut": 319464000,
        "weightedAverageShsOutDil": 321856000,
        "link": null,
        "finalLink": null
    },
    {
        "date": "1990-08-31",
        "symbol": "MKC",
        "reportedCurrency": "USD",
        "cik": "0000063754",
        "fillingDate": "1990-08-31",
        "acceptedDate": "1990-08-31 00:00:00",
        "calendarYear": "1990",
        "period": "Q3",
        "revenue": 321500000,
        "costOfRevenue": 196700000,
        "grossProfit": 124800000,
        "grossProfitRatio": 0.3881804044,
        "researchAndDevelopmentExpenses": 0,
        "generalAndAdministrativeExpenses": 0,
        "sellingAndMarketingExpenses": 0,
        "sellingGeneralAndAdministrativeExpenses": 80600000,
        "otherExpenses": 8900000,
        "operatingExpenses": 89500000,
        "costAndExpenses": 286200000,
        "interestIncome": 0,
        "interestExpense": 0,
        "depreciationAndAmortization": 8900000,
        "ebitda": 44200000,
        "ebitdaratio": 0.1374805599,
        "operatingIncome": 35300000,
        "operatingIncomeRatio": 0.1097978227,
        "totalOtherIncomeExpensesNet": -6900000,
        "incomeBeforeTax": 28400000,
        "incomeBeforeTaxRatio": 0.0883359253,
        "incomeTaxExpense": 10500000,
        "netIncome": 17900000,
        "netIncomeRatio": 0.0556765163,
        "eps": 0.0556,
        "epsdiluted": 0.0556,
        "weightedAverageShsOut": 321856000,
        "weightedAverageShsOutDil": 321856000,
        "link": null,
        "finalLink": null
    },
    {
        "date": "1990-05-31",
        "symbol": "MKC",
        "reportedCurrency": "USD",
        "cik": "0000063754",
        "fillingDate": "1990-05-31",
        "acceptedDate": "1990-05-31 00:00:00",
        "calendarYear": "1990",
        "period": "Q2",
        "revenue": 301700000,
        "costOfRevenue": 190800000,
        "grossProfit": 110900000,
        "grossProfitRatio": 0.3675836924,
        "researchAndDevelopmentExpenses": 0,
        "generalAndAdministrativeExpenses": 0,
        "sellingAndMarketingExpenses": 0,
        "sellingGeneralAndAdministrativeExpenses": 80500000,
        "otherExpenses": 9300000,
        "operatingExpenses": 89800000,
        "costAndExpenses": 280600000,
        "interestIncome": 0,
        "interestExpense": 0,
        "depreciationAndAmortization": 9300000,
        "ebitda": 30400000,
        "ebitdaratio": 0.1007623467,
        "operatingIncome": 21100000,
        "operatingIncomeRatio": 0.0699370235,
        "totalOtherIncomeExpensesNet": 1800000,
        "incomeBeforeTax": 22900000,
        "incomeBeforeTaxRatio": 0.0759032151,
        "incomeTaxExpense": 6800000,
        "netIncome": 16100000,
        "netIncomeRatio": 0.0533642691,
        "eps": 0.0476,
        "epsdiluted": 0.0476,
        "weightedAverageShsOut": 338136000,
        "weightedAverageShsOutDil": 338136000,
        "link": null,
        "finalLink": null
    },
    {
        "date": "1990-02-28",
        "symbol": "MKC",
        "reportedCurrency": "USD",
        "cik": "0000063754",
        "fillingDate": "1990-02-28",
        "acceptedDate": "1990-02-28 00:00:00",
        "calendarYear": "1990",
        "period": "Q1",
        "revenue": 300500000,
        "costOfRevenue": 188500000,
        "grossProfit": 112000000,
        "grossProfitRatio": 0.3727121464,
        "researchAndDevelopmentExpenses": 0,
        "generalAndAdministrativeExpenses": 0,
        "sellingAndMarketingExpenses": 0,
        "sellingGeneralAndAdministrativeExpenses": 81100000,
        "otherExpenses": 8700000,
        "operatingExpenses": 89800000,
        "costAndExpenses": 278300000,
        "interestIncome": 0,
        "interestExpense": 0,
        "depreciationAndAmortization": 8700000,
        "ebitda": 30900000,
        "ebitdaratio": 0.102828619,
        "operatingIncome": 22200000,
        "operatingIncomeRatio": 0.0738768719,
        "totalOtherIncomeExpensesNet": -6100000,
        "incomeBeforeTax": 16100000,
        "incomeBeforeTaxRatio": 0.053577371,
        "incomeTaxExpense": 6200000,
        "netIncome": 9900000,
        "netIncomeRatio": 0.0329450915,
        "eps": 0.0297,
        "epsdiluted": 0.0297,
        "weightedAverageShsOut": 333088000,
        "weightedAverageShsOutDil": 333088000,
        "link": null,
        "finalLink": null
    },
    {
        "date": "1989-11-30",
        "symbol": "MKC",
        "reportedCurrency": "USD",
        "cik": "0000063754",
        "fillingDate": "1989-11-30",
        "acceptedDate": "1989-11-29 19:00:00",
        "calendarYear": "1989",
        "period": "Q4",
        "revenue": 361600000,
        "costOfRevenue": 0,
        "grossProfit": 361600000,
        "grossProfitRatio": 1,
        "researchAndDevelopmentExpenses": 0,
        "generalAndAdministrativeExpenses": 0,
        "sellingAndMarketingExpenses": 0,
        "sellingGeneralAndAdministrativeExpenses": 0,
        "otherExpenses": 1144100000,
        "operatingExpenses": 1144100000,
        "costAndExpenses": 361600000,
        "interestIncome": 0,
        "interestExpense": 0,
        "depreciationAndAmortization": 0,
        "ebitda": -782500000,
        "ebitdaratio": -2.1639933628,
        "operatingIncome": -782500000,
        "operatingIncomeRatio": -2.1639933628,
        "totalOtherIncomeExpensesNet": 0,
        "incomeBeforeTax": -782500000,
        "incomeBeforeTaxRatio": -2.1639933628,
        "incomeTaxExpense": 0,
        "netIncome": 20300000,
        "netIncomeRatio": 0.0561393805,
        "eps": 0.58,
        "epsdiluted": 0.58,
        "weightedAverageShsOut": 331664000,
        "weightedAverageShsOutDil": 331664000,
        "link": "",
        "finalLink": ""
    },
    {
        "date": "1989-08-31",
        "symbol": "MKC",
        "reportedCurrency": "USD",
        "cik": "0000063754",
        "fillingDate": "1989-08-31",
        "acceptedDate": "1989-08-30 20:00:00",
        "calendarYear": "1989",
        "period": "Q3",
        "revenue": 314900000,
        "costOfRevenue": 0,
        "grossProfit": 314900000,
        "grossProfitRatio": 1,
        "researchAndDevelopmentExpenses": 0,
        "generalAndAdministrativeExpenses": 0,
        "sellingAndMarketingExpenses": 0,
        "sellingGeneralAndAdministrativeExpenses": 0,
        "otherExpenses": 314900000,
        "operatingExpenses": 314900000,
        "costAndExpenses": 314900000,
        "interestIncome": 0,
        "interestExpense": 0,
        "depreciationAndAmortization": 0,
        "ebitda": 314900000,
        "ebitdaratio": 1,
        "operatingIncome": 314900000,
        "operatingIncomeRatio": 1,
        "totalOtherIncomeExpensesNet": 0,
        "incomeBeforeTax": 314900000,
        "incomeBeforeTaxRatio": 1,
        "incomeTaxExpense": 0,
        "netIncome": 16700000,
        "netIncomeRatio": 0.0530327088,
        "eps": 0.0063,
        "epsdiluted": 0.0063,
        "weightedAverageShsOut": 331664000,
        "weightedAverageShsOutDil": 331664000,
        "link": "",
        "finalLink": ""
    },
    {
        "date": "1989-05-31",
        "symbol": "MKC",
        "reportedCurrency": "USD",
        "cik": "0000063754",
        "fillingDate": "1989-05-31",
        "acceptedDate": "1989-05-30 20:00:00",
        "calendarYear": "1989",
        "period": "Q2",
        "revenue": 291700000,
        "costOfRevenue": 0,
        "grossProfit": 291700000,
        "grossProfitRatio": 1,
        "researchAndDevelopmentExpenses": 0,
        "generalAndAdministrativeExpenses": 0,
        "sellingAndMarketingExpenses": 0,
        "sellingGeneralAndAdministrativeExpenses": 0,
        "otherExpenses": 291700000,
        "operatingExpenses": 291700000,
        "costAndExpenses": 291700000,
        "interestIncome": 0,
        "interestExpense": 0,
        "depreciationAndAmortization": 0,
        "ebitda": 291700000,
        "ebitdaratio": 1,
        "operatingIncome": 291700000,
        "operatingIncomeRatio": 1,
        "totalOtherIncomeExpensesNet": 0,
        "incomeBeforeTax": 291700000,
        "incomeBeforeTaxRatio": 1,
        "incomeTaxExpense": 0,
        "netIncome": 8000000,
        "netIncomeRatio": 0.0274254371,
        "eps": 0.0031,
        "epsdiluted": 0.0031,
        "weightedAverageShsOut": 331664000,
        "weightedAverageShsOutDil": 331664000,
        "link": "",
        "finalLink": ""
    },
    {
        "date": "1989-02-28",
        "symbol": "MKC",
        "reportedCurrency": "USD",
        "cik": "0000063754",
        "fillingDate": "1989-02-28",
        "acceptedDate": "1989-02-27 19:00:00",
        "calendarYear": "1989",
        "period": "Q1",
        "revenue": 277900000,
        "costOfRevenue": 0,
        "grossProfit": 277900000,
        "grossProfitRatio": 1,
        "researchAndDevelopmentExpenses": 0,
        "generalAndAdministrativeExpenses": 0,
        "sellingAndMarketingExpenses": 0,
        "sellingGeneralAndAdministrativeExpenses": 0,
        "otherExpenses": 277900000,
        "operatingExpenses": 277900000,
        "costAndExpenses": 277900000,
        "interestIncome": 0,
        "interestExpense": 0,
        "depreciationAndAmortization": 0,
        "ebitda": 277900000,
        "ebitdaratio": 1,
        "operatingIncome": 277900000,
        "operatingIncomeRatio": 1,
        "totalOtherIncomeExpensesNet": 0,
        "incomeBeforeTax": 277900000,
        "incomeBeforeTaxRatio": 1,
        "incomeTaxExpense": 0,
        "netIncome": 7500000,
        "netIncomeRatio": 0.0269881252,
        "eps": 0.0028,
        "epsdiluted": 0.0028,
        "weightedAverageShsOut": 331664000,
        "weightedAverageShsOutDil": 331664000,
        "link": "",
        "finalLink": ""
    },
    {
        "date": "1988-11-30",
        "symbol": "MKC",
        "reportedCurrency": "USD",
        "cik": "0000063754",
        "fillingDate": "1988-11-30",
        "acceptedDate": "1988-11-29 19:00:00",
        "calendarYear": "1988",
        "period": "Q4",
        "revenue": 349300000,
        "costOfRevenue": 0,
        "grossProfit": 349300000,
        "grossProfitRatio": 1,
        "researchAndDevelopmentExpenses": 0,
        "generalAndAdministrativeExpenses": 0,
        "sellingAndMarketingExpenses": 0,
        "sellingGeneralAndAdministrativeExpenses": 0,
        "otherExpenses": 349300000,
        "operatingExpenses": 349300000,
        "costAndExpenses": 349300000,
        "interestIncome": 0,
        "interestExpense": 0,
        "depreciationAndAmortization": 0,
        "ebitda": -756300000,
        "ebitdaratio": -2.1651875179,
        "operatingIncome": -756300000,
        "operatingIncomeRatio": -2.1651875179,
        "totalOtherIncomeExpensesNet": 0,
        "incomeBeforeTax": -756300000,
        "incomeBeforeTaxRatio": -2.1651875179,
        "incomeTaxExpense": 0,
        "netIncome": 16400000,
        "netIncomeRatio": 0.0469510449,
        "eps": 0.085,
        "epsdiluted": 0.085,
        "weightedAverageShsOut": 360448000,
        "weightedAverageShsOutDil": 374432000,
        "link": "",
        "finalLink": ""
    },
    {
        "date": "1988-08-31",
        "symbol": "MKC",
        "reportedCurrency": "USD",
        "cik": "0000063754",
        "fillingDate": "1988-08-31",
        "acceptedDate": "1988-08-30 20:00:00",
        "calendarYear": "1988",
        "period": "Q3",
        "revenue": 285300000,
        "costOfRevenue": 0,
        "grossProfit": 285300000,
        "grossProfitRatio": 1,
        "researchAndDevelopmentExpenses": 0,
        "generalAndAdministrativeExpenses": 0,
        "sellingAndMarketingExpenses": 0,
        "sellingGeneralAndAdministrativeExpenses": 0,
        "otherExpenses": 285300000,
        "operatingExpenses": 285300000,
        "costAndExpenses": 285300000,
        "interestIncome": 0,
        "interestExpense": 0,
        "depreciationAndAmortization": 0,
        "ebitda": 285300000,
        "ebitdaratio": 1,
        "operatingIncome": 285300000,
        "operatingIncomeRatio": 1,
        "totalOtherIncomeExpensesNet": 0,
        "incomeBeforeTax": 285300000,
        "incomeBeforeTaxRatio": 1,
        "incomeTaxExpense": 0,
        "netIncome": 11900000,
        "netIncomeRatio": 0.0417104802,
        "eps": 0.0041,
        "epsdiluted": 0.0041,
        "weightedAverageShsOut": 374432000,
        "weightedAverageShsOutDil": 374432000,
        "link": "",
        "finalLink": ""
    },
    {
        "date": "1988-05-31",
        "symbol": "MKC",
        "reportedCurrency": "USD",
        "cik": "0000063754",
        "fillingDate": "1988-05-31",
        "acceptedDate": "1988-05-30 20:00:00",
        "calendarYear": "1988",
        "period": "Q2",
        "revenue": 277200000,
        "costOfRevenue": 0,
        "grossProfit": 277200000,
        "grossProfitRatio": 1,
        "researchAndDevelopmentExpenses": 0,
        "generalAndAdministrativeExpenses": 0,
        "sellingAndMarketingExpenses": 0,
        "sellingGeneralAndAdministrativeExpenses": 0,
        "otherExpenses": 277200000,
        "operatingExpenses": 277200000,
        "costAndExpenses": 277200000,
        "interestIncome": 0,
        "interestExpense": 0,
        "depreciationAndAmortization": 0,
        "ebitda": 277200000,
        "ebitdaratio": 1,
        "operatingIncome": 277200000,
        "operatingIncomeRatio": 1,
        "totalOtherIncomeExpensesNet": 0,
        "incomeBeforeTax": 277200000,
        "incomeBeforeTaxRatio": 1,
        "incomeTaxExpense": 0,
        "netIncome": 3600000,
        "netIncomeRatio": 0.012987013,
        "eps": 0.0013,
        "epsdiluted": 0.0013,
        "weightedAverageShsOut": 374432000,
        "weightedAverageShsOutDil": 374432000,
        "link": "",
        "finalLink": ""
    },
    {
        "date": "1988-02-29",
        "symbol": "MKC",
        "reportedCurrency": "USD",
        "cik": "0000063754",
        "fillingDate": "1988-02-29",
        "acceptedDate": "1988-02-28 19:00:00",
        "calendarYear": "1988",
        "period": "Q1",
        "revenue": 272100000,
        "costOfRevenue": 0,
        "grossProfit": 272100000,
        "grossProfitRatio": 1,
        "researchAndDevelopmentExpenses": 0,
        "generalAndAdministrativeExpenses": 0,
        "sellingAndMarketingExpenses": 0,
        "sellingGeneralAndAdministrativeExpenses": 0,
        "otherExpenses": 272100000,
        "operatingExpenses": 272100000,
        "costAndExpenses": 272100000,
        "interestIncome": 0,
        "interestExpense": 0,
        "depreciationAndAmortization": 0,
        "ebitda": 272100000,
        "ebitdaratio": 1,
        "operatingIncome": 272100000,
        "operatingIncomeRatio": 1,
        "totalOtherIncomeExpensesNet": 0,
        "incomeBeforeTax": 272100000,
        "incomeBeforeTaxRatio": 1,
        "incomeTaxExpense": 0,
        "netIncome": 4400000,
        "netIncomeRatio": 0.0161705255,
        "eps": 0.0008,
        "epsdiluted": 0.0008,
        "weightedAverageShsOut": 373344000,
        "weightedAverageShsOutDil": 373344000,
        "link": "",
        "finalLink": ""
    },
    {
        "date": "1987-11-30",
        "symbol": "MKC",
        "reportedCurrency": "USD",
        "cik": "0000063754",
        "fillingDate": "1987-11-30",
        "acceptedDate": "1987-11-29 19:00:00",
        "calendarYear": "1987",
        "period": "Q4",
        "revenue": 324500000,
        "costOfRevenue": 0,
        "grossProfit": 324500000,
        "grossProfitRatio": 1,
        "researchAndDevelopmentExpenses": 0,
        "generalAndAdministrativeExpenses": 0,
        "sellingAndMarketingExpenses": 0,
        "sellingGeneralAndAdministrativeExpenses": 0,
        "otherExpenses": 324500000,
        "operatingExpenses": 324500000,
        "costAndExpenses": 324500000,
        "interestIncome": 0,
        "interestExpense": 0,
        "depreciationAndAmortization": 0,
        "ebitda": -690900000,
        "ebitdaratio": -2.1291217257,
        "operatingIncome": -690900000,
        "operatingIncomeRatio": -2.1291217257,
        "totalOtherIncomeExpensesNet": 0,
        "incomeBeforeTax": -690900000,
        "incomeBeforeTaxRatio": -2.1291217257,
        "incomeTaxExpense": 0,
        "netIncome": 14700000,
        "netIncomeRatio": 0.0453004622,
        "eps": 0.08,
        "epsdiluted": 0.08,
        "weightedAverageShsOut": 373344000,
        "weightedAverageShsOutDil": 384448000,
        "link": "",
        "finalLink": ""
    },
    {
        "date": "1987-08-31",
        "symbol": "MKC",
        "reportedCurrency": "USD",
        "cik": "0000063754",
        "fillingDate": "1987-08-31",
        "acceptedDate": "1987-08-30 20:00:00",
        "calendarYear": "1987",
        "period": "Q3",
        "revenue": 261200000,
        "costOfRevenue": 0,
        "grossProfit": 261200000,
        "grossProfitRatio": 1,
        "researchAndDevelopmentExpenses": 0,
        "generalAndAdministrativeExpenses": 0,
        "sellingAndMarketingExpenses": 0,
        "sellingGeneralAndAdministrativeExpenses": 0,
        "otherExpenses": 261200000,
        "operatingExpenses": 261200000,
        "costAndExpenses": 261200000,
        "interestIncome": 0,
        "interestExpense": 0,
        "depreciationAndAmortization": 0,
        "ebitda": 261200000,
        "ebitdaratio": 1,
        "operatingIncome": 261200000,
        "operatingIncomeRatio": 1,
        "totalOtherIncomeExpensesNet": 0,
        "incomeBeforeTax": 261200000,
        "incomeBeforeTaxRatio": 1,
        "incomeTaxExpense": 0,
        "netIncome": 4200000,
        "netIncomeRatio": 0.0160796325,
        "eps": 0.0008,
        "epsdiluted": 0.0008,
        "weightedAverageShsOut": 384448000,
        "weightedAverageShsOutDil": 384448000,
        "link": "",
        "finalLink": ""
    },
    {
        "date": "1987-05-31",
        "symbol": "MKC",
        "reportedCurrency": "USD",
        "cik": "0000063754",
        "fillingDate": "1987-05-31",
        "acceptedDate": "1987-05-30 20:00:00",
        "calendarYear": "1987",
        "period": "Q2",
        "revenue": 260800000,
        "costOfRevenue": 0,
        "grossProfit": 260800000,
        "grossProfitRatio": 1,
        "researchAndDevelopmentExpenses": 0,
        "generalAndAdministrativeExpenses": 0,
        "sellingAndMarketingExpenses": 0,
        "sellingGeneralAndAdministrativeExpenses": 0,
        "otherExpenses": 260800000,
        "operatingExpenses": 260800000,
        "costAndExpenses": 260800000,
        "interestIncome": 0,
        "interestExpense": 0,
        "depreciationAndAmortization": 0,
        "ebitda": 260800000,
        "ebitdaratio": 1,
        "operatingIncome": 260800000,
        "operatingIncomeRatio": 1,
        "totalOtherIncomeExpensesNet": 0,
        "incomeBeforeTax": 260800000,
        "incomeBeforeTaxRatio": 1,
        "incomeTaxExpense": 0,
        "netIncome": 7400000,
        "netIncomeRatio": 0.0283742331,
        "eps": 0.0013,
        "epsdiluted": 0.0013,
        "weightedAverageShsOut": 384448000,
        "weightedAverageShsOutDil": 384448000,
        "link": "",
        "finalLink": ""
    },
    {
        "date": "1987-02-28",
        "symbol": "MKC",
        "reportedCurrency": "USD",
        "cik": "0000063754",
        "fillingDate": "1987-02-28",
        "acceptedDate": "1987-02-27 19:00:00",
        "calendarYear": "1987",
        "period": "Q1",
        "revenue": 232000000,
        "costOfRevenue": 0,
        "grossProfit": 232000000,
        "grossProfitRatio": 1,
        "researchAndDevelopmentExpenses": 0,
        "generalAndAdministrativeExpenses": 0,
        "sellingAndMarketingExpenses": 0,
        "sellingGeneralAndAdministrativeExpenses": 0,
        "otherExpenses": 232000000,
        "operatingExpenses": 232000000,
        "costAndExpenses": 232000000,
        "interestIncome": 0,
        "interestExpense": 0,
        "depreciationAndAmortization": 0,
        "ebitda": 232000000,
        "ebitdaratio": 1,
        "operatingIncome": 232000000,
        "operatingIncomeRatio": 1,
        "totalOtherIncomeExpensesNet": 0,
        "incomeBeforeTax": 232000000,
        "incomeBeforeTaxRatio": 1,
        "incomeTaxExpense": 0,
        "netIncome": 4400000,
        "netIncomeRatio": 0.0189655172,
        "eps": 0.0008,
        "epsdiluted": 0.0008,
        "weightedAverageShsOut": 384448000,
        "weightedAverageShsOutDil": 384448000,
        "link": "",
        "finalLink": ""
    },
    {
        "date": "1986-11-30",
        "symbol": "MKC",
        "reportedCurrency": "USD",
        "cik": "0000063754",
        "fillingDate": "1986-11-30",
        "acceptedDate": "1986-11-29 19:00:00",
        "calendarYear": "1986",
        "period": "Q4",
        "revenue": 293800000,
        "costOfRevenue": 0,
        "grossProfit": 293800000,
        "grossProfitRatio": 1,
        "researchAndDevelopmentExpenses": 0,
        "generalAndAdministrativeExpenses": 0,
        "sellingAndMarketingExpenses": 0,
        "sellingGeneralAndAdministrativeExpenses": 0,
        "otherExpenses": 293800000,
        "operatingExpenses": 293800000,
        "costAndExpenses": 293800000,
        "interestIncome": 0,
        "interestExpense": 0,
        "depreciationAndAmortization": 0,
        "ebitda": -615000000,
        "ebitdaratio": -2.0932607216,
        "operatingIncome": -615000000,
        "operatingIncomeRatio": -2.0932607216,
        "totalOtherIncomeExpensesNet": 0,
        "incomeBeforeTax": -615000000,
        "incomeBeforeTaxRatio": -2.0932607216,
        "incomeTaxExpense": 0,
        "netIncome": 21200000,
        "netIncomeRatio": 0.0721579306,
        "eps": 0.09,
        "epsdiluted": 0.09,
        "weightedAverageShsOut": 385920000,
        "weightedAverageShsOutDil": 385920000,
        "link": "",
        "finalLink": ""
    },
    {
        "date": "1986-08-31",
        "symbol": "MKC",
        "reportedCurrency": "USD",
        "cik": "0000063754",
        "fillingDate": "1986-08-31",
        "acceptedDate": "1986-08-30 20:00:00",
        "calendarYear": "1986",
        "period": "Q3",
        "revenue": 235200000,
        "costOfRevenue": 0,
        "grossProfit": 235200000,
        "grossProfitRatio": 1,
        "researchAndDevelopmentExpenses": 0,
        "generalAndAdministrativeExpenses": 0,
        "sellingAndMarketingExpenses": 0,
        "sellingGeneralAndAdministrativeExpenses": 0,
        "otherExpenses": 235200000,
        "operatingExpenses": 235200000,
        "costAndExpenses": 235200000,
        "interestIncome": 0,
        "interestExpense": 0,
        "depreciationAndAmortization": 0,
        "ebitda": 235200000,
        "ebitdaratio": 1,
        "operatingIncome": 235200000,
        "operatingIncomeRatio": 1,
        "totalOtherIncomeExpensesNet": 0,
        "incomeBeforeTax": 235200000,
        "incomeBeforeTaxRatio": 1,
        "incomeTaxExpense": 0,
        "netIncome": 3000000,
        "netIncomeRatio": 0.012755102,
        "eps": 0.0008,
        "epsdiluted": 0.0008,
        "weightedAverageShsOut": 385920000,
        "weightedAverageShsOutDil": 385920000,
        "link": "",
        "finalLink": ""
    },
    {
        "date": "1986-05-31",
        "symbol": "MKC",
        "reportedCurrency": "USD",
        "cik": "0000063754",
        "fillingDate": "1986-05-31",
        "acceptedDate": "1986-05-30 20:00:00",
        "calendarYear": "1986",
        "period": "Q2",
        "revenue": 223500000,
        "costOfRevenue": 0,
        "grossProfit": 223500000,
        "grossProfitRatio": 1,
        "researchAndDevelopmentExpenses": 0,
        "generalAndAdministrativeExpenses": 0,
        "sellingAndMarketingExpenses": 0,
        "sellingGeneralAndAdministrativeExpenses": 0,
        "otherExpenses": 223500000,
        "operatingExpenses": 223500000,
        "costAndExpenses": 223500000,
        "interestIncome": 0,
        "interestExpense": 0,
        "depreciationAndAmortization": 0,
        "ebitda": 223500000,
        "ebitdaratio": 1,
        "operatingIncome": 223500000,
        "operatingIncomeRatio": 1,
        "totalOtherIncomeExpensesNet": 0,
        "incomeBeforeTax": 223500000,
        "incomeBeforeTaxRatio": 1,
        "incomeTaxExpense": 0,
        "netIncome": 3900000,
        "netIncomeRatio": 0.0174496644,
        "eps": 0.0006,
        "epsdiluted": 0.0006,
        "weightedAverageShsOut": 390496000,
        "weightedAverageShsOutDil": 390496000,
        "link": "",
        "finalLink": ""
    },
    {
        "date": "1986-02-28",
        "symbol": "MKC",
        "reportedCurrency": "USD",
        "cik": "0000063754",
        "fillingDate": "1986-02-28",
        "acceptedDate": "1986-02-27 19:00:00",
        "calendarYear": "1986",
        "period": "Q1",
        "revenue": 223200000,
        "costOfRevenue": 0,
        "grossProfit": 223200000,
        "grossProfitRatio": 1,
        "researchAndDevelopmentExpenses": 0,
        "generalAndAdministrativeExpenses": 0,
        "sellingAndMarketingExpenses": 0,
        "sellingGeneralAndAdministrativeExpenses": 0,
        "otherExpenses": 223200000,
        "operatingExpenses": 223200000,
        "costAndExpenses": 223200000,
        "interestIncome": 0,
        "interestExpense": 0,
        "depreciationAndAmortization": 0,
        "ebitda": 223200000,
        "ebitdaratio": 1,
        "operatingIncome": 223200000,
        "operatingIncomeRatio": 1,
        "totalOtherIncomeExpensesNet": 0,
        "incomeBeforeTax": 223200000,
        "incomeBeforeTaxRatio": 1,
        "incomeTaxExpense": 0,
        "netIncome": 4200000,
        "netIncomeRatio": 0.0188172043,
        "eps": 0.0008,
        "epsdiluted": 0.0008,
        "weightedAverageShsOut": 390496000,
        "weightedAverageShsOutDil": 390496000,
        "link": "",
        "finalLink": ""
    },
    {
        "date": "1985-11-30",
        "symbol": "MKC",
        "reportedCurrency": "USD",
        "cik": "0000063754",
        "fillingDate": "1985-11-30",
        "acceptedDate": "1985-11-29 19:00:00",
        "calendarYear": "1985",
        "period": "Q4",
        "revenue": 267200000,
        "costOfRevenue": 0,
        "grossProfit": 267200000,
        "grossProfitRatio": 1,
        "researchAndDevelopmentExpenses": 0,
        "generalAndAdministrativeExpenses": 0,
        "sellingAndMarketingExpenses": 0,
        "sellingGeneralAndAdministrativeExpenses": 0,
        "otherExpenses": 267200000,
        "operatingExpenses": 267200000,
        "costAndExpenses": 267200000,
        "interestIncome": 0,
        "interestExpense": 0,
        "depreciationAndAmortization": 0,
        "ebitda": -545200000,
        "ebitdaratio": -2.0404191617,
        "operatingIncome": -545200000,
        "operatingIncomeRatio": -2.0404191617,
        "totalOtherIncomeExpensesNet": 0,
        "incomeBeforeTax": -545200000,
        "incomeBeforeTaxRatio": -2.0404191617,
        "incomeTaxExpense": 0,
        "netIncome": 16900000,
        "netIncomeRatio": 0.063248503,
        "eps": 0.085,
        "epsdiluted": 0.085,
        "weightedAverageShsOut": 390688000,
        "weightedAverageShsOutDil": 390688000,
        "link": "",
        "finalLink": ""
    },
    {
        "date": "1985-08-31",
        "symbol": "MKC",
        "reportedCurrency": "USD",
        "cik": "0000063754",
        "fillingDate": "1985-08-31",
        "acceptedDate": "1985-08-30 20:00:00",
        "calendarYear": "1985",
        "period": "Q3",
        "revenue": 205700000,
        "costOfRevenue": 0,
        "grossProfit": 205700000,
        "grossProfitRatio": 1,
        "researchAndDevelopmentExpenses": 0,
        "generalAndAdministrativeExpenses": 0,
        "sellingAndMarketingExpenses": 0,
        "sellingGeneralAndAdministrativeExpenses": 0,
        "otherExpenses": 205700000,
        "operatingExpenses": 205700000,
        "costAndExpenses": 205700000,
        "interestIncome": 0,
        "interestExpense": 0,
        "depreciationAndAmortization": 0,
        "ebitda": 205700000,
        "ebitdaratio": 1,
        "operatingIncome": 205700000,
        "operatingIncomeRatio": 1,
        "totalOtherIncomeExpensesNet": 0,
        "incomeBeforeTax": 205700000,
        "incomeBeforeTaxRatio": 1,
        "incomeTaxExpense": 0,
        "netIncome": 3800000,
        "netIncomeRatio": 0.0184735051,
        "eps": 0.0006,
        "epsdiluted": 0.0006,
        "weightedAverageShsOut": 390688000,
        "weightedAverageShsOutDil": 390688000,
        "link": "",
        "finalLink": ""
    }
]