[
    {
        "date": "2024-12-31",
        "symbol": "ML",
        "reportedCurrency": "USD",
        "cik": "0001807846",
        "fillingDate": "2025-02-25",
        "acceptedDate": "2025-02-25 08:31:00",
        "calendarYear": "2024",
        "period": "Q4",
        "revenue": 158587000,
        "costOfRevenue": -53558000,
        "grossProfit": 212145000,
        "grossProfitRatio": 1.3377199897,
        "researchAndDevelopmentExpenses": 0,
        "generalAndAdministrativeExpenses": 33595000,
        "sellingAndMarketingExpenses": 17030000,
        "sellingGeneralAndAdministrativeExpenses": 36631000,
        "otherExpenses": 169657000,
        "operatingExpenses": 206288000,
        "costAndExpenses": 152730000,
        "interestIncome": 0,
        "interestExpense": 4211000,
        "depreciationAndAmortization": 6602000,
        "ebitda": 11797000,
        "ebitdaratio": 0.0743881907,
        "operatingIncome": 5857000,
        "operatingIncomeRatio": 0.0369324093,
        "totalOtherIncomeExpensesNet": -4873000,
        "incomeBeforeTax": 984000,
        "incomeBeforeTaxRatio": 0.0062047961,
        "incomeTaxExpense": -742000,
        "netIncome": 1726000,
        "netIncomeRatio": 0.0108836159,
        "eps": 0.16,
        "epsdiluted": 0.0144,
        "weightedAverageShsOut": 10907441,
        "weightedAverageShsOutDil": 120150250,
        "link": "https://www.sec.gov/Archives/edgar/data/1807846/000095017025026108/0000950170-25-026108-index.htm",
        "finalLink": "https://www.sec.gov/Archives/edgar/data/1807846/000095017025026108/ml-20241231.htm"
    },
    {
        "date": "2024-09-30",
        "symbol": "ML",
        "reportedCurrency": "USD",
        "cik": "0001807846",
        "fillingDate": "2024-11-07",
        "acceptedDate": "2024-11-07 09:31:05",
        "calendarYear": "2024",
        "period": "Q3",
        "revenue": 135466000,
        "costOfRevenue": 44857000,
        "grossProfit": 90609000,
        "grossProfitRatio": 0.6688689413,
        "researchAndDevelopmentExpenses": 0,
        "generalAndAdministrativeExpenses": 0,
        "sellingAndMarketingExpenses": 10591000,
        "sellingGeneralAndAdministrativeExpenses": 10591000,
        "otherExpenses": 76015000,
        "operatingExpenses": 86606000,
        "costAndExpenses": 131463000,
        "interestIncome": 0,
        "interestExpense": 6504000,
        "depreciationAndAmortization": 6509000,
        "ebitda": 13530000,
        "ebitdaratio": 0.09987746,
        "operatingIncome": 4003000,
        "operatingIncomeRatio": 0.0295498501,
        "totalOtherIncomeExpensesNet": -3486000,
        "incomeBeforeTax": 517000,
        "incomeBeforeTaxRatio": 0.0038164558,
        "incomeTaxExpense": 3309000,
        "netIncome": -2792000,
        "netIncomeRatio": -0.0206103376,
        "eps": -0.26,
        "epsdiluted": -0.23,
        "weightedAverageShsOut": 10862853,
        "weightedAverageShsOutDil": 12091421,
        "link": "https://www.sec.gov/Archives/edgar/data/1807846/000095017024122861/0000950170-24-122861-index.htm",
        "finalLink": "https://www.sec.gov/Archives/edgar/data/1807846/000095017024122861/ml-20240930.htm"
    },
    {
        "date": "2024-06-30",
        "symbol": "ML",
        "reportedCurrency": "USD",
        "cik": "0001807846",
        "fillingDate": "2024-08-06",
        "acceptedDate": "2024-08-06 09:26:14",
        "calendarYear": "2024",
        "period": "Q2",
        "revenue": 130846000,
        "costOfRevenue": 76820000,
        "grossProfit": 54026000,
        "grossProfitRatio": 0.4128976048,
        "researchAndDevelopmentExpenses": 0,
        "generalAndAdministrativeExpenses": 35859000,
        "sellingAndMarketingExpenses": 10530000,
        "sellingGeneralAndAdministrativeExpenses": 46389000,
        "otherExpenses": -4338000,
        "operatingExpenses": 48299000,
        "costAndExpenses": 125119000,
        "interestIncome": 0,
        "interestExpense": 6714000,
        "depreciationAndAmortization": 6331000,
        "ebitda": 12058000,
        "ebitdaratio": 0.0921541354,
        "operatingIncome": 5727000,
        "operatingIncomeRatio": 0.0437690109,
        "totalOtherIncomeExpensesNet": -4414000,
        "incomeBeforeTax": 1313000,
        "incomeBeforeTaxRatio": 0.0100346973,
        "incomeTaxExpense": -1824000,
        "netIncome": 3137000,
        "netIncomeRatio": 0.0239747489,
        "eps": 0.29,
        "epsdiluted": 0.26,
        "weightedAverageShsOut": 10862853,
        "weightedAverageShsOutDil": 12091421,
        "link": "https://www.sec.gov/Archives/edgar/data/1807846/000095017024091260/0000950170-24-091260-index.htm",
        "finalLink": "https://www.sec.gov/Archives/edgar/data/1807846/000095017024091260/ml-20240630.htm"
    },
    {
        "date": "2024-03-31",
        "symbol": "ML",
        "reportedCurrency": "USD",
        "cik": "0001807846",
        "fillingDate": "2024-05-07",
        "acceptedDate": "2024-05-07 09:12:55",
        "calendarYear": "2024",
        "period": "Q1",
        "revenue": 121006000,
        "costOfRevenue": 68527000,
        "grossProfit": 52479000,
        "grossProfitRatio": 0.4336892386,
        "researchAndDevelopmentExpenses": 0,
        "generalAndAdministrativeExpenses": 30552000,
        "sellingAndMarketingExpenses": 10866000,
        "sellingGeneralAndAdministrativeExpenses": 41418000,
        "otherExpenses": 0,
        "operatingExpenses": 41416000,
        "costAndExpenses": 109943000,
        "interestIncome": 0,
        "interestExpense": 6817000,
        "depreciationAndAmortization": 6212000,
        "ebitda": 17275000,
        "ebitdaratio": 0.142761516,
        "operatingIncome": 11063000,
        "operatingIncomeRatio": 0.0914252186,
        "totalOtherIncomeExpensesNet": -4377000,
        "incomeBeforeTax": 6686000,
        "incomeBeforeTaxRatio": 0.0552534585,
        "incomeTaxExpense": -389000,
        "netIncome": 7075000,
        "netIncomeRatio": 0.0584681751,
        "eps": 0.67,
        "epsdiluted": 0.6,
        "weightedAverageShsOut": 10526417,
        "weightedAverageShsOutDil": 11810917,
        "link": "https://www.sec.gov/Archives/edgar/data/1807846/000095017024053998/0000950170-24-053998-index.htm",
        "finalLink": "https://www.sec.gov/Archives/edgar/data/1807846/000095017024053998/ml-20240331.htm"
    },
    {
        "date": "2023-12-31",
        "symbol": "ML",
        "reportedCurrency": "USD",
        "cik": "0001807846",
        "fillingDate": "2024-03-07",
        "acceptedDate": "2024-03-07 09:25:04",
        "calendarYear": "2023",
        "period": "Q4",
        "revenue": 112963000,
        "costOfRevenue": 66056000,
        "grossProfit": 46907000,
        "grossProfitRatio": 0.4152421589,
        "researchAndDevelopmentExpenses": 6516000,
        "generalAndAdministrativeExpenses": 28024000,
        "sellingAndMarketingExpenses": 8155000,
        "sellingGeneralAndAdministrativeExpenses": 36179000,
        "otherExpenses": -13778000,
        "operatingExpenses": 48157000,
        "costAndExpenses": 114213000,
        "interestIncome": 0,
        "interestExpense": 6734000,
        "depreciationAndAmortization": 6423000,
        "ebitda": 5173000,
        "ebitdaratio": 0.0457937555,
        "operatingIncome": -1250000,
        "operatingIncomeRatio": -0.0110655701,
        "totalOtherIncomeExpensesNet": -4135000,
        "incomeBeforeTax": -5385000,
        "incomeBeforeTaxRatio": -0.0476704762,
        "incomeTaxExpense": -1190000,
        "netIncome": -4195000,
        "netIncomeRatio": -0.0371360534,
        "eps": -0.4,
        "epsdiluted": -0.4,
        "weightedAverageShsOut": 10412294,
        "weightedAverageShsOutDil": 10412294,
        "link": "https://www.sec.gov/Archives/edgar/data/1807846/000095017024027617/0000950170-24-027617-index.htm",
        "finalLink": "https://www.sec.gov/Archives/edgar/data/1807846/000095017024027617/ml-20231231.htm"
    },
    {
        "date": "2023-09-30",
        "symbol": "ML",
        "reportedCurrency": "USD",
        "cik": "0001807846",
        "fillingDate": "2023-11-07",
        "acceptedDate": "2023-11-07 09:12:05",
        "calendarYear": "2023",
        "period": "Q3",
        "revenue": 110258000,
        "costOfRevenue": 38303000,
        "grossProfit": 71955000,
        "grossProfitRatio": 0.6526057066,
        "researchAndDevelopmentExpenses": 5891000,
        "generalAndAdministrativeExpenses": 28479000,
        "sellingAndMarketingExpenses": 7029000,
        "sellingGeneralAndAdministrativeExpenses": 35508000,
        "otherExpenses": 63825000,
        "operatingExpenses": 70854000,
        "costAndExpenses": 109157000,
        "interestIncome": 0,
        "interestExpense": 7088000,
        "depreciationAndAmortization": 6106000,
        "ebitda": 7207000,
        "ebitdaratio": 0.0653648715,
        "operatingIncome": 1101000,
        "operatingIncomeRatio": 0.00998567,
        "totalOtherIncomeExpensesNet": -4811000,
        "incomeBeforeTax": 1101000,
        "incomeBeforeTaxRatio": 0.00998567,
        "incomeTaxExpense": 400000,
        "netIncome": -4110000,
        "netIncomeRatio": -0.0372762067,
        "eps": -0.4,
        "epsdiluted": -0.4,
        "weightedAverageShsOut": 10221956,
        "weightedAverageShsOutDil": 10221956,
        "link": "https://www.sec.gov/Archives/edgar/data/1807846/000095017023059806/0000950170-23-059806-index.htm",
        "finalLink": "https://www.sec.gov/Archives/edgar/data/1807846/000095017023059806/ml-20230930.htm"
    },
    {
        "date": "2023-06-30",
        "symbol": "ML",
        "reportedCurrency": "USD",
        "cik": "0001807846",
        "fillingDate": "2023-08-08",
        "acceptedDate": "2023-08-08 09:09:40",
        "calendarYear": "2023",
        "period": "Q2",
        "revenue": 106541000,
        "costOfRevenue": 32230000,
        "grossProfit": 74311000,
        "grossProfitRatio": 0.6974873523,
        "researchAndDevelopmentExpenses": 0,
        "generalAndAdministrativeExpenses": 27090000,
        "sellingAndMarketingExpenses": 6549000,
        "sellingGeneralAndAdministrativeExpenses": 33639000,
        "otherExpenses": 1257000,
        "operatingExpenses": 76031000,
        "costAndExpenses": 108261000,
        "interestIncome": 0,
        "interestExpense": 7330000,
        "depreciationAndAmortization": 6113000,
        "ebitda": -14542000,
        "ebitdaratio": -0.1364920547,
        "operatingIncome": -1720000,
        "operatingIncomeRatio": -0.0161440197,
        "totalOtherIncomeExpensesNet": -26265000,
        "incomeBeforeTax": -27985000,
        "incomeBeforeTaxRatio": -0.2626688317,
        "incomeTaxExpense": -262000,
        "netIncome": -27723000,
        "netIncomeRatio": -0.2602096845,
        "eps": -3,
        "epsdiluted": -3,
        "weightedAverageShsOut": 9234238,
        "weightedAverageShsOutDil": 9234238,
        "link": "https://www.sec.gov/Archives/edgar/data/1807846/000095017023039411/0000950170-23-039411-index.htm",
        "finalLink": "https://www.sec.gov/Archives/edgar/data/1807846/000095017023039411/ml-20230630.htm"
    },
    {
        "date": "2023-03-31",
        "symbol": "ML",
        "reportedCurrency": "USD",
        "cik": "0001807846",
        "fillingDate": "2023-05-09",
        "acceptedDate": "2023-05-09 16:12:45",
        "calendarYear": "2023",
        "period": "Q1",
        "revenue": 93669000,
        "costOfRevenue": 29802000,
        "grossProfit": 63867000,
        "grossProfitRatio": 0.6818371073,
        "researchAndDevelopmentExpenses": 0,
        "generalAndAdministrativeExpenses": 29407000,
        "sellingAndMarketingExpenses": 6392000,
        "sellingGeneralAndAdministrativeExpenses": 35799000,
        "otherExpenses": 31544000,
        "operatingExpenses": 67343000,
        "costAndExpenses": 97145000,
        "interestIncome": 0,
        "interestExpense": 7511000,
        "depreciationAndAmortization": 6184000,
        "ebitda": 4454000,
        "ebitdaratio": 0.0475504169,
        "operatingIncome": -3476000,
        "operatingIncomeRatio": -0.0371093959,
        "totalOtherIncomeExpensesNet": -5765000,
        "incomeBeforeTax": -9241000,
        "incomeBeforeTaxRatio": -0.0986559054,
        "incomeTaxExpense": -24000,
        "netIncome": -9217000,
        "netIncomeRatio": -0.098399684,
        "eps": -1.27,
        "epsdiluted": -1.27,
        "weightedAverageShsOut": 8799068,
        "weightedAverageShsOutDil": 8799068,
        "link": "https://www.sec.gov/Archives/edgar/data/1807846/000095017023019672/0000950170-23-019672-index.htm",
        "finalLink": "https://www.sec.gov/Archives/edgar/data/1807846/000095017023019672/ml-20230331.htm"
    },
    {
        "date": "2022-12-31",
        "symbol": "ML",
        "reportedCurrency": "USD",
        "cik": "0001807846",
        "fillingDate": "2023-03-16",
        "acceptedDate": "2023-03-16 16:11:25",
        "calendarYear": "2022",
        "period": "Q4",
        "revenue": 94943000,
        "costOfRevenue": 26992000,
        "grossProfit": 67951000,
        "grossProfitRatio": 0.7157031061,
        "researchAndDevelopmentExpenses": 6295000,
        "generalAndAdministrativeExpenses": 21366000,
        "sellingAndMarketingExpenses": 9398000,
        "sellingGeneralAndAdministrativeExpenses": 30764000,
        "otherExpenses": 54232000,
        "operatingExpenses": 84996000,
        "costAndExpenses": 111988000,
        "interestIncome": 0,
        "interestExpense": 8161000,
        "depreciationAndAmortization": 6089000,
        "ebitda": -118042000,
        "ebitdaratio": -1.2432933444,
        "operatingIncome": -21328000,
        "operatingIncomeRatio": -0.2246400472,
        "totalOtherIncomeExpensesNet": -110964000,
        "incomeBeforeTax": -132292000,
        "incomeBeforeTaxRatio": -1.3933833985,
        "incomeTaxExpense": 3949000,
        "netIncome": -136241000,
        "netIncomeRatio": -1.4349767755,
        "eps": -15.87,
        "epsdiluted": -15.87,
        "weightedAverageShsOut": 8587345,
        "weightedAverageShsOutDil": 8587345,
        "link": "https://www.sec.gov/Archives/edgar/data/1807846/000095017023008455/0000950170-23-008455-index.htm",
        "finalLink": "https://www.sec.gov/Archives/edgar/data/1807846/000095017023008455/ml-20221231.htm"
    },
    {
        "date": "2022-09-30",
        "symbol": "ML",
        "reportedCurrency": "USD",
        "cik": "0001807846",
        "fillingDate": "2022-11-10",
        "acceptedDate": "2022-11-10 16:03:10",
        "calendarYear": "2022",
        "period": "Q3",
        "revenue": 88748000,
        "costOfRevenue": 28837000,
        "grossProfit": 59911000,
        "grossProfitRatio": 0.6750687339,
        "researchAndDevelopmentExpenses": 5327000,
        "generalAndAdministrativeExpenses": 38492000,
        "sellingAndMarketingExpenses": 6954000,
        "sellingGeneralAndAdministrativeExpenses": 45446000,
        "otherExpenses": 38637000,
        "operatingExpenses": 84083000,
        "costAndExpenses": 112920000,
        "interestIncome": 0,
        "interestExpense": 7880000,
        "depreciationAndAmortization": 6157000,
        "ebitda": -6927000,
        "ebitdaratio": -0.0780524632,
        "operatingIncome": -23712000,
        "operatingIncomeRatio": -0.2671834858,
        "totalOtherIncomeExpensesNet": 3208000,
        "incomeBeforeTax": -20964000,
        "incomeBeforeTaxRatio": -0.2362194078,
        "incomeTaxExpense": 53000,
        "netIncome": -21017000,
        "netIncomeRatio": -0.2368166043,
        "eps": -2.58,
        "epsdiluted": -2.58,
        "weightedAverageShsOut": 8156756,
        "weightedAverageShsOutDil": 8156756,
        "link": "https://www.sec.gov/Archives/edgar/data/1807846/000095017022024435/0000950170-22-024435-index.htm",
        "finalLink": "https://www.sec.gov/Archives/edgar/data/1807846/000095017022024435/ml-20220930.htm"
    },
    {
        "date": "2022-06-30",
        "symbol": "ML",
        "reportedCurrency": "USD",
        "cik": "0001807846",
        "fillingDate": "2022-08-11",
        "acceptedDate": "2022-08-11 16:31:09",
        "calendarYear": "2022",
        "period": "Q2",
        "revenue": 87340000,
        "costOfRevenue": 29386000,
        "grossProfit": 57954000,
        "grossProfitRatio": 0.6635447676,
        "researchAndDevelopmentExpenses": 0,
        "generalAndAdministrativeExpenses": 38559000,
        "sellingAndMarketingExpenses": 9477000,
        "sellingGeneralAndAdministrativeExpenses": 48036000,
        "otherExpenses": 36823000,
        "operatingExpenses": 84859000,
        "costAndExpenses": 114245000,
        "interestIncome": 0,
        "interestExpense": 7584000,
        "depreciationAndAmortization": 6006000,
        "ebitda": -9459000,
        "ebitdaratio": -0.1083008931,
        "operatingIncome": -26896000,
        "operatingIncomeRatio": -0.3079459583,
        "totalOtherIncomeExpensesNet": 3856000,
        "incomeBeforeTax": -23049000,
        "incomeBeforeTaxRatio": -0.2638997023,
        "incomeTaxExpense": 16000,
        "netIncome": -23065000,
        "netIncomeRatio": -0.2640828944,
        "eps": -2.93,
        "epsdiluted": -2.93,
        "weightedAverageShsOut": 7877106,
        "weightedAverageShsOutDil": 7877106,
        "link": "https://www.sec.gov/Archives/edgar/data/1807846/000095017022016913/0000950170-22-016913-index.htm",
        "finalLink": "https://www.sec.gov/Archives/edgar/data/1807846/000095017022016913/ml-20220630.htm"
    },
    {
        "date": "2022-03-31",
        "symbol": "ML",
        "reportedCurrency": "USD",
        "cik": "0001807846",
        "fillingDate": "2022-05-16",
        "acceptedDate": "2022-05-16 16:17:23",
        "calendarYear": "2022",
        "period": "Q1",
        "revenue": 69714000,
        "costOfRevenue": 21204000,
        "grossProfit": 48510000,
        "grossProfitRatio": 0.6958430158,
        "researchAndDevelopmentExpenses": 0,
        "generalAndAdministrativeExpenses": 33836000,
        "sellingAndMarketingExpenses": 11563000,
        "sellingGeneralAndAdministrativeExpenses": 45399000,
        "otherExpenses": 33813000,
        "operatingExpenses": 79212000,
        "costAndExpenses": 100416000,
        "interestIncome": 0,
        "interestExpense": 6174000,
        "depreciationAndAmortization": 3421000,
        "ebitda": -28800000,
        "ebitdaratio": -0.4131164472,
        "operatingIncome": -35039000,
        "operatingIncomeRatio": -0.5026106664,
        "totalOtherIncomeExpensesNet": -7840000,
        "incomeBeforeTax": -34564000,
        "incomeBeforeTaxRatio": -0.4957971139,
        "incomeTaxExpense": -34695000,
        "netIncome": 131000,
        "netIncomeRatio": 0.0018791061,
        "eps": 0.017,
        "epsdiluted": 0.017,
        "weightedAverageShsOut": 7691242,
        "weightedAverageShsOutDil": 7691243,
        "link": "https://www.sec.gov/Archives/edgar/data/1807846/000121390022027127/0001213900-22-027127-index.htm",
        "finalLink": "https://www.sec.gov/Archives/edgar/data/1807846/000121390022027127/f10q0322_moneylion.htm"
    },
    {
        "date": "2021-12-31",
        "symbol": "ML",
        "reportedCurrency": "USD",
        "cik": "0001807846",
        "fillingDate": "2022-03-17",
        "acceptedDate": "2022-03-17 17:28:01",
        "calendarYear": "2021",
        "period": "Q4",
        "revenue": 55562000,
        "costOfRevenue": 1881000,
        "grossProfit": 53681000,
        "grossProfitRatio": 0.9661459271,
        "researchAndDevelopmentExpenses": 0,
        "generalAndAdministrativeExpenses": 27582000,
        "sellingAndMarketingExpenses": 16110000,
        "sellingGeneralAndAdministrativeExpenses": 43692000,
        "otherExpenses": 7684000,
        "operatingExpenses": 81638000,
        "costAndExpenses": 83519000,
        "interestIncome": 0,
        "interestExpense": 2304000,
        "depreciationAndAmortization": 890000,
        "ebitda": -29035000,
        "ebitdaratio": -0.522569382,
        "operatingIncome": -33090000,
        "operatingIncomeRatio": -0.5955509161,
        "totalOtherIncomeExpensesNet": -3082000,
        "incomeBeforeTax": -31982000,
        "incomeBeforeTaxRatio": -0.5756092293,
        "incomeTaxExpense": 15000,
        "netIncome": -35409000,
        "netIncomeRatio": -0.6372880746,
        "eps": -4.63,
        "epsdiluted": -4.63,
        "weightedAverageShsOut": 7642522,
        "weightedAverageShsOutDil": 7642523,
        "link": "https://www.sec.gov/Archives/edgar/data/1807846/000121390022013301/0001213900-22-013301-index.htm",
        "finalLink": "https://www.sec.gov/Archives/edgar/data/1807846/000121390022013301/f10k2021_moneylioninc.htm"
    },
    {
        "date": "2021-09-30",
        "symbol": "ML",
        "reportedCurrency": "USD",
        "cik": "0001807846",
        "fillingDate": "2021-11-15",
        "acceptedDate": "2021-11-15 06:09:21",
        "calendarYear": "2021",
        "period": "Q3",
        "revenue": 44220000,
        "costOfRevenue": 1828000,
        "grossProfit": 42392000,
        "grossProfitRatio": 0.9586612393,
        "researchAndDevelopmentExpenses": 0,
        "generalAndAdministrativeExpenses": 23468000,
        "sellingAndMarketingExpenses": 13531000,
        "sellingGeneralAndAdministrativeExpenses": 36999000,
        "otherExpenses": 23966000,
        "operatingExpenses": 60965000,
        "costAndExpenses": 62793000,
        "interestIncome": 0,
        "interestExpense": 1627000,
        "depreciationAndAmortization": 486000,
        "ebitda": -22533000,
        "ebitdaratio": -0.5095658073,
        "operatingIncome": -18573000,
        "operatingIncomeRatio": -0.4200135685,
        "totalOtherIncomeExpensesNet": -4362000,
        "incomeBeforeTax": -20284000,
        "incomeBeforeTaxRatio": -0.4587064677,
        "incomeTaxExpense": -1000,
        "netIncome": -23803000,
        "netIncomeRatio": -0.5382858435,
        "eps": -3.89,
        "epsdiluted": -3.26,
        "weightedAverageShsOut": 6123291,
        "weightedAverageShsOutDil": 7303802,
        "link": "https://www.sec.gov/Archives/edgar/data/1807846/000121390021058908/0001213900-21-058908-index.htm",
        "finalLink": "https://www.sec.gov/Archives/edgar/data/1807846/000121390021058908/f10q0921_moneylioninc.htm"
    },
    {
        "date": "2021-06-30",
        "symbol": "ML",
        "reportedCurrency": "USD",
        "cik": "0001807846",
        "fillingDate": "2021-08-13",
        "acceptedDate": "2021-08-13 16:11:28",
        "calendarYear": "2021",
        "period": "Q2",
        "revenue": 38176000,
        "costOfRevenue": 2355000,
        "grossProfit": 35821000,
        "grossProfitRatio": 0.9383120285,
        "researchAndDevelopmentExpenses": 0,
        "generalAndAdministrativeExpenses": 16877000,
        "sellingAndMarketingExpenses": 9166000,
        "sellingGeneralAndAdministrativeExpenses": 26043000,
        "otherExpenses": -9622000,
        "operatingExpenses": 39488000,
        "costAndExpenses": 41843000,
        "interestIncome": 0,
        "interestExpense": 1849000,
        "depreciationAndAmortization": 502000,
        "ebitda": -19299000,
        "ebitdaratio": -0.5055270327,
        "operatingIncome": -3667000,
        "operatingIncomeRatio": -0.0960551132,
        "totalOtherIncomeExpensesNet": -27089000,
        "incomeBeforeTax": -39196000,
        "incomeBeforeTaxRatio": -1.0267183571,
        "incomeTaxExpense": 17000,
        "netIncome": -42290000,
        "netIncomeRatio": -1.1077640402,
        "eps": -26.08,
        "epsdiluted": -26.08,
        "weightedAverageShsOut": 1621375,
        "weightedAverageShsOutDil": 1621375,
        "link": "https://www.sec.gov/Archives/edgar/data/1807846/000121390021042490/0001213900-21-042490-index.htm",
        "finalLink": "https://www.sec.gov/Archives/edgar/data/1807846/000121390021042490/f10q0621_fusionacq.htm"
    },
    {
        "date": "2021-03-31",
        "symbol": "ML",
        "reportedCurrency": "USD",
        "cik": "0001807846",
        "fillingDate": "2021-05-24",
        "acceptedDate": "2021-05-24 16:10:51",
        "calendarYear": "2021",
        "period": "Q1",
        "revenue": 33130000,
        "costOfRevenue": 9903000,
        "grossProfit": 23227000,
        "grossProfitRatio": 0.7010866284,
        "researchAndDevelopmentExpenses": 0,
        "generalAndAdministrativeExpenses": 12842000,
        "sellingAndMarketingExpenses": 4363000,
        "sellingGeneralAndAdministrativeExpenses": 17205000,
        "otherExpenses": -39912000,
        "operatingExpenses": 23995000,
        "costAndExpenses": 33898000,
        "interestIncome": 0,
        "interestExpense": 1471000,
        "depreciationAndAmortization": 514000,
        "ebitda": -40166000,
        "ebitdaratio": -1.2123754905,
        "operatingIncome": -446461,
        "operatingIncomeRatio": -0.0134760338,
        "totalOtherIncomeExpensesNet": -72934539,
        "incomeBeforeTax": -73381000,
        "incomeBeforeTaxRatio": -2.214941141,
        "incomeTaxExpense": 25000,
        "netIncome": -76173000,
        "netIncomeRatio": -2.2992152128,
        "eps": -47.27,
        "epsdiluted": -47.27,
        "weightedAverageShsOut": 1611606,
        "weightedAverageShsOutDil": 1611606,
        "link": "https://www.sec.gov/Archives/edgar/data/1807846/000121390021028768/0001213900-21-028768-index.htm",
        "finalLink": "https://www.sec.gov/Archives/edgar/data/1807846/000121390021028768/f10q0321_fusionacq.htm"
    },
    {
        "date": "2020-12-31",
        "symbol": "ML",
        "reportedCurrency": "USD",
        "cik": "0001807846",
        "fillingDate": "2021-03-25",
        "acceptedDate": "2021-03-25 16:58:48",
        "calendarYear": "2020",
        "period": "Q4",
        "revenue": 22550000,
        "costOfRevenue": 1199000,
        "grossProfit": 21351000,
        "grossProfitRatio": 0.9468292683,
        "researchAndDevelopmentExpenses": 0,
        "generalAndAdministrativeExpenses": 16337000,
        "sellingAndMarketingExpenses": 3656000,
        "sellingGeneralAndAdministrativeExpenses": 19993000,
        "otherExpenses": 7766000,
        "operatingExpenses": 27759000,
        "costAndExpenses": 28958000,
        "interestIncome": 0,
        "interestExpense": 634000,
        "depreciationAndAmortization": 297000,
        "ebitda": -39079577,
        "ebitdaratio": -1.7330189357,
        "operatingIncome": -6408000,
        "operatingIncomeRatio": -0.2841685144,
        "totalOtherIncomeExpensesNet": -24007000,
        "incomeBeforeTax": -30415000,
        "incomeBeforeTaxRatio": -1.3487804878,
        "incomeTaxExpense": 19000,
        "netIncome": -32363000,
        "netIncomeRatio": -1.4351662971,
        "eps": -21.68,
        "epsdiluted": -21.6,
        "weightedAverageShsOut": 1492991,
        "weightedAverageShsOutDil": 1498278,
        "link": "https://www.sec.gov/Archives/edgar/data/1807846/000121390021017775/0001213900-21-017775-index.htm",
        "finalLink": "https://www.sec.gov/Archives/edgar/data/1807846/000121390021017775/f10k2020_fusionacquisition.htm"
    },
    {
        "date": "2020-09-30",
        "symbol": "ML",
        "reportedCurrency": "USD",
        "cik": "0001807846",
        "fillingDate": "2020-11-13",
        "acceptedDate": "2020-11-13 17:28:36",
        "calendarYear": "2020",
        "period": "Q3",
        "revenue": 23117000,
        "costOfRevenue": 1183000,
        "grossProfit": 21934000,
        "grossProfitRatio": 0.9488255396,
        "researchAndDevelopmentExpenses": 0,
        "generalAndAdministrativeExpenses": 9727000,
        "sellingAndMarketingExpenses": 2921000,
        "sellingGeneralAndAdministrativeExpenses": 12648000,
        "otherExpenses": 10485000,
        "operatingExpenses": 23133000,
        "costAndExpenses": 24316000,
        "interestIncome": 0,
        "interestExpense": 865000,
        "depreciationAndAmortization": 286000,
        "ebitda": -284765,
        "ebitdaratio": -0.0123184237,
        "operatingIncome": -1199000,
        "operatingIncomeRatio": -0.0518665917,
        "totalOtherIncomeExpensesNet": -4291000,
        "incomeBeforeTax": -5490000,
        "incomeBeforeTaxRatio": -0.2374875633,
        "incomeTaxExpense": -12334,
        "netIncome": -7457000,
        "netIncomeRatio": -0.3225764589,
        "eps": -4.99,
        "epsdiluted": -4.99,
        "weightedAverageShsOut": 1495263,
        "weightedAverageShsOutDil": 1495263,
        "link": "https://www.sec.gov/Archives/edgar/data/1807846/000121390020037008/0001213900-20-037008-index.htm",
        "finalLink": "https://www.sec.gov/Archives/edgar/data/1807846/000121390020037008/f10q0920_fusionacquisition.htm"
    },
    {
        "date": "2020-06-30",
        "symbol": "ML",
        "reportedCurrency": "USD",
        "cik": "0001807846",
        "fillingDate": "2020-08-14",
        "acceptedDate": "2020-08-14 09:20:39",
        "calendarYear": "2020",
        "period": "Q2",
        "revenue": 16970000,
        "costOfRevenue": 1014000,
        "grossProfit": 15956000,
        "grossProfitRatio": 0.9402474956,
        "researchAndDevelopmentExpenses": 0,
        "generalAndAdministrativeExpenses": 9308000,
        "sellingAndMarketingExpenses": 1633000,
        "sellingGeneralAndAdministrativeExpenses": 10941000,
        "otherExpenses": 428000,
        "operatingExpenses": 11369000,
        "costAndExpenses": 12383000,
        "interestIncome": 0,
        "interestExpense": 0,
        "depreciationAndAmortization": 271000,
        "ebitda": 6047000,
        "ebitdaratio": 0.3563347083,
        "operatingIncome": 4587000,
        "operatingIncomeRatio": 0.2703005303,
        "totalOtherIncomeExpensesNet": -3440000,
        "incomeBeforeTax": 1147000,
        "incomeBeforeTaxRatio": 0.0675898645,
        "incomeTaxExpense": 0,
        "netIncome": -924000,
        "netIncomeRatio": -0.0544490277,
        "eps": -10.14,
        "epsdiluted": -10.14,
        "weightedAverageShsOut": 91096,
        "weightedAverageShsOutDil": 91097,
        "link": "https://www.sec.gov/Archives/edgar/data/1807846/000121390020022095/0001213900-20-022095-index.htm",
        "finalLink": "https://www.sec.gov/Archives/edgar/data/1807846/000121390020022095/f10q0620_fusionacquisition.htm"
    },
    {
        "date": "2020-03-31",
        "symbol": "ML",
        "reportedCurrency": "USD",
        "cik": "0001807846",
        "fillingDate": "2020-08-10",
        "acceptedDate": "2020-08-10 16:03:49",
        "calendarYear": "2020",
        "period": "Q1",
        "revenue": 16673000,
        "costOfRevenue": 6941000,
        "grossProfit": 9732000,
        "grossProfitRatio": 0.5836981947,
        "researchAndDevelopmentExpenses": 0,
        "generalAndAdministrativeExpenses": 3199000,
        "sellingAndMarketingExpenses": 2850000,
        "sellingGeneralAndAdministrativeExpenses": 10560000,
        "otherExpenses": 0,
        "operatingExpenses": 15881000,
        "costAndExpenses": 22822000,
        "interestIncome": 672000,
        "interestExpense": 0,
        "depreciationAndAmortization": 254000,
        "ebitda": -1287000,
        "ebitdaratio": -0.0771906675,
        "operatingIncome": -1541000,
        "operatingIncomeRatio": -0.0924248785,
        "totalOtherIncomeExpensesNet": -5280000,
        "incomeBeforeTax": -6821000,
        "incomeBeforeTaxRatio": -0.4091045403,
        "incomeTaxExpense": 13000,
        "netIncome": -13370000,
        "netIncomeRatio": -0.8018952798,
        "eps": -147.97,
        "epsdiluted": -147.97,
        "weightedAverageShsOut": 90357,
        "weightedAverageShsOutDil": 90357,
        "link": "https://www.sec.gov/Archives/edgar/data/1807846/000121390020021154/0001213900-20-021154-index.htm",
        "finalLink": "https://www.sec.gov/Archives/edgar/data/1807846/000121390020021154/f10q0320_fusionacq.htm"
    }
]