[
    {
        "date": "2025-06-30",
        "symbol": "MNR",
        "reportedCurrency": "USD",
        "cik": "0001980088",
        "fillingDate": "2025-08-07",
        "acceptedDate": "2025-08-07 16:10:41",
        "calendarYear": "2025",
        "period": "Q2",
        "revenue": 288517000,
        "costOfRevenue": 6274000,
        "grossProfit": 282243000,
        "grossProfitRatio": 0.9782543143,
        "researchAndDevelopmentExpenses": 0,
        "generalAndAdministrativeExpenses": 6952000,
        "sellingAndMarketingExpenses": 0,
        "sellingGeneralAndAdministrativeExpenses": 6952000,
        "otherExpenses": 36340000,
        "operatingExpenses": 43292000,
        "costAndExpenses": 177220000,
        "interestIncome": 0,
        "interestExpense": 12140000,
        "depreciationAndAmortization": 67098000,
        "ebitda": 168899000,
        "ebitdaratio": 0.5854039797,
        "operatingIncome": 111297000,
        "operatingIncomeRatio": 0.3857554321,
        "totalOtherIncomeExpensesNet": -21636000,
        "incomeBeforeTax": 89661000,
        "incomeBeforeTaxRatio": 0.3107650502,
        "incomeTaxExpense": 0,
        "netIncome": 89661000,
        "netIncomeRatio": 0.3107650502,
        "eps": 0.76,
        "epsdiluted": 0.76,
        "weightedAverageShsOut": 118336000,
        "weightedAverageShsOutDil": 118389000,
        "link": "https://www.sec.gov/Archives/edgar/data/1980088/000162828025038877/0001628280-25-038877-index.htm",
        "finalLink": "https://www.sec.gov/Archives/edgar/data/1980088/000162828025038877/mnr-20250630.htm"
    },
    {
        "date": "2025-03-31",
        "symbol": "MNR",
        "reportedCurrency": "USD",
        "cik": "0001980088",
        "fillingDate": "2025-05-08",
        "acceptedDate": "2025-05-08 16:09:16",
        "calendarYear": "2025",
        "period": "Q1",
        "revenue": 267461000,
        "costOfRevenue": 7987000,
        "grossProfit": 62539000,
        "grossProfitRatio": 0.2338247445,
        "researchAndDevelopmentExpenses": 0,
        "generalAndAdministrativeExpenses": 9017000,
        "sellingAndMarketingExpenses": 0,
        "sellingGeneralAndAdministrativeExpenses": 9017000,
        "otherExpenses": 1850000,
        "operatingExpenses": 10867000,
        "costAndExpenses": 175096000,
        "interestIncome": 0,
        "interestExpense": 17894000,
        "depreciationAndAmortization": 61185000,
        "ebitda": 112857000,
        "ebitdaratio": 0.421956846,
        "operatingIncome": 51672000,
        "operatingIncomeRatio": 0.1931945218,
        "totalOtherIncomeExpensesNet": -35786000,
        "incomeBeforeTax": 15886000,
        "incomeBeforeTaxRatio": 0.0593955754,
        "incomeTaxExpense": 0,
        "netIncome": 15886000,
        "netIncomeRatio": 0.0593955754,
        "eps": 0.14,
        "epsdiluted": 0.14,
        "weightedAverageShsOut": 112125000,
        "weightedAverageShsOutDil": 112199000,
        "link": "https://www.sec.gov/Archives/edgar/data/1980088/000162828025023787/0001628280-25-023787-index.htm",
        "finalLink": "https://www.sec.gov/Archives/edgar/data/1980088/000162828025023787/mnr-20250331.htm"
    },
    {
        "date": "2024-12-31",
        "symbol": "MNR",
        "reportedCurrency": "USD",
        "cik": "0001980088",
        "fillingDate": "2025-03-13",
        "acceptedDate": "2025-03-13 16:04:53",
        "calendarYear": "2024",
        "period": "Q4",
        "revenue": 234943000,
        "costOfRevenue": 166705000,
        "grossProfit": 68238000,
        "grossProfitRatio": 0.2904449164,
        "researchAndDevelopmentExpenses": 0,
        "generalAndAdministrativeExpenses": 9707000,
        "sellingAndMarketingExpenses": 0,
        "sellingGeneralAndAdministrativeExpenses": 9707000,
        "otherExpenses": 0,
        "operatingExpenses": 9707000,
        "costAndExpenses": 176412000,
        "interestIncome": 0,
        "interestExpense": 24493000,
        "depreciationAndAmortization": 69859000,
        "ebitda": 130869000,
        "ebitdaratio": 0.5570244698,
        "operatingIncome": 58531000,
        "operatingIncomeRatio": 0.249128512,
        "totalOtherIncomeExpensesNet": -22014000,
        "incomeBeforeTax": 36517000,
        "incomeBeforeTaxRatio": 0.1554291892,
        "incomeTaxExpense": 0,
        "netIncome": 221696000,
        "netIncomeRatio": 0.9436161111,
        "eps": 0.34,
        "epsdiluted": 0.34,
        "weightedAverageShsOut": 106500270,
        "weightedAverageShsOutDil": 106500270,
        "link": "https://www.sec.gov/Archives/edgar/data/1980088/000162828025012591/0001628280-25-012591-index.htm",
        "finalLink": "https://www.sec.gov/Archives/edgar/data/1980088/000162828025012591/mnr-20241231.htm"
    },
    {
        "date": "2024-09-30",
        "symbol": "MNR",
        "reportedCurrency": "USD",
        "cik": "0001980088",
        "fillingDate": "2024-11-12",
        "acceptedDate": "2024-11-12 16:30:20",
        "calendarYear": "2024",
        "period": "Q3",
        "revenue": 255536000,
        "costOfRevenue": 151417000,
        "grossProfit": 104119000,
        "grossProfitRatio": 0.407453353,
        "researchAndDevelopmentExpenses": 0,
        "generalAndAdministrativeExpenses": 9385000,
        "sellingAndMarketingExpenses": 0,
        "sellingGeneralAndAdministrativeExpenses": 9385000,
        "otherExpenses": 0,
        "operatingExpenses": 9385000,
        "costAndExpenses": 160802000,
        "interestIncome": 0,
        "interestExpense": 26772000,
        "depreciationAndAmortization": 65577000,
        "ebitda": 159793000,
        "ebitdaratio": 0.6253248075,
        "operatingIncome": 94734000,
        "operatingIncomeRatio": 0.3707266295,
        "totalOtherIncomeExpensesNet": -27290000,
        "incomeBeforeTax": 67444000,
        "incomeBeforeTaxRatio": 0.2639315008,
        "incomeTaxExpense": 0,
        "netIncome": 67444000,
        "netIncomeRatio": 0.2639315008,
        "eps": 0.7,
        "epsdiluted": 0.7,
        "weightedAverageShsOut": 96856000,
        "weightedAverageShsOutDil": 97033000,
        "link": "https://www.sec.gov/Archives/edgar/data/1980088/000162828024047202/0001628280-24-047202-index.htm",
        "finalLink": "https://www.sec.gov/Archives/edgar/data/1980088/000162828024047202/mnr-20240930.htm"
    },
    {
        "date": "2024-06-30",
        "symbol": "MNR",
        "reportedCurrency": "USD",
        "cik": "0001980088",
        "fillingDate": "2024-08-13",
        "acceptedDate": "2024-08-13 17:05:48",
        "calendarYear": "2024",
        "period": "Q2",
        "revenue": 244629000,
        "costOfRevenue": 158093000,
        "grossProfit": 86536000,
        "grossProfitRatio": 0.3537438325,
        "researchAndDevelopmentExpenses": 0,
        "generalAndAdministrativeExpenses": 11418000,
        "sellingAndMarketingExpenses": 0,
        "sellingGeneralAndAdministrativeExpenses": 11418000,
        "otherExpenses": 0,
        "operatingExpenses": 11418000,
        "costAndExpenses": 169511000,
        "interestIncome": 0,
        "interestExpense": 27046000,
        "depreciationAndAmortization": 68061000,
        "ebitda": 134623000,
        "ebitdaratio": 0.5503149667,
        "operatingIncome": 70483000,
        "operatingIncomeRatio": 0.2881220133,
        "totalOtherIncomeExpensesNet": -30967000,
        "incomeBeforeTax": 39516000,
        "incomeBeforeTaxRatio": 0.1615344052,
        "incomeTaxExpense": 0,
        "netIncome": 39516000,
        "netIncomeRatio": 0.1615344052,
        "eps": 0.42,
        "epsdiluted": 0.42,
        "weightedAverageShsOut": 95009000,
        "weightedAverageShsOutDil": 95187000,
        "link": "https://www.sec.gov/Archives/edgar/data/1980088/000162828024036971/0001628280-24-036971-index.htm",
        "finalLink": "https://www.sec.gov/Archives/edgar/data/1980088/000162828024036971/mnr-20240630.htm"
    },
    {
        "date": "2024-03-31",
        "symbol": "MNR",
        "reportedCurrency": "USD",
        "cik": "0001980088",
        "fillingDate": "2024-05-13",
        "acceptedDate": "2024-05-13 17:19:34",
        "calendarYear": "2024",
        "period": "Q1",
        "revenue": 268423000,
        "costOfRevenue": 161583000,
        "grossProfit": 106840000,
        "grossProfitRatio": 0.3980284849,
        "researchAndDevelopmentExpenses": 0,
        "generalAndAdministrativeExpenses": 10328000,
        "sellingAndMarketingExpenses": 0,
        "sellingGeneralAndAdministrativeExpenses": 10328000,
        "otherExpenses": 0,
        "operatingExpenses": 10328000,
        "costAndExpenses": 171911000,
        "interestIncome": 0,
        "interestExpense": 26285000,
        "depreciationAndAmortization": 67470000,
        "ebitda": 135457000,
        "ebitdaratio": 0.5046400644,
        "operatingIncome": 67244000,
        "operatingIncomeRatio": 0.2505150453,
        "totalOtherIncomeExpensesNet": -25542000,
        "incomeBeforeTax": 41702000,
        "incomeBeforeTaxRatio": 0.155359265,
        "incomeTaxExpense": 0,
        "netIncome": 41702000,
        "netIncomeRatio": 0.155359265,
        "eps": 0.44,
        "epsdiluted": 0.44,
        "weightedAverageShsOut": 95000000,
        "weightedAverageShsOutDil": 95005000,
        "link": "https://www.sec.gov/Archives/edgar/data/1980088/000162828024022957/0001628280-24-022957-index.htm",
        "finalLink": "https://www.sec.gov/Archives/edgar/data/1980088/000162828024022957/mnr-20240331.htm"
    },
    {
        "date": "2023-12-31",
        "symbol": "MNR",
        "reportedCurrency": "USD",
        "cik": "0001980088",
        "fillingDate": "2024-04-01",
        "acceptedDate": "2024-04-01 17:20:12",
        "calendarYear": "2023",
        "period": "Q4",
        "revenue": 181396000,
        "costOfRevenue": 113575000,
        "grossProfit": 67821000,
        "grossProfitRatio": 0.3738836579,
        "researchAndDevelopmentExpenses": 0,
        "generalAndAdministrativeExpenses": 12388000,
        "sellingAndMarketingExpenses": 0,
        "sellingGeneralAndAdministrativeExpenses": 12388000,
        "otherExpenses": 0,
        "operatingExpenses": 12388000,
        "costAndExpenses": 125963000,
        "interestIncome": 0,
        "interestExpense": 5358000,
        "depreciationAndAmortization": 43694000,
        "ebitda": 142622000,
        "ebitdaratio": 0.7862466648,
        "operatingIncome": 55433000,
        "operatingIncomeRatio": 0.3055910825,
        "totalOtherIncomeExpensesNet": 38137000,
        "incomeBeforeTax": 93570000,
        "incomeBeforeTaxRatio": 0.5158327637,
        "incomeTaxExpense": 0,
        "netIncome": -184470000,
        "netIncomeRatio": -1.0169463494,
        "eps": -1.94,
        "epsdiluted": -1.94,
        "weightedAverageShsOut": 95000000,
        "weightedAverageShsOutDil": 95000000,
        "link": "https://www.sec.gov/Archives/edgar/data/1980088/000162828024014131/0001628280-24-014131-index.htm",
        "finalLink": "https://www.sec.gov/Archives/edgar/data/1980088/000162828024014131/mnr-20231231.htm"
    },
    {
        "date": "2023-09-30",
        "symbol": "MNR",
        "reportedCurrency": "USD",
        "cik": "0001980088",
        "fillingDate": "2023-12-07",
        "acceptedDate": "2023-12-07 17:09:42",
        "calendarYear": "2023",
        "period": "Q3",
        "revenue": 175389000,
        "costOfRevenue": 76867000,
        "grossProfit": 98522000,
        "grossProfitRatio": 0.5617342023,
        "researchAndDevelopmentExpenses": 0,
        "generalAndAdministrativeExpenses": 5360000,
        "sellingAndMarketingExpenses": 0,
        "sellingGeneralAndAdministrativeExpenses": 5360000,
        "otherExpenses": 0,
        "operatingExpenses": 5360000,
        "costAndExpenses": 91645000,
        "interestIncome": 0,
        "interestExpense": 2054000,
        "depreciationAndAmortization": 33035000,
        "ebitda": 118574000,
        "ebitdaratio": 0.676062923,
        "operatingIncome": 83744000,
        "operatingIncomeRatio": 0.4774757824,
        "totalOtherIncomeExpensesNet": -259000,
        "incomeBeforeTax": 83485000,
        "incomeBeforeTaxRatio": 0.4759990649,
        "incomeTaxExpense": 0,
        "netIncome": 83485000,
        "netIncomeRatio": 0.4759990649,
        "eps": 0.88,
        "epsdiluted": 0.88,
        "weightedAverageShsOut": 95000000,
        "weightedAverageShsOutDil": 95000000,
        "link": "https://www.sec.gov/Archives/edgar/data/1980088/000162828023041085/0001628280-23-041085-index.htm",
        "finalLink": "https://www.sec.gov/Archives/edgar/data/1980088/000162828023041085/mnr-20230930.htm"
    },
    {
        "date": "2023-06-30",
        "symbol": "MNR",
        "reportedCurrency": "USD",
        "cik": "0001980088",
        "fillingDate": "2023-06-30",
        "acceptedDate": "2023-06-30 00:00:00",
        "calendarYear": "2023",
        "period": "Q2",
        "revenue": 261083000,
        "costOfRevenue": 143362000,
        "grossProfit": 117721000,
        "grossProfitRatio": 0.4508949261,
        "researchAndDevelopmentExpenses": 0,
        "generalAndAdministrativeExpenses": 7107000,
        "sellingAndMarketingExpenses": 0,
        "sellingGeneralAndAdministrativeExpenses": 7107000,
        "otherExpenses": 0,
        "operatingExpenses": 7107000,
        "costAndExpenses": 150469000,
        "interestIncome": 0,
        "interestExpense": 1975000,
        "depreciationAndAmortization": 29964000,
        "ebitda": 109748000,
        "ebitdaratio": 0.4203567448,
        "operatingIncome": 110614000,
        "operatingIncomeRatio": 0.4236736976,
        "totalOtherIncomeExpensesNet": -2332000,
        "incomeBeforeTax": 104233000,
        "incomeBeforeTaxRatio": 0.399233194,
        "incomeTaxExpense": -3775000,
        "netIncome": 104233000,
        "netIncomeRatio": 0.399233194,
        "eps": 1.1,
        "epsdiluted": 1.1,
        "weightedAverageShsOut": 95000000,
        "weightedAverageShsOutDil": 95000000,
        "link": null,
        "finalLink": null
    },
    {
        "date": "2023-03-31",
        "symbol": "MNR",
        "reportedCurrency": "USD",
        "cik": "0001980088",
        "fillingDate": "2023-03-31",
        "acceptedDate": "2023-03-31 00:00:00",
        "calendarYear": "2023",
        "period": "Q1",
        "revenue": 192173000,
        "costOfRevenue": 94134000,
        "grossProfit": 98039000,
        "grossProfitRatio": 0.5101601161,
        "researchAndDevelopmentExpenses": 0,
        "generalAndAdministrativeExpenses": 4643000,
        "sellingAndMarketingExpenses": 0,
        "sellingGeneralAndAdministrativeExpenses": 4643000,
        "otherExpenses": 0,
        "operatingExpenses": 4643000,
        "costAndExpenses": 98777000,
        "interestIncome": 0,
        "interestExpense": 1814000,
        "depreciationAndAmortization": 30924000,
        "ebitda": 124432000,
        "ebitdaratio": 0.6474999089,
        "operatingIncome": 93396000,
        "operatingIncomeRatio": 0.4859995941,
        "totalOtherIncomeExpensesNet": -1702000,
        "incomeBeforeTax": 91694000,
        "incomeBeforeTaxRatio": 0.477142991,
        "incomeTaxExpense": 0,
        "netIncome": 91694000,
        "netIncomeRatio": 0.477142991,
        "eps": 0.97,
        "epsdiluted": 0.97,
        "weightedAverageShsOut": 95000000,
        "weightedAverageShsOutDil": 95000000,
        "link": null,
        "finalLink": null
    },
    {
        "date": "2022-12-31",
        "symbol": "MNR",
        "reportedCurrency": "USD",
        "cik": "0001980088",
        "fillingDate": "2022-12-31",
        "acceptedDate": "2022-12-31 00:00:00",
        "calendarYear": "2022",
        "period": "Q4",
        "revenue": 497863000,
        "costOfRevenue": 251845000,
        "grossProfit": 246018000,
        "grossProfitRatio": 0.4941479885,
        "researchAndDevelopmentExpenses": 0,
        "generalAndAdministrativeExpenses": -169000,
        "sellingAndMarketingExpenses": 0,
        "sellingGeneralAndAdministrativeExpenses": -169000,
        "otherExpenses": 0,
        "operatingExpenses": -169000,
        "costAndExpenses": 251676000,
        "interestIncome": 0,
        "interestExpense": 1048000,
        "depreciationAndAmortization": 29544000,
        "ebitda": 274826000,
        "ebitdaratio": 0.5520112963,
        "operatingIncome": 246187000,
        "operatingIncomeRatio": 0.4944874393,
        "totalOtherIncomeExpensesNet": -1953000,
        "incomeBeforeTax": 244234000,
        "incomeBeforeTaxRatio": 0.4905646734,
        "incomeTaxExpense": 143000,
        "netIncome": 244234000,
        "netIncomeRatio": 0.4905646734,
        "eps": 2.57,
        "epsdiluted": 2.57,
        "weightedAverageShsOut": 95000000,
        "weightedAverageShsOutDil": 95000000,
        "link": null,
        "finalLink": null
    },
    {
        "date": "2022-09-30",
        "symbol": "MNR",
        "reportedCurrency": "USD",
        "cik": "0001980088",
        "fillingDate": "2022-09-30",
        "acceptedDate": "2022-09-29 20:00:00",
        "calendarYear": "2022",
        "period": "Q3",
        "revenue": 295744000,
        "costOfRevenue": 115109000,
        "grossProfit": 180635000,
        "grossProfitRatio": 0.6107816219,
        "researchAndDevelopmentExpenses": 0,
        "generalAndAdministrativeExpenses": 5799000,
        "sellingAndMarketingExpenses": 0,
        "sellingGeneralAndAdministrativeExpenses": 5799000,
        "otherExpenses": 0,
        "operatingExpenses": 5799000,
        "costAndExpenses": 120908000,
        "interestIncome": 0,
        "interestExpense": 1317000,
        "depreciationAndAmortization": 27663000,
        "ebitda": 201200000,
        "ebitdaratio": 0.680318113,
        "operatingIncome": 174836000,
        "operatingIncomeRatio": 0.5911734473,
        "totalOtherIncomeExpensesNet": -2616000,
        "incomeBeforeTax": 172220000,
        "incomeBeforeTaxRatio": 0.5823279593,
        "incomeTaxExpense": 18000,
        "netIncome": 172220000,
        "netIncomeRatio": 0.5823279593,
        "eps": 1.81,
        "epsdiluted": 1.81,
        "weightedAverageShsOut": 95000000,
        "weightedAverageShsOutDil": 95000000,
        "link": null,
        "finalLink": null
    }
]