[
    {
        "date": "2025-09-30",
        "symbol": "MSA",
        "reportedCurrency": "USD",
        "cik": "0000066570",
        "fillingDate": "2025-10-29",
        "acceptedDate": "2025-10-29 17:02:49",
        "calendarYear": "2025",
        "period": "Q3",
        "revenue": 468444000,
        "costOfRevenue": 250828000,
        "grossProfit": 217616000,
        "grossProfitRatio": 0.4645507254,
        "researchAndDevelopmentExpenses": 16521000,
        "generalAndAdministrativeExpenses": 0,
        "sellingAndMarketingExpenses": 0,
        "sellingGeneralAndAdministrativeExpenses": 102852000,
        "otherExpenses": 3922000,
        "operatingExpenses": 123295000,
        "costAndExpenses": 374123000,
        "interestIncome": 0,
        "interestExpense": 8417000,
        "depreciationAndAmortization": 0,
        "ebitda": 100872000,
        "ebitdaratio": 0.2153341701,
        "operatingIncome": 94310000,
        "operatingIncomeRatio": 0.2013260923,
        "totalOtherIncomeExpensesNet": -1855000,
        "incomeBeforeTax": 92455000,
        "incomeBeforeTaxRatio": 0.197366174,
        "incomeTaxExpense": 22842000,
        "netIncome": 69613000,
        "netIncomeRatio": 0.1486047425,
        "eps": 1.77,
        "epsdiluted": 1.77,
        "weightedAverageShsOut": 39258000,
        "weightedAverageShsOutDil": 39359000,
        "link": "https://www.sec.gov/Archives/edgar/data/66570/000006657025000042/0000066570-25-000042-index.htm",
        "finalLink": "https://www.sec.gov/Archives/edgar/data/66570/000006657025000042/msa-20250930.htm"
    },
    {
        "date": "2025-06-30",
        "symbol": "MSA",
        "reportedCurrency": "USD",
        "cik": "0000066570",
        "fillingDate": "2025-08-05",
        "acceptedDate": "2025-08-05 17:14:28",
        "calendarYear": "2025",
        "period": "Q2",
        "revenue": 474116000,
        "costOfRevenue": 253406000,
        "grossProfit": 220710000,
        "grossProfitRatio": 0.4655189869,
        "researchAndDevelopmentExpenses": 16996000,
        "generalAndAdministrativeExpenses": 0,
        "sellingAndMarketingExpenses": 0,
        "sellingGeneralAndAdministrativeExpenses": 112078000,
        "otherExpenses": 5774000,
        "operatingExpenses": 134848000,
        "costAndExpenses": 388254000,
        "interestIncome": 0,
        "interestExpense": 8116000,
        "depreciationAndAmortization": 18099000,
        "ebitda": 108961000,
        "ebitdaratio": 0.2298192847,
        "operatingIncome": 85862000,
        "operatingIncomeRatio": 0.1810991403,
        "totalOtherIncomeExpensesNet": -3116000,
        "incomeBeforeTax": 82746000,
        "incomeBeforeTaxRatio": 0.174526909,
        "incomeTaxExpense": 19973000,
        "netIncome": 62773000,
        "netIncomeRatio": 0.1324000877,
        "eps": 1.6,
        "epsdiluted": 1.59,
        "weightedAverageShsOut": 39258000,
        "weightedAverageShsOutDil": 39359000,
        "link": "https://www.sec.gov/Archives/edgar/data/66570/000006657025000030/0000066570-25-000030-index.htm",
        "finalLink": "https://www.sec.gov/Archives/edgar/data/66570/000006657025000030/msa-20250630.htm"
    },
    {
        "date": "2025-03-31",
        "symbol": "MSA",
        "reportedCurrency": "USD",
        "cik": "0000066570",
        "fillingDate": "2025-05-01",
        "acceptedDate": "2025-04-30 17:31:20",
        "calendarYear": "2025",
        "period": "Q1",
        "revenue": 421340000,
        "costOfRevenue": 227945000,
        "grossProfit": 193395000,
        "grossProfitRatio": 0.4589998576,
        "researchAndDevelopmentExpenses": 15669000,
        "generalAndAdministrativeExpenses": 0,
        "sellingAndMarketingExpenses": 0,
        "sellingGeneralAndAdministrativeExpenses": 93965000,
        "otherExpenses": 6000000,
        "operatingExpenses": 115634000,
        "costAndExpenses": 343579000,
        "interestIncome": 0,
        "interestExpense": 6835000,
        "depreciationAndAmortization": 16251000,
        "ebitda": 101035000,
        "ebitdaratio": 0.2397944653,
        "operatingIncome": 77761000,
        "operatingIncomeRatio": 0.1845564152,
        "totalOtherIncomeExpensesNet": 188000,
        "incomeBeforeTax": 77949000,
        "incomeBeforeTaxRatio": 0.1850026107,
        "incomeTaxExpense": 18344000,
        "netIncome": 59605000,
        "netIncomeRatio": 0.1414653249,
        "eps": 1.51,
        "epsdiluted": 1.51,
        "weightedAverageShsOut": 39334000,
        "weightedAverageShsOutDil": 39501000,
        "link": "https://www.sec.gov/Archives/edgar/data/66570/000006657025000016/0000066570-25-000016-index.htm",
        "finalLink": "https://www.sec.gov/Archives/edgar/data/66570/000006657025000016/msa-20250331.htm"
    },
    {
        "date": "2024-12-31",
        "symbol": "MSA",
        "reportedCurrency": "USD",
        "cik": "0000066570",
        "fillingDate": "2025-02-14",
        "acceptedDate": "2025-02-14 16:34:16",
        "calendarYear": "2024",
        "period": "Q4",
        "revenue": 499697000,
        "costOfRevenue": 265268000,
        "grossProfit": 234429000,
        "grossProfitRatio": 0.4691432391,
        "researchAndDevelopmentExpenses": 16831000,
        "generalAndAdministrativeExpenses": 0,
        "sellingAndMarketingExpenses": 0,
        "sellingGeneralAndAdministrativeExpenses": 100378000,
        "otherExpenses": -424000,
        "operatingExpenses": 116785000,
        "costAndExpenses": 382053000,
        "interestIncome": 7018000,
        "interestExpense": 7332000,
        "depreciationAndAmortization": 16770000,
        "ebitda": 140917000,
        "ebitdaratio": 0.2820054593,
        "operatingIncome": 117644000,
        "operatingIncomeRatio": 0.2354311421,
        "totalOtherIncomeExpensesNet": -830000,
        "incomeBeforeTax": 116814000,
        "incomeBeforeTaxRatio": 0.2337701322,
        "incomeTaxExpense": 28868000,
        "netIncome": 87946000,
        "netIncomeRatio": 0.1759990074,
        "eps": -5,
        "epsdiluted": -4.99,
        "weightedAverageShsOut": 39362000,
        "weightedAverageShsOutDil": 39495000,
        "link": "https://www.sec.gov/Archives/edgar/data/66570/000006657025000007/0000066570-25-000007-index.htm",
        "finalLink": "https://www.sec.gov/Archives/edgar/data/66570/000006657025000007/msa-20241231.htm"
    },
    {
        "date": "2024-09-30",
        "symbol": "MSA",
        "reportedCurrency": "USD",
        "cik": "0000066570",
        "fillingDate": "2024-10-24",
        "acceptedDate": "2024-10-24 17:28:56",
        "calendarYear": "2024",
        "period": "Q3",
        "revenue": 432679000,
        "costOfRevenue": 225223000,
        "grossProfit": 207456000,
        "grossProfitRatio": 0.479468613,
        "researchAndDevelopmentExpenses": 16707000,
        "generalAndAdministrativeExpenses": 0,
        "sellingAndMarketingExpenses": 0,
        "sellingGeneralAndAdministrativeExpenses": 95103000,
        "otherExpenses": 4169000,
        "operatingExpenses": 115979000,
        "costAndExpenses": 341202000,
        "interestIncome": 0,
        "interestExpense": 9153000,
        "depreciationAndAmortization": 15958000,
        "ebitda": 113268000,
        "ebitdaratio": 0.2617829846,
        "operatingIncome": 91477000,
        "operatingIncomeRatio": 0.2114200135,
        "totalOtherIncomeExpensesNet": -3320000,
        "incomeBeforeTax": 88157000,
        "incomeBeforeTaxRatio": 0.2037468886,
        "incomeTaxExpense": 21509000,
        "netIncome": 66648000,
        "netIncomeRatio": 0.1540356708,
        "eps": 1.69,
        "epsdiluted": 1.69,
        "weightedAverageShsOut": 39362000,
        "weightedAverageShsOutDil": 39495000,
        "link": "https://www.sec.gov/Archives/edgar/data/66570/000006657024000045/0000066570-24-000045-index.htm",
        "finalLink": "https://www.sec.gov/Archives/edgar/data/66570/000006657024000045/msa-20240930.htm"
    },
    {
        "date": "2024-06-30",
        "symbol": "MSA",
        "reportedCurrency": "USD",
        "cik": "0000066570",
        "fillingDate": "2024-07-25",
        "acceptedDate": "2024-07-25 16:07:12",
        "calendarYear": "2024",
        "period": "Q2",
        "revenue": 462463000,
        "costOfRevenue": 239434000,
        "grossProfit": 223029000,
        "grossProfitRatio": 0.4822634459,
        "researchAndDevelopmentExpenses": 17070000,
        "generalAndAdministrativeExpenses": 0,
        "sellingAndMarketingExpenses": 0,
        "sellingGeneralAndAdministrativeExpenses": 105075000,
        "otherExpenses": 940000,
        "operatingExpenses": 123085000,
        "costAndExpenses": 362519000,
        "interestIncome": 0,
        "interestExpense": 9664000,
        "depreciationAndAmortization": 16046000,
        "ebitda": 120138000,
        "ebitdaratio": 0.2597786201,
        "operatingIncome": 99944000,
        "operatingIncomeRatio": 0.2161124241,
        "totalOtherIncomeExpensesNet": -5516000,
        "incomeBeforeTax": 94428000,
        "incomeBeforeTaxRatio": 0.2041849834,
        "incomeTaxExpense": 22194000,
        "netIncome": 72234000,
        "netIncomeRatio": 0.1561941172,
        "eps": 1.83,
        "epsdiluted": 1.83,
        "weightedAverageShsOut": 39389000,
        "weightedAverageShsOutDil": 39541000,
        "link": "https://www.sec.gov/Archives/edgar/data/66570/000006657024000037/0000066570-24-000037-index.htm",
        "finalLink": "https://www.sec.gov/Archives/edgar/data/66570/000006657024000037/msa-20240630.htm"
    },
    {
        "date": "2024-03-31",
        "symbol": "MSA",
        "reportedCurrency": "USD",
        "cik": "0000066570",
        "fillingDate": "2024-04-30",
        "acceptedDate": "2024-04-30 16:58:48",
        "calendarYear": "2024",
        "period": "Q1",
        "revenue": 413302000,
        "costOfRevenue": 217771000,
        "grossProfit": 195531000,
        "grossProfitRatio": 0.4730947346,
        "researchAndDevelopmentExpenses": 15919000,
        "generalAndAdministrativeExpenses": 0,
        "sellingAndMarketingExpenses": 0,
        "sellingGeneralAndAdministrativeExpenses": 94150000,
        "otherExpenses": 5350000,
        "operatingExpenses": 115419000,
        "costAndExpenses": 333190000,
        "interestIncome": 0,
        "interestExpense": 10740000,
        "depreciationAndAmortization": 15559000,
        "ebitda": 101906000,
        "ebitdaratio": 0.2465654654,
        "operatingIncome": 80112000,
        "operatingIncomeRatio": 0.1938340487,
        "totalOtherIncomeExpensesNet": -4505000,
        "incomeBeforeTax": 75607000,
        "incomeBeforeTaxRatio": 0.1829340289,
        "incomeTaxExpense": 17468000,
        "netIncome": 58139000,
        "netIncomeRatio": 0.1406695346,
        "eps": 1.48,
        "epsdiluted": 1.47,
        "weightedAverageShsOut": 39360000,
        "weightedAverageShsOutDil": 39556000,
        "link": "https://www.sec.gov/Archives/edgar/data/66570/000006657024000022/0000066570-24-000022-index.htm",
        "finalLink": "https://www.sec.gov/Archives/edgar/data/66570/000006657024000022/msa-20240331.htm"
    },
    {
        "date": "2023-12-31",
        "symbol": "MSA",
        "reportedCurrency": "USD",
        "cik": "0000066570",
        "fillingDate": "2024-02-16",
        "acceptedDate": "2024-02-16 16:39:52",
        "calendarYear": "2023",
        "period": "Q4",
        "revenue": 495357000,
        "costOfRevenue": 257174000,
        "grossProfit": 238183000,
        "grossProfitRatio": 0.4808309966,
        "researchAndDevelopmentExpenses": 19082000,
        "generalAndAdministrativeExpenses": 0,
        "sellingAndMarketingExpenses": 0,
        "sellingGeneralAndAdministrativeExpenses": 107043000,
        "otherExpenses": 9808000,
        "operatingExpenses": 135933000,
        "costAndExpenses": 393107000,
        "interestIncome": 8184000,
        "interestExpense": 9584000,
        "depreciationAndAmortization": 15808000,
        "ebitda": 124672000,
        "ebitdaratio": 0.2516811108,
        "operatingIncome": 102250000,
        "operatingIncomeRatio": 0.2064167863,
        "totalOtherIncomeExpensesNet": -2970000,
        "incomeBeforeTax": 99280000,
        "incomeBeforeTaxRatio": 0.2004211104,
        "incomeTaxExpense": 22870000,
        "netIncome": 76410000,
        "netIncomeRatio": 0.1542523877,
        "eps": 1.94,
        "epsdiluted": 1.93,
        "weightedAverageShsOut": 39339000,
        "weightedAverageShsOutDil": 39541000,
        "link": "https://www.sec.gov/Archives/edgar/data/66570/000006657024000008/0000066570-24-000008-index.htm",
        "finalLink": "https://www.sec.gov/Archives/edgar/data/66570/000006657024000008/msa-20231231.htm"
    },
    {
        "date": "2023-09-30",
        "symbol": "MSA",
        "reportedCurrency": "USD",
        "cik": "0000066570",
        "fillingDate": "2023-10-25",
        "acceptedDate": "2023-10-25 17:24:31",
        "calendarYear": "2023",
        "period": "Q3",
        "revenue": 446728000,
        "costOfRevenue": 227967000,
        "grossProfit": 218761000,
        "grossProfitRatio": 0.489696191,
        "researchAndDevelopmentExpenses": 17682000,
        "generalAndAdministrativeExpenses": 0,
        "sellingAndMarketingExpenses": 0,
        "sellingGeneralAndAdministrativeExpenses": 102175000,
        "otherExpenses": 4781000,
        "operatingExpenses": 124638000,
        "costAndExpenses": 352605000,
        "interestIncome": 0,
        "interestExpense": 12498000,
        "depreciationAndAmortization": 15504000,
        "ebitda": 115664000,
        "ebitdaratio": 0.2589137014,
        "operatingIncome": 94123000,
        "operatingIncomeRatio": 0.2106942032,
        "totalOtherIncomeExpensesNet": -6461000,
        "incomeBeforeTax": 87662000,
        "incomeBeforeTaxRatio": 0.1962312638,
        "incomeTaxExpense": 22406000,
        "netIncome": 65256000,
        "netIncomeRatio": 0.1460754643,
        "eps": 1.66,
        "epsdiluted": 1.65,
        "weightedAverageShsOut": 39303000,
        "weightedAverageShsOutDil": 39450000,
        "link": "https://www.sec.gov/Archives/edgar/data/66570/000006657023000043/0000066570-23-000043-index.htm",
        "finalLink": "https://www.sec.gov/Archives/edgar/data/66570/000006657023000043/msa-20230930.htm"
    },
    {
        "date": "2023-06-30",
        "symbol": "MSA",
        "reportedCurrency": "USD",
        "cik": "0000066570",
        "fillingDate": "2023-08-01",
        "acceptedDate": "2023-08-01 16:45:28",
        "calendarYear": "2023",
        "period": "Q2",
        "revenue": 447299000,
        "costOfRevenue": 233503000,
        "grossProfit": 213796000,
        "grossProfitRatio": 0.477971111,
        "researchAndDevelopmentExpenses": 15992000,
        "generalAndAdministrativeExpenses": 0,
        "sellingAndMarketingExpenses": 0,
        "sellingGeneralAndAdministrativeExpenses": 96336000,
        "otherExpenses": 6460000,
        "operatingExpenses": 118788000,
        "costAndExpenses": 352291000,
        "interestIncome": 0,
        "interestExpense": 13175000,
        "depreciationAndAmortization": 14889000,
        "ebitda": 115547000,
        "ebitdaratio": 0.2583216148,
        "operatingIncome": 95008000,
        "operatingIncomeRatio": 0.2124037836,
        "totalOtherIncomeExpensesNet": -7525000,
        "incomeBeforeTax": 87483000,
        "incomeBeforeTaxRatio": 0.1955805848,
        "incomeTaxExpense": 20393000,
        "netIncome": 67090000,
        "netIncomeRatio": 0.1499891571,
        "eps": 1.71,
        "epsdiluted": 1.7,
        "weightedAverageShsOut": 39274000,
        "weightedAverageShsOutDil": 39409000,
        "link": "https://www.sec.gov/Archives/edgar/data/66570/000006657023000037/0000066570-23-000037-index.htm",
        "finalLink": "https://www.sec.gov/Archives/edgar/data/66570/000006657023000037/msa-20230630.htm"
    },
    {
        "date": "2023-03-31",
        "symbol": "MSA",
        "reportedCurrency": "USD",
        "cik": "0000066570",
        "fillingDate": "2023-05-02",
        "acceptedDate": "2023-05-02 17:18:02",
        "calendarYear": "2023",
        "period": "Q1",
        "revenue": 398262000,
        "costOfRevenue": 216864000,
        "grossProfit": 181398000,
        "grossProfitRatio": 0.4554740347,
        "researchAndDevelopmentExpenses": 15232000,
        "generalAndAdministrativeExpenses": 0,
        "sellingAndMarketingExpenses": 0,
        "sellingGeneralAndAdministrativeExpenses": 91091000,
        "otherExpenses": 135136000,
        "operatingExpenses": 241459000,
        "costAndExpenses": 458323000,
        "interestIncome": 0,
        "interestExpense": 11476000,
        "depreciationAndAmortization": 14572000,
        "ebitda": -41689000,
        "ebitdaratio": -0.104677323,
        "operatingIncome": -60061000,
        "operatingIncomeRatio": -0.1508077597,
        "totalOtherIncomeExpensesNet": -7676000,
        "incomeBeforeTax": -67737000,
        "incomeBeforeTaxRatio": -0.1700815041,
        "incomeTaxExpense": 82436000,
        "netIncome": -150173000,
        "netIncomeRatio": -0.3770708729,
        "eps": -3.83,
        "epsdiluted": -3.83,
        "weightedAverageShsOut": 39212271,
        "weightedAverageShsOutDil": 39224000,
        "link": "https://www.sec.gov/Archives/edgar/data/66570/000006657023000015/0000066570-23-000015-index.htm",
        "finalLink": "https://www.sec.gov/Archives/edgar/data/66570/000006657023000015/msa-20230331.htm"
    },
    {
        "date": "2022-12-31",
        "symbol": "MSA",
        "reportedCurrency": "USD",
        "cik": "0000066570",
        "fillingDate": "2023-02-16",
        "acceptedDate": "2023-02-16 16:51:00",
        "calendarYear": "2022",
        "period": "Q4",
        "revenue": 443254000,
        "costOfRevenue": 246002000,
        "grossProfit": 197252000,
        "grossProfitRatio": 0.4450089565,
        "researchAndDevelopmentExpenses": 13995000,
        "generalAndAdministrativeExpenses": 0,
        "sellingAndMarketingExpenses": 0,
        "sellingGeneralAndAdministrativeExpenses": 91494000,
        "otherExpenses": 21143000,
        "operatingExpenses": 126632000,
        "costAndExpenses": 372634000,
        "interestIncome": 0,
        "interestExpense": 7502000,
        "depreciationAndAmortization": 14434000,
        "ebitda": 90989000,
        "ebitdaratio": 0.2052750793,
        "operatingIncome": 70620000,
        "operatingIncomeRatio": 0.1593217433,
        "totalOtherIncomeExpensesNet": -1567000,
        "incomeBeforeTax": 69053000,
        "incomeBeforeTaxRatio": 0.1557865242,
        "incomeTaxExpense": 17564000,
        "netIncome": 51489000,
        "netIncomeRatio": 0.1161613883,
        "eps": 1.31,
        "epsdiluted": 1.31,
        "weightedAverageShsOut": 39200000,
        "weightedAverageShsOutDil": 39387000,
        "link": "https://www.sec.gov/Archives/edgar/data/66570/000006657023000008/0000066570-23-000008-index.htm",
        "finalLink": "https://www.sec.gov/Archives/edgar/data/66570/000006657023000008/msa-20221231.htm"
    },
    {
        "date": "2022-09-30",
        "symbol": "MSA",
        "reportedCurrency": "USD",
        "cik": "0000066570",
        "fillingDate": "2022-10-27",
        "acceptedDate": "2022-10-27 15:03:36",
        "calendarYear": "2022",
        "period": "Q3",
        "revenue": 381694000,
        "costOfRevenue": 212299000,
        "grossProfit": 169395000,
        "grossProfitRatio": 0.4437979114,
        "researchAndDevelopmentExpenses": 14416000,
        "generalAndAdministrativeExpenses": 0,
        "sellingAndMarketingExpenses": 0,
        "sellingGeneralAndAdministrativeExpenses": 82753000,
        "otherExpenses": 7913000,
        "operatingExpenses": 105082000,
        "costAndExpenses": 317381000,
        "interestIncome": 0,
        "interestExpense": 5962000,
        "depreciationAndAmortization": 13796000,
        "ebitda": 80468000,
        "ebitdaratio": 0.2108180899,
        "operatingIncome": 64313000,
        "operatingIncomeRatio": 0.1684936101,
        "totalOtherIncomeExpensesNet": -3603000,
        "incomeBeforeTax": 60710000,
        "incomeBeforeTaxRatio": 0.1590541114,
        "incomeTaxExpense": 15804000,
        "netIncome": 44906000,
        "netIncomeRatio": 0.1176020582,
        "eps": 1.15,
        "epsdiluted": 1.14,
        "weightedAverageShsOut": 39172000,
        "weightedAverageShsOutDil": 39299000,
        "link": "https://www.sec.gov/Archives/edgar/data/66570/000006657022000051/0000066570-22-000051-index.htm",
        "finalLink": "https://www.sec.gov/Archives/edgar/data/66570/000006657022000051/msa-20220930.htm"
    },
    {
        "date": "2022-06-30",
        "symbol": "MSA",
        "reportedCurrency": "USD",
        "cik": "0000066570",
        "fillingDate": "2022-07-28",
        "acceptedDate": "2022-07-28 16:32:32",
        "calendarYear": "2022",
        "period": "Q2",
        "revenue": 372313000,
        "costOfRevenue": 207913000,
        "grossProfit": 164400000,
        "grossProfitRatio": 0.4415639529,
        "researchAndDevelopmentExpenses": 15268000,
        "generalAndAdministrativeExpenses": 0,
        "sellingAndMarketingExpenses": 0,
        "sellingGeneralAndAdministrativeExpenses": 86076000,
        "otherExpenses": 1520000,
        "operatingExpenses": 102864000,
        "costAndExpenses": 310777000,
        "interestIncome": 0,
        "interestExpense": 4578000,
        "depreciationAndAmortization": 13922000,
        "ebitda": 81877000,
        "ebitdaratio": 0.2199144268,
        "operatingIncome": 61536000,
        "operatingIncomeRatio": 0.1652802884,
        "totalOtherIncomeExpensesNet": 1841000,
        "incomeBeforeTax": 63377000,
        "incomeBeforeTaxRatio": 0.1702250526,
        "incomeTaxExpense": 15684000,
        "netIncome": 47693000,
        "netIncomeRatio": 0.1280508604,
        "eps": 1.21,
        "epsdiluted": 1.21,
        "weightedAverageShsOut": 39266000,
        "weightedAverageShsOutDil": 39421000,
        "link": "https://www.sec.gov/Archives/edgar/data/66570/000006657022000032/0000066570-22-000032-index.htm",
        "finalLink": "https://www.sec.gov/Archives/edgar/data/66570/000006657022000032/msa-20220630.htm"
    },
    {
        "date": "2022-03-31",
        "symbol": "MSA",
        "reportedCurrency": "USD",
        "cik": "0000066570",
        "fillingDate": "2022-04-29",
        "acceptedDate": "2022-04-29 13:27:22",
        "calendarYear": "2022",
        "period": "Q1",
        "revenue": 330692000,
        "costOfRevenue": 187908000,
        "grossProfit": 142784000,
        "grossProfitRatio": 0.4317733722,
        "researchAndDevelopmentExpenses": 13333000,
        "generalAndAdministrativeExpenses": 0,
        "sellingAndMarketingExpenses": 0,
        "sellingGeneralAndAdministrativeExpenses": 78551000,
        "otherExpenses": 8232000,
        "operatingExpenses": 100116000,
        "costAndExpenses": 288024000,
        "interestIncome": 0,
        "interestExpense": 3618000,
        "depreciationAndAmortization": 14165000,
        "ebitda": 63177000,
        "ebitdaratio": 0.1910448393,
        "operatingIncome": 42668000,
        "operatingIncomeRatio": 0.1290264052,
        "totalOtherIncomeExpensesNet": 2726000,
        "incomeBeforeTax": 45394000,
        "incomeBeforeTaxRatio": 0.1372697253,
        "incomeTaxExpense": 9852000,
        "netIncome": 35542000,
        "netIncomeRatio": 0.1074776529,
        "eps": 0.9,
        "epsdiluted": 0.9,
        "weightedAverageShsOut": 39291000,
        "weightedAverageShsOutDil": 39523000,
        "link": "https://www.sec.gov/Archives/edgar/data/66570/000006657022000015/0000066570-22-000015-index.htm",
        "finalLink": "https://www.sec.gov/Archives/edgar/data/66570/000006657022000015/msa-20220331.htm"
    },
    {
        "date": "2021-12-31",
        "symbol": "MSA",
        "reportedCurrency": "USD",
        "cik": "0000066570",
        "fillingDate": "2022-02-18",
        "acceptedDate": "2022-02-18 17:10:09",
        "calendarYear": "2021",
        "period": "Q4",
        "revenue": 410267000,
        "costOfRevenue": 228571000,
        "grossProfit": 181696000,
        "grossProfitRatio": 0.4428725684,
        "researchAndDevelopmentExpenses": 15644000,
        "generalAndAdministrativeExpenses": 0,
        "sellingAndMarketingExpenses": 0,
        "sellingGeneralAndAdministrativeExpenses": 86523000,
        "otherExpenses": 164798000,
        "operatingExpenses": 266965000,
        "costAndExpenses": 495536000,
        "interestIncome": 3256000,
        "interestExpense": 2911000,
        "depreciationAndAmortization": 14047000,
        "ebitda": -68413000,
        "ebitdaratio": -0.1667523832,
        "operatingIncome": -85269000,
        "operatingIncomeRatio": -0.2078378227,
        "totalOtherIncomeExpensesNet": -102000,
        "incomeBeforeTax": -85371000,
        "incomeBeforeTaxRatio": -0.2080864413,
        "incomeTaxExpense": -26349000,
        "netIncome": -59022000,
        "netIncomeRatio": -0.1438624116,
        "eps": -1.57,
        "epsdiluted": -1.57,
        "weightedAverageShsOut": 39234779,
        "weightedAverageShsOutDil": 39236000,
        "link": "https://www.sec.gov/Archives/edgar/data/66570/000006657022000007/0000066570-22-000007-index.htm",
        "finalLink": "https://www.sec.gov/Archives/edgar/data/66570/000006657022000007/msa-20211231.htm"
    },
    {
        "date": "2021-09-30",
        "symbol": "MSA",
        "reportedCurrency": "USD",
        "cik": "0000066570",
        "fillingDate": "2021-10-29",
        "acceptedDate": "2021-10-28 17:52:55",
        "calendarYear": "2021",
        "period": "Q3",
        "revenue": 340197000,
        "costOfRevenue": 190758000,
        "grossProfit": 149439000,
        "grossProfitRatio": 0.4392719513,
        "researchAndDevelopmentExpenses": 14946000,
        "generalAndAdministrativeExpenses": 0,
        "sellingAndMarketingExpenses": 0,
        "sellingGeneralAndAdministrativeExpenses": 87450000,
        "otherExpenses": 14641000,
        "operatingExpenses": 117037000,
        "costAndExpenses": 307795000,
        "interestIncome": 0,
        "interestExpense": 3764000,
        "depreciationAndAmortization": 14182000,
        "ebitda": 48850000,
        "ebitdaratio": 0.143593271,
        "operatingIncome": 32402000,
        "operatingIncomeRatio": 0.095244814,
        "totalOtherIncomeExpensesNet": -1498000,
        "incomeBeforeTax": 30904000,
        "incomeBeforeTaxRatio": 0.090841483,
        "incomeTaxExpense": 9724000,
        "netIncome": 21180000,
        "netIncomeRatio": 0.0622580446,
        "eps": 0.48,
        "epsdiluted": 0.48,
        "weightedAverageShsOut": 39194000,
        "weightedAverageShsOutDil": 39430000,
        "link": "https://www.sec.gov/Archives/edgar/data/66570/000006657021000052/0000066570-21-000052-index.htm",
        "finalLink": "https://www.sec.gov/Archives/edgar/data/66570/000006657021000052/msa-20210930.htm"
    },
    {
        "date": "2021-06-30",
        "symbol": "MSA",
        "reportedCurrency": "USD",
        "cik": "0000066570",
        "fillingDate": "2021-07-29",
        "acceptedDate": "2021-07-29 16:49:23",
        "calendarYear": "2021",
        "period": "Q2",
        "revenue": 341289000,
        "costOfRevenue": 188289000,
        "grossProfit": 153000000,
        "grossProfitRatio": 0.448300414,
        "researchAndDevelopmentExpenses": 13970000,
        "generalAndAdministrativeExpenses": 0,
        "sellingAndMarketingExpenses": 0,
        "sellingGeneralAndAdministrativeExpenses": 83426000,
        "otherExpenses": 20469000,
        "operatingExpenses": 117865000,
        "costAndExpenses": 306154000,
        "interestIncome": 0,
        "interestExpense": 2172000,
        "depreciationAndAmortization": 11584000,
        "ebitda": 49012000,
        "ebitdaratio": 0.143608496,
        "operatingIncome": 35135000,
        "operatingIncomeRatio": 0.1029479415,
        "totalOtherIncomeExpensesNet": 121000,
        "incomeBeforeTax": 35256000,
        "incomeBeforeTaxRatio": 0.1033024797,
        "incomeTaxExpense": 9808000,
        "netIncome": 25186000,
        "netIncomeRatio": 0.0737966943,
        "eps": 0.64,
        "epsdiluted": 0.64,
        "weightedAverageShsOut": 39167000,
        "weightedAverageShsOutDil": 39420000,
        "link": "https://www.sec.gov/Archives/edgar/data/66570/000006657021000046/0000066570-21-000046-index.htm",
        "finalLink": "https://www.sec.gov/Archives/edgar/data/66570/000006657021000046/msa-20210630.htm"
    },
    {
        "date": "2021-03-31",
        "symbol": "MSA",
        "reportedCurrency": "USD",
        "cik": "0000066570",
        "fillingDate": "2021-04-29",
        "acceptedDate": "2021-04-29 16:55:06",
        "calendarYear": "2021",
        "period": "Q1",
        "revenue": 308428000,
        "costOfRevenue": 173643000,
        "grossProfit": 134785000,
        "grossProfitRatio": 0.4370063678,
        "researchAndDevelopmentExpenses": 13234000,
        "generalAndAdministrativeExpenses": 0,
        "sellingAndMarketingExpenses": 0,
        "sellingGeneralAndAdministrativeExpenses": 75463000,
        "otherExpenses": 2005000,
        "operatingExpenses": 90702000,
        "costAndExpenses": 264345000,
        "interestIncome": 0,
        "interestExpense": 1911000,
        "depreciationAndAmortization": 10504000,
        "ebitda": 58800000,
        "ebitdaratio": 0.1906441698,
        "operatingIncome": 44083000,
        "operatingIncomeRatio": 0.1429280091,
        "totalOtherIncomeExpensesNet": 2302000,
        "incomeBeforeTax": 46385000,
        "incomeBeforeTaxRatio": 0.1503916635,
        "incomeTaxExpense": 9749000,
        "netIncome": 36450000,
        "netIncomeRatio": 0.1181799318,
        "eps": 0.93,
        "epsdiluted": 0.92,
        "weightedAverageShsOut": 39094000,
        "weightedAverageShsOutDil": 39420000,
        "link": "https://www.sec.gov/Archives/edgar/data/66570/000006657021000024/0000066570-21-000024-index.htm",
        "finalLink": "https://www.sec.gov/Archives/edgar/data/66570/000006657021000024/msa-20210331.htm"
    },
    {
        "date": "2020-12-31",
        "symbol": "MSA",
        "reportedCurrency": "USD",
        "cik": "0000066570",
        "fillingDate": "2021-02-19",
        "acceptedDate": "2021-02-19 17:00:19",
        "calendarYear": "2020",
        "period": "Q4",
        "revenue": 388248000,
        "costOfRevenue": 228976000,
        "grossProfit": 159272000,
        "grossProfitRatio": 0.4102326348,
        "researchAndDevelopmentExpenses": 16545000,
        "generalAndAdministrativeExpenses": 0,
        "sellingAndMarketingExpenses": 0,
        "sellingGeneralAndAdministrativeExpenses": 76268000,
        "otherExpenses": 47821000,
        "operatingExpenses": 140634000,
        "costAndExpenses": 369610000,
        "interestIncome": 3498000,
        "interestExpense": 1525000,
        "depreciationAndAmortization": 10390000,
        "ebitda": 30336000,
        "ebitdaratio": 0.0781356247,
        "operatingIncome": 18638000,
        "operatingIncomeRatio": 0.0480053986,
        "totalOtherIncomeExpensesNet": -217000,
        "incomeBeforeTax": 18421000,
        "incomeBeforeTaxRatio": 0.0474464775,
        "incomeTaxExpense": 5690000,
        "netIncome": 12338000,
        "netIncomeRatio": 0.0317786569,
        "eps": 0.32,
        "epsdiluted": 0.31,
        "weightedAverageShsOut": 38981000,
        "weightedAverageShsOutDil": 39335000,
        "link": "https://www.sec.gov/Archives/edgar/data/66570/000006657021000016/0000066570-21-000016-index.htm",
        "finalLink": "https://www.sec.gov/Archives/edgar/data/66570/000006657021000016/msa-20201231.htm"
    },
    {
        "date": "2020-09-30",
        "symbol": "MSA",
        "reportedCurrency": "USD",
        "cik": "0000066570",
        "fillingDate": "2020-10-30",
        "acceptedDate": "2020-10-29 19:12:45",
        "calendarYear": "2020",
        "period": "Q3",
        "revenue": 304392000,
        "costOfRevenue": 172160000,
        "grossProfit": 132232000,
        "grossProfitRatio": 0.4344135194,
        "researchAndDevelopmentExpenses": 13851000,
        "generalAndAdministrativeExpenses": 0,
        "sellingAndMarketingExpenses": 0,
        "sellingGeneralAndAdministrativeExpenses": 64793000,
        "otherExpenses": 12439000,
        "operatingExpenses": 91083000,
        "costAndExpenses": 263243000,
        "interestIncome": 0,
        "interestExpense": 2305000,
        "depreciationAndAmortization": 9856000,
        "ebitda": 52122000,
        "ebitdaratio": 0.1712331467,
        "operatingIncome": 41149000,
        "operatingIncomeRatio": 0.1351842361,
        "totalOtherIncomeExpensesNet": -1188000,
        "incomeBeforeTax": 39961000,
        "incomeBeforeTaxRatio": 0.131281374,
        "incomeTaxExpense": 11727000,
        "netIncome": 28034000,
        "netIncomeRatio": 0.0920983469,
        "eps": 0.72,
        "epsdiluted": 0.71,
        "weightedAverageShsOut": 38906000,
        "weightedAverageShsOutDil": 39260000,
        "link": "https://www.sec.gov/Archives/edgar/data/66570/000006657020000040/0000066570-20-000040-index.htm",
        "finalLink": "https://www.sec.gov/Archives/edgar/data/66570/000006657020000040/msa-20200930.htm"
    },
    {
        "date": "2020-06-30",
        "symbol": "MSA",
        "reportedCurrency": "USD",
        "cik": "0000066570",
        "fillingDate": "2020-07-31",
        "acceptedDate": "2020-07-30 19:31:37",
        "calendarYear": "2020",
        "period": "Q2",
        "revenue": 314438000,
        "costOfRevenue": 172841000,
        "grossProfit": 141597000,
        "grossProfitRatio": 0.4503177097,
        "researchAndDevelopmentExpenses": 13760000,
        "generalAndAdministrativeExpenses": 0,
        "sellingAndMarketingExpenses": 0,
        "sellingGeneralAndAdministrativeExpenses": 69034000,
        "otherExpenses": 10509000,
        "operatingExpenses": 93303000,
        "costAndExpenses": 266144000,
        "interestIncome": 0,
        "interestExpense": 2459000,
        "depreciationAndAmortization": 9788000,
        "ebitda": 60082000,
        "ebitdaratio": 0.1910774143,
        "operatingIncome": 48294000,
        "operatingIncomeRatio": 0.1535883068,
        "totalOtherIncomeExpensesNet": -459000,
        "incomeBeforeTax": 47835000,
        "incomeBeforeTaxRatio": 0.1521285595,
        "incomeTaxExpense": 11429000,
        "netIncome": 36066000,
        "netIncomeRatio": 0.1146998772,
        "eps": 0.93,
        "epsdiluted": 0.92,
        "weightedAverageShsOut": 38830000,
        "weightedAverageShsOutDil": 39195000,
        "link": "https://www.sec.gov/Archives/edgar/data/66570/000006657020000034/0000066570-20-000034-index.htm",
        "finalLink": "https://www.sec.gov/Archives/edgar/data/66570/000006657020000034/msa-20200630.htm"
    },
    {
        "date": "2020-03-31",
        "symbol": "MSA",
        "reportedCurrency": "USD",
        "cik": "0000066570",
        "fillingDate": "2020-04-30",
        "acceptedDate": "2020-04-30 16:47:19",
        "calendarYear": "2020",
        "period": "Q1",
        "revenue": 341145000,
        "costOfRevenue": 183786000,
        "grossProfit": 157359000,
        "grossProfitRatio": 0.4612672031,
        "researchAndDevelopmentExpenses": 14112000,
        "generalAndAdministrativeExpenses": 0,
        "sellingAndMarketingExpenses": 0,
        "sellingGeneralAndAdministrativeExpenses": 80237000,
        "otherExpenses": 4228000,
        "operatingExpenses": 98577000,
        "costAndExpenses": 282363000,
        "interestIncome": 0,
        "interestExpense": 3144000,
        "depreciationAndAmortization": 9640000,
        "ebitda": 69681000,
        "ebitdaratio": 0.2042562547,
        "operatingIncome": 58782000,
        "operatingIncomeRatio": 0.1723079629,
        "totalOtherIncomeExpensesNet": -1885000,
        "incomeBeforeTax": 56897000,
        "incomeBeforeTaxRatio": 0.1667824532,
        "incomeTaxExpense": 13095000,
        "netIncome": 43674000,
        "netIncomeRatio": 0.1280218089,
        "eps": 1.12,
        "epsdiluted": 1.11,
        "weightedAverageShsOut": 38824000,
        "weightedAverageShsOutDil": 39352000,
        "link": "https://www.sec.gov/Archives/edgar/data/66570/000006657020000016/0000066570-20-000016-index.htm",
        "finalLink": "https://www.sec.gov/Archives/edgar/data/66570/000006657020000016/a10q-q12020.htm"
    },
    {
        "date": "2019-12-31",
        "symbol": "MSA",
        "reportedCurrency": "USD",
        "cik": "0000066570",
        "fillingDate": "2020-02-20",
        "acceptedDate": "2020-02-20 17:18:56",
        "calendarYear": "2019",
        "period": "Q4",
        "revenue": 375255000,
        "costOfRevenue": 208410000,
        "grossProfit": 166845000,
        "grossProfitRatio": 0.44461766,
        "researchAndDevelopmentExpenses": 16366000,
        "generalAndAdministrativeExpenses": 0,
        "sellingAndMarketingExpenses": 0,
        "sellingGeneralAndAdministrativeExpenses": 85165000,
        "otherExpenses": 25336000,
        "operatingExpenses": 126867000,
        "costAndExpenses": 335277000,
        "interestIncome": 4411000,
        "interestExpense": 2500000,
        "depreciationAndAmortization": 9681000,
        "ebitda": 51903000,
        "ebitdaratio": 0.1383139465,
        "operatingIncome": 39978000,
        "operatingIncomeRatio": 0.1065355558,
        "totalOtherIncomeExpensesNet": -256000,
        "incomeBeforeTax": 39722000,
        "incomeBeforeTaxRatio": 0.1058533531,
        "incomeTaxExpense": 8173000,
        "netIncome": 31162000,
        "netIncomeRatio": 0.083042198,
        "eps": 0.8,
        "epsdiluted": 0.79,
        "weightedAverageShsOut": 38762000,
        "weightedAverageShsOutDil": 39366000,
        "link": "https://www.sec.gov/Archives/edgar/data/66570/000006657020000005/0000066570-20-000005-index.htm",
        "finalLink": "https://www.sec.gov/Archives/edgar/data/66570/000006657020000005/a2019-10xkxmsa.htm"
    },
    {
        "date": "2019-09-30",
        "symbol": "MSA",
        "reportedCurrency": "USD",
        "cik": "0000066570",
        "fillingDate": "2019-10-24",
        "acceptedDate": "2019-10-24 15:11:09",
        "calendarYear": "2019",
        "period": "Q3",
        "revenue": 351014000,
        "costOfRevenue": 192313000,
        "grossProfit": 158701000,
        "grossProfitRatio": 0.4521215678,
        "researchAndDevelopmentExpenses": 13520000,
        "generalAndAdministrativeExpenses": 0,
        "sellingAndMarketingExpenses": 0,
        "sellingGeneralAndAdministrativeExpenses": 82900000,
        "otherExpenses": 2667000,
        "operatingExpenses": 99087000,
        "costAndExpenses": 291400000,
        "interestIncome": 0,
        "interestExpense": 4259000,
        "depreciationAndAmortization": 9547000,
        "ebitda": 72090000,
        "ebitdaratio": 0.2053764237,
        "operatingIncome": 59614000,
        "operatingIncomeRatio": 0.1698336818,
        "totalOtherIncomeExpensesNet": -1330000,
        "incomeBeforeTax": 58284000,
        "incomeBeforeTaxRatio": 0.1660446592,
        "incomeTaxExpense": 15673000,
        "netIncome": 42239000,
        "netIncomeRatio": 0.1203342317,
        "eps": 1.09,
        "epsdiluted": 1.08,
        "weightedAverageShsOut": 38649000,
        "weightedAverageShsOutDil": 39144000,
        "link": "https://www.sec.gov/Archives/edgar/data/66570/000006657019000050/0000066570-19-000050-index.htm",
        "finalLink": "https://www.sec.gov/Archives/edgar/data/66570/000006657019000050/a10q-q32019.htm"
    },
    {
        "date": "2019-06-30",
        "symbol": "MSA",
        "reportedCurrency": "USD",
        "cik": "0000066570",
        "fillingDate": "2019-07-25",
        "acceptedDate": "2019-07-25 15:03:38",
        "calendarYear": "2019",
        "period": "Q2",
        "revenue": 349675000,
        "costOfRevenue": 188591000,
        "grossProfit": 161084000,
        "grossProfitRatio": 0.4606677629,
        "researchAndDevelopmentExpenses": 14256000,
        "generalAndAdministrativeExpenses": 0,
        "sellingAndMarketingExpenses": 0,
        "sellingGeneralAndAdministrativeExpenses": 84009000,
        "otherExpenses": 8341000,
        "operatingExpenses": 106606000,
        "costAndExpenses": 295197000,
        "interestIncome": 0,
        "interestExpense": 4470000,
        "depreciationAndAmortization": 9466000,
        "ebitda": 67286000,
        "ebitdaratio": 0.1924243941,
        "operatingIncome": 54478000,
        "operatingIncomeRatio": 0.1557960964,
        "totalOtherIncomeExpensesNet": -1128000,
        "incomeBeforeTax": 53350000,
        "incomeBeforeTaxRatio": 0.1525702438,
        "incomeTaxExpense": 13238000,
        "netIncome": 39806000,
        "netIncomeRatio": 0.1138371345,
        "eps": 1.03,
        "epsdiluted": 1.01,
        "weightedAverageShsOut": 38663000,
        "weightedAverageShsOutDil": 39160000,
        "link": "https://www.sec.gov/Archives/edgar/data/66570/000006657019000040/0000066570-19-000040-index.htm",
        "finalLink": "https://www.sec.gov/Archives/edgar/data/66570/000006657019000040/a10q-q22019.htm"
    },
    {
        "date": "2019-03-31",
        "symbol": "MSA",
        "reportedCurrency": "USD",
        "cik": "0000066570",
        "fillingDate": "2019-04-25",
        "acceptedDate": "2019-04-25 16:12:57",
        "calendarYear": "2019",
        "period": "Q1",
        "revenue": 326038000,
        "costOfRevenue": 176056000,
        "grossProfit": 149982000,
        "grossProfitRatio": 0.4600138634,
        "researchAndDevelopmentExpenses": 13705000,
        "generalAndAdministrativeExpenses": 0,
        "sellingAndMarketingExpenses": 0,
        "sellingGeneralAndAdministrativeExpenses": 78429000,
        "otherExpenses": 25688000,
        "operatingExpenses": 117822000,
        "costAndExpenses": 293878000,
        "interestIncome": 0,
        "interestExpense": 2360000,
        "depreciationAndAmortization": 9326000,
        "ebitda": 44065000,
        "ebitdaratio": 0.1351529576,
        "operatingIncome": 32160000,
        "operatingIncomeRatio": 0.098638809,
        "totalOtherIncomeExpensesNet": 219000,
        "incomeBeforeTax": 32379000,
        "incomeBeforeTaxRatio": 0.0993105098,
        "incomeTaxExpense": 9003000,
        "netIncome": 23232000,
        "netIncomeRatio": 0.0712554978,
        "eps": 0.6,
        "epsdiluted": 0.59,
        "weightedAverageShsOut": 38536000,
        "weightedAverageShsOutDil": 39084000,
        "link": "https://www.sec.gov/Archives/edgar/data/66570/000006657019000021/0000066570-19-000021-index.htm",
        "finalLink": "https://www.sec.gov/Archives/edgar/data/66570/000006657019000021/a10q-q12019.htm"
    },
    {
        "date": "2018-12-31",
        "symbol": "MSA",
        "reportedCurrency": "USD",
        "cik": "0000066570",
        "fillingDate": "2019-02-22",
        "acceptedDate": "2019-02-22 16:25:54",
        "calendarYear": "2018",
        "period": "Q4",
        "revenue": 361784000,
        "costOfRevenue": 199397000,
        "grossProfit": 162387000,
        "grossProfitRatio": 0.4488506954,
        "researchAndDevelopmentExpenses": 12944000,
        "generalAndAdministrativeExpenses": 0,
        "sellingAndMarketingExpenses": 0,
        "sellingGeneralAndAdministrativeExpenses": 84558000,
        "otherExpenses": 22641000,
        "operatingExpenses": 120143000,
        "costAndExpenses": 319540000,
        "interestIncome": 4588000,
        "interestExpense": 4427000,
        "depreciationAndAmortization": 9267000,
        "ebitda": 52450000,
        "ebitdaratio": 0.1449760078,
        "operatingIncome": 42244000,
        "operatingIncomeRatio": 0.116765805,
        "totalOtherIncomeExpensesNet": -3488000,
        "incomeBeforeTax": 38756000,
        "incomeBeforeTaxRatio": 0.1071246932,
        "incomeTaxExpense": 13614000,
        "netIncome": 24883000,
        "netIncomeRatio": 0.0687786082,
        "eps": 0.65,
        "epsdiluted": 0.64,
        "weightedAverageShsOut": 38465000,
        "weightedAverageShsOutDil": 39104000,
        "link": "https://www.sec.gov/Archives/edgar/data/66570/000006657019000010/0000066570-19-000010-index.htm",
        "finalLink": "https://www.sec.gov/Archives/edgar/data/66570/000006657019000010/a2018-10xkxmsa.htm"
    },
    {
        "date": "2018-09-30",
        "symbol": "MSA",
        "reportedCurrency": "USD",
        "cik": "0000066570",
        "fillingDate": "2018-10-25",
        "acceptedDate": "2018-10-25 17:17:01",
        "calendarYear": "2018",
        "period": "Q3",
        "revenue": 331096000,
        "costOfRevenue": 182794000,
        "grossProfit": 148302000,
        "grossProfitRatio": 0.4479123879,
        "researchAndDevelopmentExpenses": 13296000,
        "generalAndAdministrativeExpenses": 0,
        "sellingAndMarketingExpenses": 0,
        "sellingGeneralAndAdministrativeExpenses": 78013000,
        "otherExpenses": 16990000,
        "operatingExpenses": 108299000,
        "costAndExpenses": 291093000,
        "interestIncome": 0,
        "interestExpense": 4492000,
        "depreciationAndAmortization": 9378000,
        "ebitda": 52139000,
        "ebitdaratio": 0.1574739653,
        "operatingIncome": 40003000,
        "operatingIncomeRatio": 0.1208199435,
        "totalOtherIncomeExpensesNet": -1734000,
        "incomeBeforeTax": 38269000,
        "incomeBeforeTaxRatio": 0.1155827917,
        "incomeTaxExpense": 4206000,
        "netIncome": 33717000,
        "netIncomeRatio": 0.1018345133,
        "eps": 0.88,
        "epsdiluted": 0.86,
        "weightedAverageShsOut": 38417000,
        "weightedAverageShsOutDil": 39036000,
        "link": "https://www.sec.gov/Archives/edgar/data/66570/000006657018000048/0000066570-18-000048-index.htm",
        "finalLink": "https://www.sec.gov/Archives/edgar/data/66570/000006657018000048/a10q-q32018.htm"
    },
    {
        "date": "2018-06-30",
        "symbol": "MSA",
        "reportedCurrency": "USD",
        "cik": "0000066570",
        "fillingDate": "2018-07-26",
        "acceptedDate": "2018-07-26 15:38:25",
        "calendarYear": "2018",
        "period": "Q2",
        "revenue": 339331000,
        "costOfRevenue": 185495000,
        "grossProfit": 153836000,
        "grossProfitRatio": 0.453350858,
        "researchAndDevelopmentExpenses": 13909000,
        "generalAndAdministrativeExpenses": 0,
        "sellingAndMarketingExpenses": 0,
        "sellingGeneralAndAdministrativeExpenses": 81962000,
        "otherExpenses": 11168000,
        "operatingExpenses": 107039000,
        "costAndExpenses": 292534000,
        "interestIncome": 0,
        "interestExpense": 5181000,
        "depreciationAndAmortization": 9536000,
        "ebitda": 58034000,
        "ebitdaratio": 0.1710247516,
        "operatingIncome": 46797000,
        "operatingIncomeRatio": 0.1379095927,
        "totalOtherIncomeExpensesNet": -3480000,
        "incomeBeforeTax": 43317000,
        "incomeBeforeTaxRatio": 0.1276541194,
        "incomeTaxExpense": 9896000,
        "netIncome": 33179000,
        "netIncomeRatio": 0.0977776861,
        "eps": 0.86,
        "epsdiluted": 0.85,
        "weightedAverageShsOut": 38327000,
        "weightedAverageShsOutDil": 38903000,
        "link": "https://www.sec.gov/Archives/edgar/data/66570/000006657018000036/0000066570-18-000036-index.htm",
        "finalLink": "https://www.sec.gov/Archives/edgar/data/66570/000006657018000036/a10q-q22018.htm"
    },
    {
        "date": "2018-03-31",
        "symbol": "MSA",
        "reportedCurrency": "USD",
        "cik": "0000066570",
        "fillingDate": "2018-04-24",
        "acceptedDate": "2018-04-24 13:45:16",
        "calendarYear": "2018",
        "period": "Q1",
        "revenue": 325894000,
        "costOfRevenue": 178555000,
        "grossProfit": 147339000,
        "grossProfitRatio": 0.4521071269,
        "researchAndDevelopmentExpenses": 12548000,
        "generalAndAdministrativeExpenses": 0,
        "sellingAndMarketingExpenses": 0,
        "sellingGeneralAndAdministrativeExpenses": 80250000,
        "otherExpenses": 10106000,
        "operatingExpenses": 102904000,
        "costAndExpenses": 281459000,
        "interestIncome": 0,
        "interestExpense": 4781000,
        "depreciationAndAmortization": 9671000,
        "ebitda": 56446000,
        "ebitdaratio": 0.173203557,
        "operatingIncome": 44435000,
        "operatingIncomeRatio": 0.136348015,
        "totalOtherIncomeExpensesNet": -2441000,
        "incomeBeforeTax": 41994000,
        "incomeBeforeTaxRatio": 0.1288578495,
        "incomeTaxExpense": 9505000,
        "netIncome": 32371000,
        "netIncomeRatio": 0.0993298434,
        "eps": 0.85,
        "epsdiluted": 0.83,
        "weightedAverageShsOut": 38216000,
        "weightedAverageShsOutDil": 38778000,
        "link": "https://www.sec.gov/Archives/edgar/data/66570/000006657018000018/0000066570-18-000018-index.htm",
        "finalLink": "https://www.sec.gov/Archives/edgar/data/66570/000006657018000018/a10q-q12018.htm"
    },
    {
        "date": "2017-12-31",
        "symbol": "MSA",
        "reportedCurrency": "USD",
        "cik": "0000066570",
        "fillingDate": "2018-02-22",
        "acceptedDate": "2018-02-22 16:18:26",
        "calendarYear": "2017",
        "period": "Q4",
        "revenue": 346140000,
        "costOfRevenue": 191569000,
        "grossProfit": 154571000,
        "grossProfitRatio": 0.4465563067,
        "researchAndDevelopmentExpenses": 14779000,
        "generalAndAdministrativeExpenses": 0,
        "sellingAndMarketingExpenses": 0,
        "sellingGeneralAndAdministrativeExpenses": 75467000,
        "otherExpenses": 64325000,
        "operatingExpenses": 154571000,
        "costAndExpenses": 346140000,
        "interestIncome": 3596000,
        "interestExpense": 4794000,
        "depreciationAndAmortization": 10212000,
        "ebitda": -21055000,
        "ebitdaratio": -0.0608279887,
        "operatingIncome": -29151000,
        "operatingIncomeRatio": -0.0842173687,
        "totalOtherIncomeExpensesNet": -6910000,
        "incomeBeforeTax": -36061000,
        "incomeBeforeTaxRatio": -0.1041803894,
        "incomeTaxExpense": -3487000,
        "netIncome": -32984000,
        "netIncomeRatio": -0.0952909227,
        "eps": -0.87,
        "epsdiluted": -0.87,
        "weightedAverageShsOut": 38079000,
        "weightedAverageShsOutDil": 38079000,
        "link": "https://www.sec.gov/Archives/edgar/data/66570/000006657018000009/0000066570-18-000009-index.htm",
        "finalLink": "https://www.sec.gov/Archives/edgar/data/66570/000006657018000009/a2017-10xkxmsa.htm"
    },
    {
        "date": "2017-09-30",
        "symbol": "MSA",
        "reportedCurrency": "USD",
        "cik": "0000066570",
        "fillingDate": "2017-10-20",
        "acceptedDate": "2017-10-20 15:32:10",
        "calendarYear": "2017",
        "period": "Q3",
        "revenue": 296129000,
        "costOfRevenue": 163926000,
        "grossProfit": 132203000,
        "grossProfitRatio": 0.4464371946,
        "researchAndDevelopmentExpenses": 12351000,
        "generalAndAdministrativeExpenses": 0,
        "sellingAndMarketingExpenses": 0,
        "sellingGeneralAndAdministrativeExpenses": 72852000,
        "otherExpenses": 7122000,
        "operatingExpenses": 92325000,
        "costAndExpenses": 256251000,
        "interestIncome": 0,
        "interestExpense": 3961000,
        "depreciationAndAmortization": 9929000,
        "ebitda": 51527000,
        "ebitdaratio": 0.1740018708,
        "operatingIncome": 39878000,
        "operatingIncomeRatio": 0.1346642848,
        "totalOtherIncomeExpensesNet": -2241000,
        "incomeBeforeTax": 37637000,
        "incomeBeforeTaxRatio": 0.1270966369,
        "incomeTaxExpense": 5411000,
        "netIncome": 32066000,
        "netIncomeRatio": 0.1082838898,
        "eps": 0.84,
        "epsdiluted": 0.83,
        "weightedAverageShsOut": 38074000,
        "weightedAverageShsOutDil": 38702000,
        "link": "https://www.sec.gov/Archives/edgar/data/66570/000006657017000070/0000066570-17-000070-index.htm",
        "finalLink": "https://www.sec.gov/Archives/edgar/data/66570/000006657017000070/a10q-q32017.htm"
    },
    {
        "date": "2017-06-30",
        "symbol": "MSA",
        "reportedCurrency": "USD",
        "cik": "0000066570",
        "fillingDate": "2017-08-07",
        "acceptedDate": "2017-08-07 15:39:47",
        "calendarYear": "2017",
        "period": "Q2",
        "revenue": 288775000,
        "costOfRevenue": 155812000,
        "grossProfit": 132963000,
        "grossProfitRatio": 0.4604380573,
        "researchAndDevelopmentExpenses": 11933000,
        "generalAndAdministrativeExpenses": 0,
        "sellingAndMarketingExpenses": 0,
        "sellingGeneralAndAdministrativeExpenses": 74104000,
        "otherExpenses": 33428000,
        "operatingExpenses": 119465000,
        "costAndExpenses": 275277000,
        "interestIncome": 0,
        "interestExpense": 3014000,
        "depreciationAndAmortization": 8984000,
        "ebitda": 23710000,
        "ebitdaratio": 0.0821054454,
        "operatingIncome": 13498000,
        "operatingIncomeRatio": 0.0467422734,
        "totalOtherIncomeExpensesNet": -1786000,
        "incomeBeforeTax": 11712000,
        "incomeBeforeTaxRatio": 0.0405575275,
        "incomeTaxExpense": -902000,
        "netIncome": 12532000,
        "netIncomeRatio": 0.0433971085,
        "eps": 0.33,
        "epsdiluted": 0.32,
        "weightedAverageShsOut": 38065000,
        "weightedAverageShsOutDil": 38780000,
        "link": "https://www.sec.gov/Archives/edgar/data/66570/000006657017000057/0000066570-17-000057-index.htm",
        "finalLink": "https://www.sec.gov/Archives/edgar/data/66570/000006657017000057/a10q-q22017.htm"
    },
    {
        "date": "2017-03-31",
        "symbol": "MSA",
        "reportedCurrency": "USD",
        "cik": "0000066570",
        "fillingDate": "2017-04-28",
        "acceptedDate": "2017-04-28 09:19:31",
        "calendarYear": "2017",
        "period": "Q1",
        "revenue": 265765000,
        "costOfRevenue": 146043000,
        "grossProfit": 119722000,
        "grossProfitRatio": 0.4504806878,
        "researchAndDevelopmentExpenses": 10998000,
        "generalAndAdministrativeExpenses": 0,
        "sellingAndMarketingExpenses": 0,
        "sellingGeneralAndAdministrativeExpenses": 76786000,
        "otherExpenses": 13319000,
        "operatingExpenses": 101103000,
        "costAndExpenses": 247146000,
        "interestIncome": 0,
        "interestExpense": 3591000,
        "depreciationAndAmortization": 8752000,
        "ebitda": 28829000,
        "ebitdaratio": 0.1084755329,
        "operatingIncome": 18619000,
        "operatingIncomeRatio": 0.0700581341,
        "totalOtherIncomeExpensesNet": -2133000,
        "incomeBeforeTax": 16486000,
        "incomeBeforeTaxRatio": 0.0620322465,
        "incomeTaxExpense": 1796000,
        "netIncome": 14413000,
        "netIncomeRatio": 0.0542321224,
        "eps": 0.38,
        "epsdiluted": 0.37,
        "weightedAverageShsOut": 37766000,
        "weightedAverageShsOutDil": 38593000,
        "link": "https://www.sec.gov/Archives/edgar/data/66570/000006657017000025/0000066570-17-000025-index.htm",
        "finalLink": "https://www.sec.gov/Archives/edgar/data/66570/000006657017000025/a10q-q12017.htm"
    },
    {
        "date": "2016-12-31",
        "symbol": "MSA",
        "reportedCurrency": "USD",
        "cik": "0000066570",
        "fillingDate": "2017-02-28",
        "acceptedDate": "2017-02-28 14:10:05",
        "calendarYear": "2016",
        "period": "Q4",
        "revenue": 296031000,
        "costOfRevenue": 157710000,
        "grossProfit": 138321000,
        "grossProfitRatio": 0.4672517405,
        "researchAndDevelopmentExpenses": 12224000,
        "generalAndAdministrativeExpenses": 0,
        "sellingAndMarketingExpenses": 0,
        "sellingGeneralAndAdministrativeExpenses": 78288000,
        "otherExpenses": 47809000,
        "operatingExpenses": 138321000,
        "costAndExpenses": 296031000,
        "interestIncome": 2827000,
        "interestExpense": 3896000,
        "depreciationAndAmortization": 8622000,
        "ebitda": 56592000,
        "ebitdaratio": 0.1911691681,
        "operatingIncome": 47809000,
        "operatingIncomeRatio": 0.161499978,
        "totalOtherIncomeExpensesNet": -3735000,
        "incomeBeforeTax": 44074000,
        "incomeBeforeTaxRatio": 0.1488830562,
        "incomeTaxExpense": 18938000,
        "netIncome": 24916000,
        "netIncomeRatio": 0.0841668609,
        "eps": 0.66,
        "epsdiluted": 0.65,
        "weightedAverageShsOut": 37602000,
        "weightedAverageShsOutDil": 38218000,
        "link": "https://www.sec.gov/Archives/edgar/data/66570/000006657017000011/0000066570-17-000011-index.htm",
        "finalLink": "https://www.sec.gov/Archives/edgar/data/66570/000006657017000011/a2016-10xkxmsa.htm"
    },
    {
        "date": "2016-09-30",
        "symbol": "MSA",
        "reportedCurrency": "USD",
        "cik": "0000066570",
        "fillingDate": "2016-10-28",
        "acceptedDate": "2016-10-28 12:32:07",
        "calendarYear": "2016",
        "period": "Q3",
        "revenue": 278233000,
        "costOfRevenue": 149471000,
        "grossProfit": 128762000,
        "grossProfitRatio": 0.4627847883,
        "researchAndDevelopmentExpenses": 13116000,
        "generalAndAdministrativeExpenses": 0,
        "sellingAndMarketingExpenses": 0,
        "sellingGeneralAndAdministrativeExpenses": 72945000,
        "otherExpenses": 42701000,
        "operatingExpenses": 128762000,
        "costAndExpenses": 278233000,
        "interestIncome": 0,
        "interestExpense": 4412000,
        "depreciationAndAmortization": 8919000,
        "ebitda": 50982000,
        "ebitdaratio": 0.1832349146,
        "operatingIncome": 42701000,
        "operatingIncomeRatio": 0.1534720899,
        "totalOtherIncomeExpensesNet": -5050000,
        "incomeBeforeTax": 37651000,
        "incomeBeforeTaxRatio": 0.1353218346,
        "incomeTaxExpense": 11329000,
        "netIncome": 24186000,
        "netIncomeRatio": 0.0869271438,
        "eps": 0.64,
        "epsdiluted": 0.63,
        "weightedAverageShsOut": 37487000,
        "weightedAverageShsOutDil": 38112000,
        "link": "https://www.sec.gov/Archives/edgar/data/66570/000006657016000112/0000066570-16-000112-index.htm",
        "finalLink": "https://www.sec.gov/Archives/edgar/data/66570/000006657016000112/a10q-q32016.htm"
    },
    {
        "date": "2016-06-30",
        "symbol": "MSA",
        "reportedCurrency": "USD",
        "cik": "0000066570",
        "fillingDate": "2016-08-09",
        "acceptedDate": "2016-08-09 13:06:15",
        "calendarYear": "2016",
        "period": "Q2",
        "revenue": 295998000,
        "costOfRevenue": 160143000,
        "grossProfit": 135855000,
        "grossProfitRatio": 0.4589726958,
        "researchAndDevelopmentExpenses": 11144000,
        "generalAndAdministrativeExpenses": 0,
        "sellingAndMarketingExpenses": 0,
        "sellingGeneralAndAdministrativeExpenses": 75716000,
        "otherExpenses": 48995000,
        "operatingExpenses": 135855000,
        "costAndExpenses": 295998000,
        "interestIncome": 0,
        "interestExpense": 4201000,
        "depreciationAndAmortization": 8576000,
        "ebitda": 57250000,
        "ebitdaratio": 0.193413469,
        "operatingIncome": 48995000,
        "operatingIncomeRatio": 0.1655247671,
        "totalOtherIncomeExpensesNet": -4522000,
        "incomeBeforeTax": 44473000,
        "incomeBeforeTaxRatio": 0.1502476368,
        "incomeTaxExpense": 15026000,
        "netIncome": 31083000,
        "netIncomeRatio": 0.1050108447,
        "eps": 0.83,
        "epsdiluted": 0.82,
        "weightedAverageShsOut": 37411000,
        "weightedAverageShsOutDil": 37860000,
        "link": "https://www.sec.gov/Archives/edgar/data/66570/000006657016000102/0000066570-16-000102-index.htm",
        "finalLink": "https://www.sec.gov/Archives/edgar/data/66570/000006657016000102/a10q-q22016.htm"
    },
    {
        "date": "2016-03-31",
        "symbol": "MSA",
        "reportedCurrency": "USD",
        "cik": "0000066570",
        "fillingDate": "2016-05-02",
        "acceptedDate": "2016-05-02 16:36:15",
        "calendarYear": "2016",
        "period": "Q1",
        "revenue": 279268000,
        "costOfRevenue": 158563000,
        "grossProfit": 120705000,
        "grossProfitRatio": 0.4322192303,
        "researchAndDevelopmentExpenses": 10363000,
        "generalAndAdministrativeExpenses": 0,
        "sellingAndMarketingExpenses": 0,
        "sellingGeneralAndAdministrativeExpenses": 79195000,
        "otherExpenses": 31147000,
        "operatingExpenses": 120705000,
        "costAndExpenses": 279268000,
        "interestIncome": 0,
        "interestExpense": 3902000,
        "depreciationAndAmortization": 9156000,
        "ebitda": 38771000,
        "ebitdaratio": 0.1388308005,
        "operatingIncome": 31147000,
        "operatingIncomeRatio": 0.1115308592,
        "totalOtherIncomeExpensesNet": -5434000,
        "incomeBeforeTax": 25713000,
        "incomeBeforeTaxRatio": 0.0920728476,
        "incomeTaxExpense": 12511000,
        "netIncome": 11751000,
        "netIncomeRatio": 0.0420778607,
        "eps": 0.31,
        "epsdiluted": 0.31,
        "weightedAverageShsOut": 37330000,
        "weightedAverageShsOutDil": 37759000,
        "link": "https://www.sec.gov/Archives/edgar/data/66570/000006657016000077/0000066570-16-000077-index.htm",
        "finalLink": "https://www.sec.gov/Archives/edgar/data/66570/000006657016000077/a10q-q12016.htm"
    },
    {
        "date": "2015-12-31",
        "symbol": "MSA",
        "reportedCurrency": "USD",
        "cik": "0000066570",
        "fillingDate": "2016-02-29",
        "acceptedDate": "2016-02-29 16:20:44",
        "calendarYear": "2015",
        "period": "Q4",
        "revenue": 313318000,
        "costOfRevenue": 179308000,
        "grossProfit": 134010000,
        "grossProfitRatio": 0.42771242,
        "researchAndDevelopmentExpenses": 12200000,
        "generalAndAdministrativeExpenses": 0,
        "sellingAndMarketingExpenses": 0,
        "sellingGeneralAndAdministrativeExpenses": 83587000,
        "otherExpenses": 38223000,
        "operatingExpenses": 134010000,
        "costAndExpenses": 313318000,
        "interestIncome": 1525000,
        "interestExpense": 3052000,
        "depreciationAndAmortization": 9038000,
        "ebitda": 38806000,
        "ebitdaratio": 0.1238549972,
        "operatingIncome": 38223000,
        "operatingIncomeRatio": 0.1219942678,
        "totalOtherIncomeExpensesNet": -11507000,
        "incomeBeforeTax": 26716000,
        "incomeBeforeTaxRatio": 0.0852680025,
        "incomeTaxExpense": 7738000,
        "netIncome": 20851000,
        "netIncomeRatio": 0.0665490013,
        "eps": 0.56,
        "epsdiluted": 0.55,
        "weightedAverageShsOut": 37269000,
        "weightedAverageShsOutDil": 37512000,
        "link": "https://www.sec.gov/Archives/edgar/data/66570/000006657016000068/0000066570-16-000068-index.htm",
        "finalLink": "https://www.sec.gov/Archives/edgar/data/66570/000006657016000068/a2015-10xkxmsa.htm"
    },
    {
        "date": "2015-09-30",
        "symbol": "MSA",
        "reportedCurrency": "USD",
        "cik": "0000066570",
        "fillingDate": "2015-10-22",
        "acceptedDate": "2015-10-22 17:28:50",
        "calendarYear": "2015",
        "period": "Q3",
        "revenue": 273746000,
        "costOfRevenue": 153965000,
        "grossProfit": 119781000,
        "grossProfitRatio": 0.437562558,
        "researchAndDevelopmentExpenses": 12532000,
        "generalAndAdministrativeExpenses": 0,
        "sellingAndMarketingExpenses": 0,
        "sellingGeneralAndAdministrativeExpenses": 72727000,
        "otherExpenses": 34522000,
        "operatingExpenses": 119781000,
        "costAndExpenses": 273746000,
        "interestIncome": 0,
        "interestExpense": 2827000,
        "depreciationAndAmortization": 6982000,
        "ebitda": 33868000,
        "ebitdaratio": 0.1237205292,
        "operatingIncome": 34522000,
        "operatingIncomeRatio": 0.1261096053,
        "totalOtherIncomeExpensesNet": -10463000,
        "incomeBeforeTax": 24059000,
        "incomeBeforeTaxRatio": 0.0878880422,
        "incomeTaxExpense": 8935000,
        "netIncome": 15976000,
        "netIncomeRatio": 0.0583606701,
        "eps": 0.43,
        "epsdiluted": 0.42,
        "weightedAverageShsOut": 37252000,
        "weightedAverageShsOutDil": 37709000,
        "link": "https://www.sec.gov/Archives/edgar/data/66570/000006657015000051/0000066570-15-000051-index.htm",
        "finalLink": "https://www.sec.gov/Archives/edgar/data/66570/000006657015000051/a10q-q32015.htm"
    },
    {
        "date": "2015-06-30",
        "symbol": "MSA",
        "reportedCurrency": "USD",
        "cik": "0000066570",
        "fillingDate": "2015-07-23",
        "acceptedDate": "2015-07-23 16:10:59",
        "calendarYear": "2015",
        "period": "Q2",
        "revenue": 287011000,
        "costOfRevenue": 156522000,
        "grossProfit": 130489000,
        "grossProfitRatio": 0.4546480797,
        "researchAndDevelopmentExpenses": 12984000,
        "generalAndAdministrativeExpenses": 0,
        "sellingAndMarketingExpenses": 0,
        "sellingGeneralAndAdministrativeExpenses": 77588000,
        "otherExpenses": 39917000,
        "operatingExpenses": 130489000,
        "costAndExpenses": 287011000,
        "interestIncome": 0,
        "interestExpense": 2502000,
        "depreciationAndAmortization": 8727000,
        "ebitda": 46954000,
        "ebitdaratio": 0.1635965172,
        "operatingIncome": 39917000,
        "operatingIncomeRatio": 0.1390782932,
        "totalOtherIncomeExpensesNet": -4192000,
        "incomeBeforeTax": 35725000,
        "incomeBeforeTaxRatio": 0.1244725812,
        "incomeTaxExpense": 12350000,
        "netIncome": 24298000,
        "netIncomeRatio": 0.0846587761,
        "eps": 0.65,
        "epsdiluted": 0.63,
        "weightedAverageShsOut": 37351000,
        "weightedAverageShsOutDil": 37826000,
        "link": "https://www.sec.gov/Archives/edgar/data/66570/000006657015000042/0000066570-15-000042-index.htm",
        "finalLink": "https://www.sec.gov/Archives/edgar/data/66570/000006657015000042/a10q-q22015.htm"
    },
    {
        "date": "2015-03-31",
        "symbol": "MSA",
        "reportedCurrency": "USD",
        "cik": "0000066570",
        "fillingDate": "2015-04-28",
        "acceptedDate": "2015-04-28 13:44:52",
        "calendarYear": "2015",
        "period": "Q1",
        "revenue": 256708000,
        "costOfRevenue": 139885000,
        "grossProfit": 116823000,
        "grossProfitRatio": 0.4550812596,
        "researchAndDevelopmentExpenses": 10914000,
        "generalAndAdministrativeExpenses": 0,
        "sellingAndMarketingExpenses": 0,
        "sellingGeneralAndAdministrativeExpenses": 81368000,
        "otherExpenses": 24541000,
        "operatingExpenses": 116823000,
        "costAndExpenses": 256708000,
        "interestIncome": 0,
        "interestExpense": 2473000,
        "depreciationAndAmortization": 6937000,
        "ebitda": 33936000,
        "ebitdaratio": 0.132196893,
        "operatingIncome": 24541000,
        "operatingIncomeRatio": 0.0955988906,
        "totalOtherIncomeExpensesNet": -15000,
        "incomeBeforeTax": 24526000,
        "incomeBeforeTaxRatio": 0.0955404584,
        "incomeTaxExpense": 15384000,
        "netIncome": 9682000,
        "netIncomeRatio": 0.0377160042,
        "eps": 0.26,
        "epsdiluted": 0.26,
        "weightedAverageShsOut": 37356000,
        "weightedAverageShsOutDil": 37849000,
        "link": "https://www.sec.gov/Archives/edgar/data/66570/000006657015000020/0000066570-15-000020-index.htm",
        "finalLink": "https://www.sec.gov/Archives/edgar/data/66570/000006657015000020/a10q-q12015.htm"
    },
    {
        "date": "2014-12-31",
        "symbol": "MSA",
        "reportedCurrency": "USD",
        "cik": "0000066570",
        "fillingDate": "2015-02-25",
        "acceptedDate": "2015-02-25 15:37:02",
        "calendarYear": "2014",
        "period": "Q4",
        "revenue": 311188000,
        "costOfRevenue": 171047000,
        "grossProfit": 140141000,
        "grossProfitRatio": 0.4503419155,
        "researchAndDevelopmentExpenses": 11643000,
        "generalAndAdministrativeExpenses": 0,
        "sellingAndMarketingExpenses": 0,
        "sellingGeneralAndAdministrativeExpenses": 77420000,
        "otherExpenses": 51078000,
        "operatingExpenses": 140141000,
        "costAndExpenses": 311188000,
        "interestIncome": 1822000,
        "interestExpense": 2234000,
        "depreciationAndAmortization": 7610000,
        "ebitda": 57198000,
        "ebitdaratio": 0.1838052881,
        "operatingIncome": 51078000,
        "operatingIncomeRatio": 0.16413872,
        "totalOtherIncomeExpensesNet": -3724000,
        "incomeBeforeTax": 47354000,
        "incomeBeforeTaxRatio": 0.1521716776,
        "incomeTaxExpense": 14988000,
        "netIncome": 32687000,
        "netIncomeRatio": 0.1050393974,
        "eps": 0.87,
        "epsdiluted": 0.86,
        "weightedAverageShsOut": 37216000,
        "weightedAverageShsOutDil": 37786000,
        "link": "https://www.sec.gov/Archives/edgar/data/66570/000006657015000011/0000066570-15-000011-index.htm",
        "finalLink": "https://www.sec.gov/Archives/edgar/data/66570/000006657015000011/a2014-10xkxmsa.htm"
    },
    {
        "date": "2014-09-30",
        "symbol": "MSA",
        "reportedCurrency": "USD",
        "cik": "0000066570",
        "fillingDate": "2014-10-23",
        "acceptedDate": "2014-10-23 17:12:22",
        "calendarYear": "2014",
        "period": "Q3",
        "revenue": 275159000,
        "costOfRevenue": 151436000,
        "grossProfit": 123723000,
        "grossProfitRatio": 0.4496418434,
        "researchAndDevelopmentExpenses": 13420000,
        "generalAndAdministrativeExpenses": 0,
        "sellingAndMarketingExpenses": 0,
        "sellingGeneralAndAdministrativeExpenses": 77301000,
        "otherExpenses": 33002000,
        "operatingExpenses": 123723000,
        "costAndExpenses": 275159000,
        "interestIncome": 0,
        "interestExpense": 2493000,
        "depreciationAndAmortization": 7196000,
        "ebitda": 36828000,
        "ebitdaratio": 0.1338426146,
        "operatingIncome": 33002000,
        "operatingIncomeRatio": 0.1199379268,
        "totalOtherIncomeExpensesNet": -5863000,
        "incomeBeforeTax": 27139000,
        "incomeBeforeTaxRatio": 0.0986302465,
        "incomeTaxExpense": 8699000,
        "netIncome": 19305000,
        "netIncomeRatio": 0.0701594351,
        "eps": 0.52,
        "epsdiluted": 0.51,
        "weightedAverageShsOut": 37187000,
        "weightedAverageShsOutDil": 37784000,
        "link": "https://www.sec.gov/Archives/edgar/data/66570/000006657014000047/0000066570-14-000047-index.htm",
        "finalLink": "https://www.sec.gov/Archives/edgar/data/66570/000006657014000047/a10q-q32014.htm"
    },
    {
        "date": "2014-06-30",
        "symbol": "MSA",
        "reportedCurrency": "USD",
        "cik": "0000066570",
        "fillingDate": "2014-07-24",
        "acceptedDate": "2014-07-24 15:35:07",
        "calendarYear": "2014",
        "period": "Q2",
        "revenue": 282493000,
        "costOfRevenue": 152823000,
        "grossProfit": 129670000,
        "grossProfitRatio": 0.4590202235,
        "researchAndDevelopmentExpenses": 11943000,
        "generalAndAdministrativeExpenses": 0,
        "sellingAndMarketingExpenses": 0,
        "sellingGeneralAndAdministrativeExpenses": 82835000,
        "otherExpenses": 34892000,
        "operatingExpenses": 129670000,
        "costAndExpenses": 282493000,
        "interestIncome": 0,
        "interestExpense": 2594000,
        "depreciationAndAmortization": 7656000,
        "ebitda": 42045000,
        "ebitdaratio": 0.1488355464,
        "operatingIncome": 34892000,
        "operatingIncomeRatio": 0.123514565,
        "totalOtherIncomeExpensesNet": -3097000,
        "incomeBeforeTax": 31795000,
        "incomeBeforeTaxRatio": 0.1125514615,
        "incomeTaxExpense": 9753000,
        "netIncome": 22488000,
        "netIncomeRatio": 0.0796055123,
        "eps": 0.6,
        "epsdiluted": 0.59,
        "weightedAverageShsOut": 37128000,
        "weightedAverageShsOutDil": 37719000,
        "link": "https://www.sec.gov/Archives/edgar/data/66570/000006657014000036/0000066570-14-000036-index.htm",
        "finalLink": "https://www.sec.gov/Archives/edgar/data/66570/000006657014000036/a10q-q22014.htm"
    },
    {
        "date": "2014-03-31",
        "symbol": "MSA",
        "reportedCurrency": "USD",
        "cik": "0000066570",
        "fillingDate": "2014-04-23",
        "acceptedDate": "2014-04-23 16:30:44",
        "calendarYear": "2014",
        "period": "Q1",
        "revenue": 265045000,
        "costOfRevenue": 143230000,
        "grossProfit": 121815000,
        "grossProfitRatio": 0.4596011998,
        "researchAndDevelopmentExpenses": 11241000,
        "generalAndAdministrativeExpenses": 0,
        "sellingAndMarketingExpenses": 0,
        "sellingGeneralAndAdministrativeExpenses": 85241000,
        "otherExpenses": 25333000,
        "operatingExpenses": 121815000,
        "costAndExpenses": 265045000,
        "interestIncome": 0,
        "interestExpense": 2530000,
        "depreciationAndAmortization": 7459000,
        "ebitda": 30896000,
        "ebitdaratio": 0.1165688845,
        "operatingIncome": 25333000,
        "operatingIncomeRatio": 0.0955799958,
        "totalOtherIncomeExpensesNet": -4426000,
        "incomeBeforeTax": 20907000,
        "incomeBeforeTaxRatio": 0.0788809447,
        "incomeTaxExpense": 7604000,
        "netIncome": 14026000,
        "netIncomeRatio": 0.0529193156,
        "eps": 0.38,
        "epsdiluted": 0.37,
        "weightedAverageShsOut": 37015000,
        "weightedAverageShsOutDil": 37617000,
        "link": "https://www.sec.gov/Archives/edgar/data/66570/000006657014000021/0000066570-14-000021-index.htm",
        "finalLink": "https://www.sec.gov/Archives/edgar/data/66570/000006657014000021/a10q-q12014.htm"
    },
    {
        "date": "2013-12-31",
        "symbol": "MSA",
        "reportedCurrency": "USD",
        "cik": "0000066570",
        "fillingDate": "2014-02-24",
        "acceptedDate": "2014-02-24 17:14:44",
        "calendarYear": "2013",
        "period": "Q4",
        "revenue": 250879000,
        "costOfRevenue": 129912000,
        "grossProfit": 120967000,
        "grossProfitRatio": 0.4821726809,
        "researchAndDevelopmentExpenses": 11578000,
        "generalAndAdministrativeExpenses": 0,
        "sellingAndMarketingExpenses": 0,
        "sellingGeneralAndAdministrativeExpenses": 71287000,
        "otherExpenses": 38102000,
        "operatingExpenses": 120967000,
        "costAndExpenses": 250879000,
        "interestIncome": 1142000,
        "interestExpense": 2526000,
        "depreciationAndAmortization": 7372000,
        "ebitda": 41253000,
        "ebitdaratio": 0.1644338506,
        "operatingIncome": 38102000,
        "operatingIncomeRatio": 0.151874011,
        "totalOtherIncomeExpensesNet": -6747000,
        "incomeBeforeTax": 31355000,
        "incomeBeforeTaxRatio": 0.1249805683,
        "incomeTaxExpense": 9330000,
        "netIncome": 25411000,
        "netIncomeRatio": 0.1012878718,
        "eps": 0.68,
        "epsdiluted": 0.67,
        "weightedAverageShsOut": 36939000,
        "weightedAverageShsOutDil": 37487000,
        "link": "https://www.sec.gov/Archives/edgar/data/66570/000006657014000010/0000066570-14-000010-index.htm",
        "finalLink": "https://www.sec.gov/Archives/edgar/data/66570/000006657014000010/a10-kxmsa.htm"
    },
    {
        "date": "2013-09-30",
        "symbol": "MSA",
        "reportedCurrency": "USD",
        "cik": "0000066570",
        "fillingDate": "2013-10-23",
        "acceptedDate": "2013-10-23 15:47:28",
        "calendarYear": "2013",
        "period": "Q3",
        "revenue": 264884000,
        "costOfRevenue": 149458000,
        "grossProfit": 115426000,
        "grossProfitRatio": 0.4357605593,
        "researchAndDevelopmentExpenses": 12298000,
        "generalAndAdministrativeExpenses": 0,
        "sellingAndMarketingExpenses": 0,
        "sellingGeneralAndAdministrativeExpenses": 71390000,
        "otherExpenses": 31738000,
        "operatingExpenses": 115426000,
        "costAndExpenses": 264884000,
        "interestIncome": 0,
        "interestExpense": 2741000,
        "depreciationAndAmortization": 7615000,
        "ebitda": 36640000,
        "ebitdaratio": 0.1383247006,
        "operatingIncome": 31738000,
        "operatingIncomeRatio": 0.1198184866,
        "totalOtherIncomeExpensesNet": -5454000,
        "incomeBeforeTax": 26284000,
        "incomeBeforeTaxRatio": 0.0992283415,
        "incomeTaxExpense": 7750000,
        "netIncome": 19501000,
        "netIncomeRatio": 0.0736209058,
        "eps": 0.52,
        "epsdiluted": 0.52,
        "weightedAverageShsOut": 36915000,
        "weightedAverageShsOutDil": 37507000,
        "link": "https://www.sec.gov/Archives/edgar/data/66570/000119312513408087/0001193125-13-408087-index.htm",
        "finalLink": "https://www.sec.gov/Archives/edgar/data/66570/000119312513408087/d593873d10q.htm"
    },
    {
        "date": "2013-06-30",
        "symbol": "MSA",
        "reportedCurrency": "USD",
        "cik": "0000066570",
        "fillingDate": "2013-07-24",
        "acceptedDate": "2013-07-24 16:37:58",
        "calendarYear": "2013",
        "period": "Q2",
        "revenue": 285859000,
        "costOfRevenue": 156195000,
        "grossProfit": 129664000,
        "grossProfitRatio": 0.4535942545,
        "researchAndDevelopmentExpenses": 11398000,
        "generalAndAdministrativeExpenses": 0,
        "sellingAndMarketingExpenses": 0,
        "sellingGeneralAndAdministrativeExpenses": 79099000,
        "otherExpenses": 39167000,
        "operatingExpenses": 129664000,
        "costAndExpenses": 285859000,
        "interestIncome": 0,
        "interestExpense": 2750000,
        "depreciationAndAmortization": 7932000,
        "ebitda": 44126000,
        "ebitdaratio": 0.1543628152,
        "operatingIncome": 39167000,
        "operatingIncomeRatio": 0.1370151019,
        "totalOtherIncomeExpensesNet": -5723000,
        "incomeBeforeTax": 33444000,
        "incomeBeforeTaxRatio": 0.1169947422,
        "incomeTaxExpense": 10005000,
        "netIncome": 24049000,
        "netIncomeRatio": 0.0841288887,
        "eps": 0.65,
        "epsdiluted": 0.64,
        "weightedAverageShsOut": 36880000,
        "weightedAverageShsOutDil": 37431000,
        "link": "https://www.sec.gov/Archives/edgar/data/66570/000119312513300603/0001193125-13-300603-index.htm",
        "finalLink": "https://www.sec.gov/Archives/edgar/data/66570/000119312513300603/d546714d10q.htm"
    },
    {
        "date": "2013-03-31",
        "symbol": "MSA",
        "reportedCurrency": "USD",
        "cik": "0000066570",
        "fillingDate": "2013-04-24",
        "acceptedDate": "2013-04-24 13:29:11",
        "calendarYear": "2013",
        "period": "Q1",
        "revenue": 269886000,
        "costOfRevenue": 148182000,
        "grossProfit": 121704000,
        "grossProfitRatio": 0.450945955,
        "researchAndDevelopmentExpenses": 10584000,
        "generalAndAdministrativeExpenses": 0,
        "sellingAndMarketingExpenses": 0,
        "sellingGeneralAndAdministrativeExpenses": 81608000,
        "otherExpenses": 29512000,
        "operatingExpenses": 121704000,
        "costAndExpenses": 269886000,
        "interestIncome": 0,
        "interestExpense": 2660000,
        "depreciationAndAmortization": 7845000,
        "ebitda": 35968000,
        "ebitdaratio": 0.1332710848,
        "operatingIncome": 29512000,
        "operatingIncomeRatio": 0.1093498737,
        "totalOtherIncomeExpensesNet": -4049000,
        "incomeBeforeTax": 25463000,
        "incomeBeforeTaxRatio": 0.0943472429,
        "incomeTaxExpense": 6920000,
        "netIncome": 19286000,
        "netIncomeRatio": 0.0714598015,
        "eps": 0.52,
        "epsdiluted": 0.51,
        "weightedAverageShsOut": 36734000,
        "weightedAverageShsOutDil": 37369000,
        "link": "https://www.sec.gov/Archives/edgar/data/66570/000119312513169761/0001193125-13-169761-index.htm",
        "finalLink": "https://www.sec.gov/Archives/edgar/data/66570/000119312513169761/d509841d10q.htm"
    },
    {
        "date": "2012-12-31",
        "symbol": "MSA",
        "reportedCurrency": "USD",
        "cik": "0000066570",
        "fillingDate": "2013-02-20",
        "acceptedDate": "2013-02-20 17:01:45",
        "calendarYear": "2012",
        "period": "Q4",
        "revenue": 285681000,
        "costOfRevenue": 163753000,
        "grossProfit": 121928000,
        "grossProfitRatio": 0.4267977219,
        "researchAndDevelopmentExpenses": 11193000,
        "generalAndAdministrativeExpenses": 0,
        "sellingAndMarketingExpenses": 0,
        "sellingGeneralAndAdministrativeExpenses": 84643000,
        "otherExpenses": 26092000,
        "operatingExpenses": 121928000,
        "costAndExpenses": 285681000,
        "interestIncome": 1525000,
        "interestExpense": 2501000,
        "depreciationAndAmortization": 7645000,
        "ebitda": 40635000,
        "ebitdaratio": 0.1422390709,
        "operatingIncome": 26092000,
        "operatingIncomeRatio": 0.0913326403,
        "totalOtherIncomeExpensesNet": 4397000,
        "incomeBeforeTax": 30489000,
        "incomeBeforeTaxRatio": 0.1067239333,
        "incomeTaxExpense": 10979000,
        "netIncome": 19487000,
        "netIncomeRatio": 0.0682124468,
        "eps": 0.53,
        "epsdiluted": 0.52,
        "weightedAverageShsOut": 36650000,
        "weightedAverageShsOutDil": 37137000,
        "link": "https://www.sec.gov/Archives/edgar/data/66570/000119312513067419/0001193125-13-067419-index.htm",
        "finalLink": "https://www.sec.gov/Archives/edgar/data/66570/000119312513067419/d448561d10k.htm"
    },
    {
        "date": "2012-09-30",
        "symbol": "MSA",
        "reportedCurrency": "USD",
        "cik": "0000066570",
        "fillingDate": "2012-10-24",
        "acceptedDate": "2012-10-24 16:09:54",
        "calendarYear": "2012",
        "period": "Q3",
        "revenue": 286567000,
        "costOfRevenue": 164313000,
        "grossProfit": 122254000,
        "grossProfitRatio": 0.4266157652,
        "researchAndDevelopmentExpenses": 10073000,
        "generalAndAdministrativeExpenses": 0,
        "sellingAndMarketingExpenses": 0,
        "sellingGeneralAndAdministrativeExpenses": 81606000,
        "otherExpenses": -169000,
        "operatingExpenses": 91510000,
        "costAndExpenses": 255823000,
        "interestIncome": 0,
        "interestExpense": 2797000,
        "depreciationAndAmortization": 8146000,
        "ebitda": 38273000,
        "ebitdaratio": 0.1335568994,
        "operatingIncome": 30744000,
        "operatingIncomeRatio": 0.1072838115,
        "totalOtherIncomeExpensesNet": -3414000,
        "incomeBeforeTax": 27330000,
        "incomeBeforeTaxRatio": 0.0953703671,
        "incomeTaxExpense": 7680000,
        "netIncome": 19233000,
        "netIncomeRatio": 0.0671151947,
        "eps": 0.52,
        "epsdiluted": 0.51,
        "weightedAverageShsOut": 36633000,
        "weightedAverageShsOutDil": 37055000,
        "link": "https://www.sec.gov/Archives/edgar/data/66570/000119312512433304/0001193125-12-433304-index.htm",
        "finalLink": "https://www.sec.gov/Archives/edgar/data/66570/000119312512433304/d407112d10q.htm"
    },
    {
        "date": "2012-06-30",
        "symbol": "MSA",
        "reportedCurrency": "USD",
        "cik": "0000066570",
        "fillingDate": "2012-07-25",
        "acceptedDate": "2012-07-25 14:34:50",
        "calendarYear": "2012",
        "period": "Q2",
        "revenue": 294738000,
        "costOfRevenue": 171612000,
        "grossProfit": 123126000,
        "grossProfitRatio": 0.4177472874,
        "researchAndDevelopmentExpenses": 10342000,
        "generalAndAdministrativeExpenses": 0,
        "sellingAndMarketingExpenses": 0,
        "sellingGeneralAndAdministrativeExpenses": 77922000,
        "otherExpenses": -8259000,
        "operatingExpenses": 80005000,
        "costAndExpenses": 251617000,
        "interestIncome": 0,
        "interestExpense": 2914000,
        "depreciationAndAmortization": 7925000,
        "ebitda": 52238000,
        "ebitdaratio": 0.1772353751,
        "operatingIncome": 43121000,
        "operatingIncomeRatio": 0.1463028181,
        "totalOtherIncomeExpensesNet": -1722000,
        "incomeBeforeTax": 41399000,
        "incomeBeforeTaxRatio": 0.140460341,
        "incomeTaxExpense": 13120000,
        "netIncome": 27995000,
        "netIncomeRatio": 0.0949826626,
        "eps": 0.76,
        "epsdiluted": 0.75,
        "weightedAverageShsOut": 36590000,
        "weightedAverageShsOutDil": 37081000,
        "link": "https://www.sec.gov/Archives/edgar/data/66570/000119312512314194/0001193125-12-314194-index.htm",
        "finalLink": "https://www.sec.gov/Archives/edgar/data/66570/000119312512314194/d361656d10q.htm"
    },
    {
        "date": "2012-03-31",
        "symbol": "MSA",
        "reportedCurrency": "USD",
        "cik": "0000066570",
        "fillingDate": "2012-04-25",
        "acceptedDate": "2012-04-25 12:18:53",
        "calendarYear": "2012",
        "period": "Q1",
        "revenue": 293485000,
        "costOfRevenue": 166494000,
        "grossProfit": 126991000,
        "grossProfitRatio": 0.432700138,
        "researchAndDevelopmentExpenses": 9292000,
        "generalAndAdministrativeExpenses": 0,
        "sellingAndMarketingExpenses": 0,
        "sellingGeneralAndAdministrativeExpenses": 77063000,
        "otherExpenses": -5000,
        "operatingExpenses": 86350000,
        "costAndExpenses": 252844000,
        "interestIncome": 0,
        "interestExpense": 3149000,
        "depreciationAndAmortization": 7986000,
        "ebitda": 46207000,
        "ebitdaratio": 0.1574424587,
        "operatingIncome": 40641000,
        "operatingIncomeRatio": 0.1384772646,
        "totalOtherIncomeExpensesNet": -5569000,
        "incomeBeforeTax": 35072000,
        "incomeBeforeTaxRatio": 0.1195018485,
        "incomeTaxExpense": 10750000,
        "netIncome": 23922000,
        "netIncomeRatio": 0.0815101283,
        "eps": 0.65,
        "epsdiluted": 0.64,
        "weightedAverageShsOut": 36369000,
        "weightedAverageShsOutDil": 36878000,
        "link": "https://www.sec.gov/Archives/edgar/data/66570/000119312512181188/0001193125-12-181188-index.htm",
        "finalLink": "https://www.sec.gov/Archives/edgar/data/66570/000119312512181188/d320511d10q.htm"
    },
    {
        "date": "2011-12-31",
        "symbol": "MSA",
        "reportedCurrency": "USD",
        "cik": "0000066570",
        "fillingDate": "2012-02-22",
        "acceptedDate": "2012-02-22 16:52:20",
        "calendarYear": "2011",
        "period": "Q4",
        "revenue": 304782000,
        "costOfRevenue": 183812000,
        "grossProfit": 120970000,
        "grossProfitRatio": 0.3969066415,
        "researchAndDevelopmentExpenses": 9599000,
        "generalAndAdministrativeExpenses": 0,
        "sellingAndMarketingExpenses": 0,
        "sellingGeneralAndAdministrativeExpenses": 78985000,
        "otherExpenses": 8559000,
        "operatingExpenses": 97143000,
        "costAndExpenses": 280955000,
        "interestIncome": 0,
        "interestExpense": 3694000,
        "depreciationAndAmortization": 7980000,
        "ebitda": 36400000,
        "ebitdaratio": 0.1194296251,
        "operatingIncome": 23827000,
        "operatingIncomeRatio": 0.0781771889,
        "totalOtherIncomeExpensesNet": 899000,
        "incomeBeforeTax": 24726000,
        "incomeBeforeTaxRatio": 0.0811268382,
        "incomeTaxExpense": 7839000,
        "netIncome": 16979000,
        "netIncomeRatio": 0.0557086705,
        "eps": 0.46,
        "epsdiluted": 0.46,
        "weightedAverageShsOut": 36265000,
        "weightedAverageShsOutDil": 36874000,
        "link": "https://www.sec.gov/Archives/edgar/data/66570/000119312512072913/0001193125-12-072913-index.htm",
        "finalLink": "https://www.sec.gov/Archives/edgar/data/66570/000119312512072913/d260722d10k.htm"
    },
    {
        "date": "2011-09-30",
        "symbol": "MSA",
        "reportedCurrency": "USD",
        "cik": "0000066570",
        "fillingDate": "2011-10-27",
        "acceptedDate": "2011-10-27 15:25:19",
        "calendarYear": "2011",
        "period": "Q3",
        "revenue": 300639000,
        "costOfRevenue": 177353000,
        "grossProfit": 123286000,
        "grossProfitRatio": 0.4100798632,
        "researchAndDevelopmentExpenses": 9663000,
        "generalAndAdministrativeExpenses": 0,
        "sellingAndMarketingExpenses": 0,
        "sellingGeneralAndAdministrativeExpenses": 78621000,
        "otherExpenses": 0,
        "operatingExpenses": 88284000,
        "costAndExpenses": 265637000,
        "interestIncome": 0,
        "interestExpense": 3198000,
        "depreciationAndAmortization": 8158000,
        "ebitda": 41725000,
        "ebitdaratio": 0.1387877155,
        "operatingIncome": 35002000,
        "operatingIncomeRatio": 0.1164253473,
        "totalOtherIncomeExpensesNet": -4633000,
        "incomeBeforeTax": 30369000,
        "incomeBeforeTaxRatio": 0.1010148384,
        "incomeTaxExpense": 10188000,
        "netIncome": 19972000,
        "netIncomeRatio": 0.0664318335,
        "eps": 0.54,
        "epsdiluted": 0.54,
        "weightedAverageShsOut": 36236000,
        "weightedAverageShsOutDil": 36799000,
        "link": "https://www.sec.gov/Archives/edgar/data/66570/000119312511284021/0001193125-11-284021-index.htm",
        "finalLink": "https://www.sec.gov/Archives/edgar/data/66570/000119312511284021/d232594d10q.htm"
    },
    {
        "date": "2011-06-30",
        "symbol": "MSA",
        "reportedCurrency": "USD",
        "cik": "0000066570",
        "fillingDate": "2011-07-28",
        "acceptedDate": "2011-07-28 16:13:08",
        "calendarYear": "2011",
        "period": "Q2",
        "revenue": 295892000,
        "costOfRevenue": 175724000,
        "grossProfit": 120168000,
        "grossProfitRatio": 0.4061211523,
        "researchAndDevelopmentExpenses": 9440000,
        "generalAndAdministrativeExpenses": 0,
        "sellingAndMarketingExpenses": 0,
        "sellingGeneralAndAdministrativeExpenses": 75716000,
        "otherExpenses": 0,
        "operatingExpenses": 85156000,
        "costAndExpenses": 260880000,
        "interestIncome": 0,
        "interestExpense": 3788000,
        "depreciationAndAmortization": 8303000,
        "ebitda": 41399000,
        "ebitdaratio": 0.1399125357,
        "operatingIncome": 35012000,
        "operatingIncomeRatio": 0.1183269571,
        "totalOtherIncomeExpensesNet": -5704000,
        "incomeBeforeTax": 29308000,
        "incomeBeforeTaxRatio": 0.0990496533,
        "incomeTaxExpense": 9827000,
        "netIncome": 19592000,
        "netIncomeRatio": 0.0662133481,
        "eps": 0.53,
        "epsdiluted": 0.53,
        "weightedAverageShsOut": 36217000,
        "weightedAverageShsOutDil": 36854000,
        "link": "https://www.sec.gov/Archives/edgar/data/66570/000119312511200850/0001193125-11-200850-index.htm",
        "finalLink": "https://www.sec.gov/Archives/edgar/data/66570/000119312511200850/d10q.htm"
    },
    {
        "date": "2011-03-31",
        "symbol": "MSA",
        "reportedCurrency": "USD",
        "cik": "0000066570",
        "fillingDate": "2011-04-28",
        "acceptedDate": "2011-04-28 16:03:03",
        "calendarYear": "2011",
        "period": "Q1",
        "revenue": 277295000,
        "costOfRevenue": 166102000,
        "grossProfit": 111193000,
        "grossProfitRatio": 0.4009917236,
        "researchAndDevelopmentExpenses": 10543000,
        "generalAndAdministrativeExpenses": 0,
        "sellingAndMarketingExpenses": 0,
        "sellingGeneralAndAdministrativeExpenses": 73045000,
        "otherExpenses": 0,
        "operatingExpenses": 83588000,
        "costAndExpenses": 249690000,
        "interestIncome": 0,
        "interestExpense": 3437000,
        "depreciationAndAmortization": 8425000,
        "ebitda": 32277000,
        "ebitdaratio": 0.1163995023,
        "operatingIncome": 27605000,
        "operatingIncomeRatio": 0.0995510197,
        "totalOtherIncomeExpensesNet": -7190000,
        "incomeBeforeTax": 20415000,
        "incomeBeforeTaxRatio": 0.073621955,
        "incomeTaxExpense": 6919000,
        "netIncome": 13309000,
        "netIncomeRatio": 0.0479958167,
        "eps": 0.36,
        "epsdiluted": 0.36,
        "weightedAverageShsOut": 36165000,
        "weightedAverageShsOutDil": 36795000,
        "link": "https://www.sec.gov/Archives/edgar/data/66570/000119312511115103/0001193125-11-115103-index.htm",
        "finalLink": "https://www.sec.gov/Archives/edgar/data/66570/000119312511115103/d10q.htm"
    },
    {
        "date": "2010-12-31",
        "symbol": "MSA",
        "reportedCurrency": "USD",
        "cik": "0000066570",
        "fillingDate": "2011-02-28",
        "acceptedDate": "2011-02-28 17:07:24",
        "calendarYear": "2010",
        "period": "Q4",
        "revenue": 288683000,
        "costOfRevenue": 178264000,
        "grossProfit": 110419000,
        "grossProfitRatio": 0.3824922146,
        "researchAndDevelopmentExpenses": 8828000,
        "generalAndAdministrativeExpenses": 0,
        "sellingAndMarketingExpenses": 0,
        "sellingGeneralAndAdministrativeExpenses": 78935000,
        "otherExpenses": 14121000,
        "operatingExpenses": 101884000,
        "costAndExpenses": 280148000,
        "interestIncome": 0,
        "interestExpense": 3796000,
        "depreciationAndAmortization": 8651000,
        "ebitda": 28370000,
        "ebitdaratio": 0.0982738852,
        "operatingIncome": 8535000,
        "operatingIncomeRatio": 0.0295653017,
        "totalOtherIncomeExpensesNet": 7388000,
        "incomeBeforeTax": 15923000,
        "incomeBeforeTaxRatio": 0.0551573872,
        "incomeTaxExpense": 3903000,
        "netIncome": 11768000,
        "netIncomeRatio": 0.0407644371,
        "eps": 0.33,
        "epsdiluted": 0.33,
        "weightedAverageShsOut": 36063000,
        "weightedAverageShsOutDil": 36165000,
        "link": "https://www.sec.gov/Archives/edgar/data/66570/000119312511050159/0001193125-11-050159-index.htm",
        "finalLink": "https://www.sec.gov/Archives/edgar/data/66570/000119312511050159/d10k.htm"
    },
    {
        "date": "2010-09-30",
        "symbol": "MSA",
        "reportedCurrency": "USD",
        "cik": "0000066570",
        "fillingDate": "2010-10-28",
        "acceptedDate": "2010-10-28 16:07:42",
        "calendarYear": "2010",
        "period": "Q3",
        "revenue": 243058000,
        "costOfRevenue": 151340000,
        "grossProfit": 91718000,
        "grossProfitRatio": 0.3773502621,
        "researchAndDevelopmentExpenses": 7938000,
        "generalAndAdministrativeExpenses": 0,
        "sellingAndMarketingExpenses": 0,
        "sellingGeneralAndAdministrativeExpenses": 61185000,
        "otherExpenses": 0,
        "operatingExpenses": 69123000,
        "costAndExpenses": 220463000,
        "interestIncome": 0,
        "interestExpense": 1686000,
        "depreciationAndAmortization": 6815000,
        "ebitda": 23783000,
        "ebitdaratio": 0.0978490731,
        "operatingIncome": 22595000,
        "operatingIncomeRatio": 0.0929613508,
        "totalOtherIncomeExpensesNet": -7313000,
        "incomeBeforeTax": 15282000,
        "incomeBeforeTaxRatio": 0.062873882,
        "incomeTaxExpense": 5297000,
        "netIncome": 9603000,
        "netIncomeRatio": 0.0395090884,
        "eps": 0.27,
        "epsdiluted": 0.26,
        "weightedAverageShsOut": 35917000,
        "weightedAverageShsOutDil": 36391000,
        "link": "https://www.sec.gov/Archives/edgar/data/66570/000119312510239731/0001193125-10-239731-index.htm",
        "finalLink": "https://www.sec.gov/Archives/edgar/data/66570/000119312510239731/d10q.htm"
    },
    {
        "date": "2010-06-30",
        "symbol": "MSA",
        "reportedCurrency": "USD",
        "cik": "0000066570",
        "fillingDate": "2010-07-28",
        "acceptedDate": "2010-07-28 15:05:42",
        "calendarYear": "2010",
        "period": "Q2",
        "revenue": 237188000,
        "costOfRevenue": 146947000,
        "grossProfit": 90241000,
        "grossProfitRatio": 0.3804619121,
        "researchAndDevelopmentExpenses": 8282000,
        "generalAndAdministrativeExpenses": 0,
        "sellingAndMarketingExpenses": 0,
        "sellingGeneralAndAdministrativeExpenses": 60912000,
        "otherExpenses": 0,
        "operatingExpenses": 69194000,
        "costAndExpenses": 216141000,
        "interestIncome": 0,
        "interestExpense": 1685000,
        "depreciationAndAmortization": 6766000,
        "ebitda": 26672000,
        "ebitdaratio": 0.1124508828,
        "operatingIncome": 21047000,
        "operatingIncomeRatio": 0.0887355178,
        "totalOtherIncomeExpensesNet": -2826000,
        "incomeBeforeTax": 18221000,
        "incomeBeforeTaxRatio": 0.0768209184,
        "incomeTaxExpense": 6287000,
        "netIncome": 11827000,
        "netIncomeRatio": 0.0498633995,
        "eps": 0.33,
        "epsdiluted": 0.32,
        "weightedAverageShsOut": 35839000,
        "weightedAverageShsOutDil": 36481000,
        "link": "https://www.sec.gov/Archives/edgar/data/66570/000119312510168879/0001193125-10-168879-index.htm",
        "finalLink": "https://www.sec.gov/Archives/edgar/data/66570/000119312510168879/d10q.htm"
    },
    {
        "date": "2010-03-31",
        "symbol": "MSA",
        "reportedCurrency": "USD",
        "cik": "0000066570",
        "fillingDate": "2010-04-29",
        "acceptedDate": "2010-04-29 11:23:36",
        "calendarYear": "2010",
        "period": "Q1",
        "revenue": 213739000,
        "costOfRevenue": 129981000,
        "grossProfit": 83758000,
        "grossProfitRatio": 0.3918704588,
        "researchAndDevelopmentExpenses": 7736000,
        "generalAndAdministrativeExpenses": 0,
        "sellingAndMarketingExpenses": 0,
        "sellingGeneralAndAdministrativeExpenses": 61908000,
        "otherExpenses": 0,
        "operatingExpenses": 69644000,
        "costAndExpenses": 199625000,
        "interestIncome": 0,
        "interestExpense": 1540000,
        "depreciationAndAmortization": 6960000,
        "ebitda": 16423000,
        "ebitdaratio": 0.0768367027,
        "operatingIncome": 14114000,
        "operatingIncomeRatio": 0.0660338076,
        "totalOtherIncomeExpensesNet": -6191000,
        "incomeBeforeTax": 7923000,
        "incomeBeforeTaxRatio": 0.0370685743,
        "incomeTaxExpense": 2803000,
        "netIncome": 4906000,
        "netIncomeRatio": 0.022953228,
        "eps": 0.14,
        "epsdiluted": 0.14,
        "weightedAverageShsOut": 35697000,
        "weightedAverageShsOutDil": 36224000,
        "link": "https://www.sec.gov/Archives/edgar/data/66570/000119312510098398/0001193125-10-098398-index.htm",
        "finalLink": "https://www.sec.gov/Archives/edgar/data/66570/000119312510098398/d10q.htm"
    },
    {
        "date": "2009-12-31",
        "symbol": "MSA",
        "reportedCurrency": "USD",
        "cik": "0000066570",
        "fillingDate": "2010-02-26",
        "acceptedDate": "2010-02-26 16:26:40",
        "calendarYear": "2009",
        "period": "Q4",
        "revenue": 241958000,
        "costOfRevenue": 150797000,
        "grossProfit": 91161000,
        "grossProfitRatio": 0.3767637359,
        "researchAndDevelopmentExpenses": 7376000,
        "generalAndAdministrativeExpenses": 0,
        "sellingAndMarketingExpenses": 0,
        "sellingGeneralAndAdministrativeExpenses": 59832000,
        "otherExpenses": 23953000,
        "operatingExpenses": 91161000,
        "costAndExpenses": 241958000,
        "interestIncome": 0,
        "interestExpense": 1638000,
        "depreciationAndAmortization": 7080000,
        "ebitda": 27570000,
        "ebitdaratio": 0.1139453955,
        "operatingIncome": 23953000,
        "operatingIncomeRatio": 0.0989965201,
        "totalOtherIncomeExpensesNet": -5101000,
        "incomeBeforeTax": 18852000,
        "incomeBeforeTaxRatio": 0.0779143488,
        "incomeTaxExpense": 6249000,
        "netIncome": 12662000,
        "netIncomeRatio": 0.0523313964,
        "eps": 0.35,
        "epsdiluted": 0.35,
        "weightedAverageShsOut": 35686000,
        "weightedAverageShsOutDil": 36097275,
        "link": "https://www.sec.gov/Archives/edgar/data/66570/000119312510042969/0001193125-10-042969-index.htm",
        "finalLink": "https://www.sec.gov/Archives/edgar/data/66570/000119312510042969/d10k.htm"
    },
    {
        "date": "2009-09-30",
        "symbol": "MSA",
        "reportedCurrency": "USD",
        "cik": "0000066570",
        "fillingDate": "2009-10-29",
        "acceptedDate": "2009-10-29 14:49:40",
        "calendarYear": "2009",
        "period": "Q3",
        "revenue": 228636000,
        "costOfRevenue": 145354000,
        "grossProfit": 83282000,
        "grossProfitRatio": 0.3642558477,
        "researchAndDevelopmentExpenses": 7119000,
        "generalAndAdministrativeExpenses": 0,
        "sellingAndMarketingExpenses": 0,
        "sellingGeneralAndAdministrativeExpenses": 57313000,
        "otherExpenses": 0,
        "operatingExpenses": 64432000,
        "costAndExpenses": 209786000,
        "interestIncome": 0,
        "interestExpense": 1681000,
        "depreciationAndAmortization": 6851000,
        "ebitda": 24819000,
        "ebitdaratio": 0.1085524589,
        "operatingIncome": 18850000,
        "operatingIncomeRatio": 0.0824454592,
        "totalOtherIncomeExpensesNet": -2563000,
        "incomeBeforeTax": 16287000,
        "incomeBeforeTaxRatio": 0.071235501,
        "incomeTaxExpense": 5154000,
        "netIncome": 10954000,
        "netIncomeRatio": 0.0479102154,
        "eps": 0.31,
        "epsdiluted": 0.3,
        "weightedAverageShsOut": 35680000,
        "weightedAverageShsOutDil": 35938000,
        "link": "https://www.sec.gov/Archives/edgar/data/66570/000119312509217322/0001193125-09-217322-index.htm",
        "finalLink": "https://www.sec.gov/Archives/edgar/data/66570/000119312509217322/d10q.htm"
    },
    {
        "date": "2009-06-30",
        "symbol": "MSA",
        "reportedCurrency": "USD",
        "cik": "0000066570",
        "fillingDate": "2009-07-28",
        "acceptedDate": "2009-07-28 15:36:01",
        "calendarYear": "2009",
        "period": "Q2",
        "revenue": 227904000,
        "costOfRevenue": 141917000,
        "grossProfit": 85987000,
        "grossProfitRatio": 0.3772948259,
        "researchAndDevelopmentExpenses": 7273000,
        "generalAndAdministrativeExpenses": 0,
        "sellingAndMarketingExpenses": 0,
        "sellingGeneralAndAdministrativeExpenses": 56041000,
        "otherExpenses": 22673000,
        "operatingExpenses": 85987000,
        "costAndExpenses": 227904000,
        "interestIncome": 0,
        "interestExpense": 1914000,
        "depreciationAndAmortization": 6677000,
        "ebitda": 27805000,
        "ebitdaratio": 0.1220031241,
        "operatingIncome": 22673000,
        "operatingIncomeRatio": 0.0994848708,
        "totalOtherIncomeExpensesNet": -3459000,
        "incomeBeforeTax": 19214000,
        "incomeBeforeTaxRatio": 0.0843074277,
        "incomeTaxExpense": 6986000,
        "netIncome": 12458000,
        "netIncomeRatio": 0.054663367,
        "eps": 0.35,
        "epsdiluted": 0.35,
        "weightedAverageShsOut": 35672000,
        "weightedAverageShsOutDil": 35818000,
        "link": "https://www.sec.gov/Archives/edgar/data/66570/000119312509156873/0001193125-09-156873-index.htm",
        "finalLink": "https://www.sec.gov/Archives/edgar/data/66570/000119312509156873/d10q.htm"
    },
    {
        "date": "2009-03-31",
        "symbol": "MSA",
        "reportedCurrency": "USD",
        "cik": "0000066570",
        "fillingDate": "2009-04-30",
        "acceptedDate": "2009-04-30 14:20:15",
        "calendarYear": "2009",
        "period": "Q1",
        "revenue": 219034000,
        "costOfRevenue": 135198000,
        "grossProfit": 83836000,
        "grossProfitRatio": 0.3827533625,
        "researchAndDevelopmentExpenses": 7013000,
        "generalAndAdministrativeExpenses": 0,
        "sellingAndMarketingExpenses": 0,
        "sellingGeneralAndAdministrativeExpenses": 56820000,
        "otherExpenses": 20003000,
        "operatingExpenses": 83836000,
        "costAndExpenses": 219034000,
        "interestIncome": 0,
        "interestExpense": 1847000,
        "depreciationAndAmortization": 6754000,
        "ebitda": 19588000,
        "ebitdaratio": 0.0894290384,
        "operatingIncome": 20003000,
        "operatingIncomeRatio": 0.0913237214,
        "totalOtherIncomeExpensesNet": -9016000,
        "incomeBeforeTax": 10987000,
        "incomeBeforeTaxRatio": 0.0501611622,
        "incomeTaxExpense": 3614000,
        "netIncome": 7221000,
        "netIncomeRatio": 0.0329674845,
        "eps": 0.2,
        "epsdiluted": 0.2,
        "weightedAverageShsOut": 35972518,
        "weightedAverageShsOutDil": 35972518,
        "link": "https://www.sec.gov/Archives/edgar/data/66570/000119312509094029/0001193125-09-094029-index.htm",
        "finalLink": "https://www.sec.gov/Archives/edgar/data/66570/000119312509094029/d10q.htm"
    },
    {
        "date": "2008-12-31",
        "symbol": "MSA",
        "reportedCurrency": "USD",
        "cik": "0000066570",
        "fillingDate": "2009-02-26",
        "acceptedDate": "2009-02-26 15:50:56",
        "calendarYear": "2008",
        "period": "Q4",
        "revenue": 294096000,
        "costOfRevenue": 182911000,
        "grossProfit": 111185000,
        "grossProfitRatio": 0.378056825,
        "researchAndDevelopmentExpenses": 8981000,
        "generalAndAdministrativeExpenses": 0,
        "sellingAndMarketingExpenses": 0,
        "sellingGeneralAndAdministrativeExpenses": 67650000,
        "otherExpenses": 34554000,
        "operatingExpenses": 111185000,
        "costAndExpenses": 294096000,
        "interestIncome": 0,
        "interestExpense": 0,
        "depreciationAndAmortization": 6539000,
        "ebitda": 30214000,
        "ebitdaratio": 0.1027351613,
        "operatingIncome": 34554000,
        "operatingIncomeRatio": 0.1174922474,
        "totalOtherIncomeExpensesNet": -10139000,
        "incomeBeforeTax": 24415000,
        "incomeBeforeTaxRatio": 0.0830171101,
        "incomeTaxExpense": 7917000,
        "netIncome": 16498000,
        "netIncomeRatio": 0.0560973288,
        "eps": 0.46,
        "epsdiluted": 0.46,
        "weightedAverageShsOut": 35620000,
        "weightedAverageShsOutDil": 35633000,
        "link": "https://www.sec.gov/Archives/edgar/data/66570/000119312509039023/0001193125-09-039023-index.htm",
        "finalLink": "https://www.sec.gov/Archives/edgar/data/66570/000119312509039023/d10k.htm"
    },
    {
        "date": "2008-09-30",
        "symbol": "MSA",
        "reportedCurrency": "USD",
        "cik": "0000066570",
        "fillingDate": "2008-10-27",
        "acceptedDate": "2008-10-27 15:42:53",
        "calendarYear": "2008",
        "period": "Q3",
        "revenue": 285941000,
        "costOfRevenue": 177203000,
        "grossProfit": 108738000,
        "grossProfitRatio": 0.3802812468,
        "researchAndDevelopmentExpenses": 9485000,
        "generalAndAdministrativeExpenses": 0,
        "sellingAndMarketingExpenses": 0,
        "sellingGeneralAndAdministrativeExpenses": 67921000,
        "otherExpenses": 1045000,
        "operatingExpenses": 78451000,
        "costAndExpenses": 255654000,
        "interestIncome": 0,
        "interestExpense": 2307000,
        "depreciationAndAmortization": 7251000,
        "ebitda": 40024000,
        "ebitdaratio": 0.1399729315,
        "operatingIncome": 30287000,
        "operatingIncomeRatio": 0.1059204521,
        "totalOtherIncomeExpensesNet": 179000,
        "incomeBeforeTax": 30466000,
        "incomeBeforeTaxRatio": 0.1065464554,
        "incomeTaxExpense": 12342000,
        "netIncome": 17943000,
        "netIncomeRatio": 0.0627507073,
        "eps": 0.5,
        "epsdiluted": 0.5,
        "weightedAverageShsOut": 35617000,
        "weightedAverageShsOutDil": 35961000,
        "link": "https://www.sec.gov/Archives/edgar/data/66570/000119312508216872/0001193125-08-216872-index.htm",
        "finalLink": "https://www.sec.gov/Archives/edgar/data/66570/000119312508216872/d10q.htm"
    },
    {
        "date": "2008-06-30",
        "symbol": "MSA",
        "reportedCurrency": "USD",
        "cik": "0000066570",
        "fillingDate": "2008-07-28",
        "acceptedDate": "2008-07-28 15:30:24",
        "calendarYear": "2008",
        "period": "Q2",
        "revenue": 294654000,
        "costOfRevenue": 181573000,
        "grossProfit": 113081000,
        "grossProfitRatio": 0.3837755469,
        "researchAndDevelopmentExpenses": 9202000,
        "generalAndAdministrativeExpenses": 0,
        "sellingAndMarketingExpenses": 0,
        "sellingGeneralAndAdministrativeExpenses": 68919000,
        "otherExpenses": 1125000,
        "operatingExpenses": 79246000,
        "costAndExpenses": 260819000,
        "interestIncome": 0,
        "interestExpense": 0,
        "depreciationAndAmortization": 7088000,
        "ebitda": 42048000,
        "ebitdaratio": 0.1427029669,
        "operatingIncome": 33835000,
        "operatingIncomeRatio": 0.1148295967,
        "totalOtherIncomeExpensesNet": -2205000,
        "incomeBeforeTax": 31630000,
        "incomeBeforeTaxRatio": 0.1073462434,
        "incomeTaxExpense": 11676000,
        "netIncome": 19954000,
        "netIncomeRatio": 0.0676861675,
        "eps": 0.56,
        "epsdiluted": 0.55,
        "weightedAverageShsOut": 35614286,
        "weightedAverageShsOutDil": 36261818,
        "link": "https://www.sec.gov/Archives/edgar/data/66570/000119312508158941/0001193125-08-158941-index.htm",
        "finalLink": "https://www.sec.gov/Archives/edgar/data/66570/000119312508158941/d10q.htm"
    },
    {
        "date": "2008-03-31",
        "symbol": "MSA",
        "reportedCurrency": "USD",
        "cik": "0000066570",
        "fillingDate": "2008-05-01",
        "acceptedDate": "2008-05-01 14:03:40",
        "calendarYear": "2008",
        "period": "Q1",
        "revenue": 267403000,
        "costOfRevenue": 159992000,
        "grossProfit": 107411000,
        "grossProfitRatio": 0.4016821053,
        "researchAndDevelopmentExpenses": 7352000,
        "generalAndAdministrativeExpenses": 0,
        "sellingAndMarketingExpenses": 0,
        "sellingGeneralAndAdministrativeExpenses": 70188000,
        "otherExpenses": -2845000,
        "operatingExpenses": 74695000,
        "costAndExpenses": 234687000,
        "interestIncome": 0,
        "interestExpense": 2494000,
        "depreciationAndAmortization": 6769000,
        "ebitda": 35534000,
        "ebitdaratio": 0.1328855697,
        "operatingIncome": 32716000,
        "operatingIncomeRatio": 0.1223471689,
        "totalOtherIncomeExpensesNet": -6445000,
        "incomeBeforeTax": 26271000,
        "incomeBeforeTaxRatio": 0.0982449711,
        "incomeTaxExpense": 10101000,
        "netIncome": 16027000,
        "netIncomeRatio": 0.0599357524,
        "eps": 0.45,
        "epsdiluted": 0.44,
        "weightedAverageShsOut": 35540000,
        "weightedAverageShsOutDil": 36021000,
        "link": "https://www.sec.gov/Archives/edgar/data/66570/000119312508098871/0001193125-08-098871-index.htm",
        "finalLink": "https://www.sec.gov/Archives/edgar/data/66570/000119312508098871/d10q.htm"
    },
    {
        "date": "2007-12-31",
        "symbol": "MSA",
        "reportedCurrency": "USD",
        "cik": "0000066570",
        "fillingDate": "2008-02-29",
        "acceptedDate": "2008-02-29 14:37:17",
        "calendarYear": "2007",
        "period": "Q4",
        "revenue": 272222000,
        "costOfRevenue": 166723000,
        "grossProfit": 105499000,
        "grossProfitRatio": 0.3875476633,
        "researchAndDevelopmentExpenses": 9922000,
        "generalAndAdministrativeExpenses": 0,
        "sellingAndMarketingExpenses": 0,
        "sellingGeneralAndAdministrativeExpenses": 63427000,
        "otherExpenses": 940000,
        "operatingExpenses": 74289000,
        "costAndExpenses": 241012000,
        "interestIncome": 0,
        "interestExpense": 0,
        "depreciationAndAmortization": 6750000,
        "ebitda": 38900000,
        "ebitdaratio": 0.1428980758,
        "operatingIncome": 31210000,
        "operatingIncomeRatio": 0.1146490732,
        "totalOtherIncomeExpensesNet": -4162000,
        "incomeBeforeTax": 27048000,
        "incomeBeforeTaxRatio": 0.0993600811,
        "incomeTaxExpense": 9591000,
        "netIncome": 17457000,
        "netIncomeRatio": 0.0641278075,
        "eps": 0.49,
        "epsdiluted": 0.49,
        "weightedAverageShsOut": 35244714,
        "weightedAverageShsOutDil": 35615556,
        "link": "https://www.sec.gov/Archives/edgar/data/66570/000119312508043436/0001193125-08-043436-index.htm",
        "finalLink": "https://www.sec.gov/Archives/edgar/data/66570/000119312508043436/d10k.htm"
    },
    {
        "date": "2007-09-30",
        "symbol": "MSA",
        "reportedCurrency": "USD",
        "cik": "0000066570",
        "fillingDate": "2007-11-02",
        "acceptedDate": "2007-11-02 14:22:16",
        "calendarYear": "2007",
        "period": "Q3",
        "revenue": 258924000,
        "costOfRevenue": 157407000,
        "grossProfit": 101517000,
        "grossProfitRatio": 0.3920725773,
        "researchAndDevelopmentExpenses": 7560000,
        "generalAndAdministrativeExpenses": 0,
        "sellingAndMarketingExpenses": 0,
        "sellingGeneralAndAdministrativeExpenses": 62362000,
        "otherExpenses": 707000,
        "operatingExpenses": 70629000,
        "costAndExpenses": 228036000,
        "interestIncome": 0,
        "interestExpense": 0,
        "depreciationAndAmortization": 5528000,
        "ebitda": 37123000,
        "ebitdaratio": 0.1433741175,
        "operatingIncome": 30888000,
        "operatingIncomeRatio": 0.1192936924,
        "totalOtherIncomeExpensesNet": -2630000,
        "incomeBeforeTax": 28258000,
        "incomeBeforeTaxRatio": 0.1091362716,
        "incomeTaxExpense": 11523000,
        "netIncome": 16735000,
        "netIncomeRatio": 0.0645942439,
        "eps": 0.47,
        "epsdiluted": 0.46,
        "weightedAverageShsOut": 35585106,
        "weightedAverageShsOutDil": 36358696,
        "link": "https://www.sec.gov/Archives/edgar/data/66570/000119312507233640/0001193125-07-233640-index.htm",
        "finalLink": "https://www.sec.gov/Archives/edgar/data/66570/000119312507233640/d10q.htm"
    },
    {
        "date": "2007-06-30",
        "symbol": "MSA",
        "reportedCurrency": "USD",
        "cik": "0000066570",
        "fillingDate": "2007-08-07",
        "acceptedDate": "2007-08-07 14:21:00",
        "calendarYear": "2007",
        "period": "Q2",
        "revenue": 250162000,
        "costOfRevenue": 155303000,
        "grossProfit": 94859000,
        "grossProfitRatio": 0.3791902847,
        "researchAndDevelopmentExpenses": 6787000,
        "generalAndAdministrativeExpenses": 0,
        "sellingAndMarketingExpenses": 0,
        "sellingGeneralAndAdministrativeExpenses": 58777000,
        "otherExpenses": 2261000,
        "operatingExpenses": 67825000,
        "costAndExpenses": 223128000,
        "interestIncome": 0,
        "interestExpense": 0,
        "depreciationAndAmortization": 6130000,
        "ebitda": 35425000,
        "ebitdaratio": 0.1416082379,
        "operatingIncome": 27034000,
        "operatingIncomeRatio": 0.1080659732,
        "totalOtherIncomeExpensesNet": -763000,
        "incomeBeforeTax": 26271000,
        "incomeBeforeTaxRatio": 0.1050159497,
        "incomeTaxExpense": 8943000,
        "netIncome": 17328000,
        "netIncomeRatio": 0.0692671149,
        "eps": 0.49,
        "epsdiluted": 0.48,
        "weightedAverageShsOut": 35342857,
        "weightedAverageShsOutDil": 36079167,
        "link": "https://www.sec.gov/Archives/edgar/data/66570/000119312507173491/0001193125-07-173491-index.htm",
        "finalLink": "https://www.sec.gov/Archives/edgar/data/66570/000119312507173491/d10q.htm"
    },
    {
        "date": "2007-03-31",
        "symbol": "MSA",
        "reportedCurrency": "USD",
        "cik": "0000066570",
        "fillingDate": "2007-05-09",
        "acceptedDate": "2007-05-09 15:18:09",
        "calendarYear": "2007",
        "period": "Q1",
        "revenue": 225939000,
        "costOfRevenue": 136770000,
        "grossProfit": 89169000,
        "grossProfitRatio": 0.3946596205,
        "researchAndDevelopmentExpenses": 5927000,
        "generalAndAdministrativeExpenses": 0,
        "sellingAndMarketingExpenses": 0,
        "sellingGeneralAndAdministrativeExpenses": 56572000,
        "otherExpenses": 234000,
        "operatingExpenses": 62733000,
        "costAndExpenses": 199503000,
        "interestIncome": 0,
        "interestExpense": 0,
        "depreciationAndAmortization": 5955000,
        "ebitda": 32625000,
        "ebitdaratio": 0.1443973816,
        "operatingIncome": 26436000,
        "operatingIncomeRatio": 0.1170050323,
        "totalOtherIncomeExpensesNet": -1825000,
        "incomeBeforeTax": 24611000,
        "incomeBeforeTaxRatio": 0.1089276309,
        "incomeTaxExpense": 8543000,
        "netIncome": 16068000,
        "netIncomeRatio": 0.0711165403,
        "eps": 0.45,
        "epsdiluted": 0.44,
        "weightedAverageShsOut": 35684444,
        "weightedAverageShsOutDil": 36495455,
        "link": "https://www.sec.gov/Archives/edgar/data/66570/000119312507108066/0001193125-07-108066-index.htm",
        "finalLink": "https://www.sec.gov/Archives/edgar/data/66570/000119312507108066/d10q.htm"
    },
    {
        "date": "2006-12-31",
        "symbol": "MSA",
        "reportedCurrency": "USD",
        "cik": "0000066570",
        "fillingDate": "2007-02-28",
        "acceptedDate": "2007-02-28 16:38:18",
        "calendarYear": "2006",
        "period": "Q4",
        "revenue": 258914000,
        "costOfRevenue": 169648000,
        "grossProfit": 89266000,
        "grossProfitRatio": 0.3447708506,
        "researchAndDevelopmentExpenses": 6912000,
        "generalAndAdministrativeExpenses": 0,
        "sellingAndMarketingExpenses": 0,
        "sellingGeneralAndAdministrativeExpenses": 55872000,
        "otherExpenses": 219000,
        "operatingExpenses": 63003000,
        "costAndExpenses": 232651000,
        "interestIncome": 0,
        "interestExpense": 0,
        "depreciationAndAmortization": 6339000,
        "ebitda": 32821000,
        "ebitdaratio": 0.1267640993,
        "operatingIncome": 26263000,
        "operatingIncomeRatio": 0.1014352256,
        "totalOtherIncomeExpensesNet": -2962000,
        "incomeBeforeTax": 23301000,
        "incomeBeforeTaxRatio": 0.0899951335,
        "incomeTaxExpense": 3803000,
        "netIncome": 19498000,
        "netIncomeRatio": 0.0752643735,
        "eps": 0.55,
        "epsdiluted": 0.55,
        "weightedAverageShsOut": 35684444,
        "weightedAverageShsOutDil": 35684444,
        "link": "https://www.sec.gov/Archives/edgar/data/66570/000119312507042686/0001193125-07-042686-index.htm",
        "finalLink": "https://www.sec.gov/Archives/edgar/data/66570/000119312507042686/d10k.htm"
    },
    {
        "date": "2006-09-30",
        "symbol": "MSA",
        "reportedCurrency": "USD",
        "cik": "0000066570",
        "fillingDate": "2006-11-03",
        "acceptedDate": "2006-11-03 13:39:55",
        "calendarYear": "2006",
        "period": "Q3",
        "revenue": 209802000,
        "costOfRevenue": 131652000,
        "grossProfit": 78150000,
        "grossProfitRatio": 0.3724940658,
        "researchAndDevelopmentExpenses": 6603000,
        "generalAndAdministrativeExpenses": 0,
        "sellingAndMarketingExpenses": 0,
        "sellingGeneralAndAdministrativeExpenses": 52378000,
        "otherExpenses": 306000,
        "operatingExpenses": 59287000,
        "costAndExpenses": 190939000,
        "interestIncome": 0,
        "interestExpense": 0,
        "depreciationAndAmortization": 5357000,
        "ebitda": 24526000,
        "ebitdaratio": 0.1169006968,
        "operatingIncome": 18863000,
        "operatingIncomeRatio": 0.0899085805,
        "totalOtherIncomeExpensesNet": -344000,
        "incomeBeforeTax": 18519000,
        "incomeBeforeTaxRatio": 0.0882689393,
        "incomeTaxExpense": 5918000,
        "netIncome": 12601000,
        "netIncomeRatio": 0.0600613912,
        "eps": 0.35,
        "epsdiluted": 0.34,
        "weightedAverageShsOut": 35974286,
        "weightedAverageShsOutDil": 37032353,
        "link": "https://www.sec.gov/Archives/edgar/data/66570/000119312506223413/0001193125-06-223413-index.htm",
        "finalLink": "https://www.sec.gov/Archives/edgar/data/66570/000119312506223413/d10q.htm"
    },
    {
        "date": "2006-06-30",
        "symbol": "MSA",
        "reportedCurrency": "USD",
        "cik": "0000066570",
        "fillingDate": "2006-08-02",
        "acceptedDate": "2006-08-02 15:55:57",
        "calendarYear": "2006",
        "period": "Q2",
        "revenue": 220078000,
        "costOfRevenue": 131334000,
        "grossProfit": 88744000,
        "grossProfitRatio": 0.4032388517,
        "researchAndDevelopmentExpenses": 6974000,
        "generalAndAdministrativeExpenses": 0,
        "sellingAndMarketingExpenses": 0,
        "sellingGeneralAndAdministrativeExpenses": 53860000,
        "otherExpenses": 459000,
        "operatingExpenses": 61293000,
        "costAndExpenses": 192627000,
        "interestIncome": 0,
        "interestExpense": 0,
        "depreciationAndAmortization": 4321000,
        "ebitda": 32231000,
        "ebitdaratio": 0.1464526213,
        "operatingIncome": 27451000,
        "operatingIncomeRatio": 0.1247330492,
        "totalOtherIncomeExpensesNet": -2136000,
        "incomeBeforeTax": 25315000,
        "incomeBeforeTaxRatio": 0.1150273994,
        "incomeTaxExpense": 9234000,
        "netIncome": 16081000,
        "netIncomeRatio": 0.0730695481,
        "eps": 0.44,
        "epsdiluted": 0.43,
        "weightedAverageShsOut": 36522727,
        "weightedAverageShsOutDil": 37372093,
        "link": "https://www.sec.gov/Archives/edgar/data/66570/000119312506159281/0001193125-06-159281-index.htm",
        "finalLink": "https://www.sec.gov/Archives/edgar/data/66570/000119312506159281/d10q.htm"
    },
    {
        "date": "2006-03-31",
        "symbol": "MSA",
        "reportedCurrency": "USD",
        "cik": "0000066570",
        "fillingDate": "2006-05-10",
        "acceptedDate": "2006-05-10 15:26:21",
        "calendarYear": "2006",
        "period": "Q1",
        "revenue": 228635000,
        "costOfRevenue": 135776000,
        "grossProfit": 92859000,
        "grossProfitRatio": 0.4061451659,
        "researchAndDevelopmentExpenses": 5548000,
        "generalAndAdministrativeExpenses": 0,
        "sellingAndMarketingExpenses": 0,
        "sellingGeneralAndAdministrativeExpenses": 53553000,
        "otherExpenses": 5997000,
        "operatingExpenses": 65098000,
        "costAndExpenses": 200874000,
        "interestIncome": 0,
        "interestExpense": 0,
        "depreciationAndAmortization": 6130000,
        "ebitda": 39888000,
        "ebitdaratio": 0.1744614779,
        "operatingIncome": 27761000,
        "operatingIncomeRatio": 0.1214206049,
        "totalOtherIncomeExpensesNet": -2256000,
        "incomeBeforeTax": 25505000,
        "incomeBeforeTaxRatio": 0.1115533492,
        "incomeTaxExpense": 9767000,
        "netIncome": 15738000,
        "netIncomeRatio": 0.0687908675,
        "eps": 0.43,
        "epsdiluted": 0.42,
        "weightedAverageShsOut": 36576744,
        "weightedAverageShsOutDil": 37447619,
        "link": "https://www.sec.gov/Archives/edgar/data/66570/000119312506107478/0001193125-06-107478-index.htm",
        "finalLink": "https://www.sec.gov/Archives/edgar/data/66570/000119312506107478/d10q.htm"
    },
    {
        "date": "2005-12-31",
        "symbol": "MSA",
        "reportedCurrency": "USD",
        "cik": "0000066570",
        "fillingDate": "2006-03-06",
        "acceptedDate": "2006-03-06 17:00:13",
        "calendarYear": "2005",
        "period": "Q4",
        "revenue": 242828000,
        "costOfRevenue": 148411000,
        "grossProfit": 94417000,
        "grossProfitRatio": 0.3888225411,
        "researchAndDevelopmentExpenses": 5072000,
        "generalAndAdministrativeExpenses": 0,
        "sellingAndMarketingExpenses": 0,
        "sellingGeneralAndAdministrativeExpenses": 51145000,
        "otherExpenses": 0,
        "operatingExpenses": 56217000,
        "costAndExpenses": 204628000,
        "interestIncome": 0,
        "interestExpense": 0,
        "depreciationAndAmortization": 5301000,
        "ebitda": 43501000,
        "ebitdaratio": 0.1791432619,
        "operatingIncome": 38200000,
        "operatingIncomeRatio": 0.1573129952,
        "totalOtherIncomeExpensesNet": -1320000,
        "incomeBeforeTax": 36880000,
        "incomeBeforeTaxRatio": 0.1518770488,
        "incomeTaxExpense": 12703000,
        "netIncome": 24177000,
        "netIncomeRatio": 0.0995643007,
        "eps": 0.66,
        "epsdiluted": 0.66,
        "weightedAverageShsOut": 36600000,
        "weightedAverageShsOutDil": 36600000,
        "link": "https://www.sec.gov/Archives/edgar/data/66570/000119312506046204/0001193125-06-046204-index.htm",
        "finalLink": "https://www.sec.gov/Archives/edgar/data/66570/000119312506046204/d10k.htm"
    },
    {
        "date": "2005-09-30",
        "symbol": "MSA",
        "reportedCurrency": "USD",
        "cik": "0000066570",
        "fillingDate": "2005-11-04",
        "acceptedDate": "2005-11-04 13:19:30",
        "calendarYear": "2005",
        "period": "Q3",
        "revenue": 218621000,
        "costOfRevenue": 138270000,
        "grossProfit": 80351000,
        "grossProfitRatio": 0.3675355981,
        "researchAndDevelopmentExpenses": 5196000,
        "generalAndAdministrativeExpenses": 0,
        "sellingAndMarketingExpenses": 0,
        "sellingGeneralAndAdministrativeExpenses": 48442000,
        "otherExpenses": 0,
        "operatingExpenses": 53638000,
        "costAndExpenses": 191908000,
        "interestIncome": 0,
        "interestExpense": 0,
        "depreciationAndAmortization": 6269000,
        "ebitda": 32982000,
        "ebitdaratio": 0.1508638237,
        "operatingIncome": 26713000,
        "operatingIncomeRatio": 0.1221886278,
        "totalOtherIncomeExpensesNet": -690000,
        "incomeBeforeTax": 26023000,
        "incomeBeforeTaxRatio": 0.1190324809,
        "incomeTaxExpense": 8971000,
        "netIncome": 17052000,
        "netIncomeRatio": 0.0779979965,
        "eps": 0.47,
        "epsdiluted": 0.46,
        "weightedAverageShsOut": 36259574,
        "weightedAverageShsOutDil": 37047826,
        "link": "https://www.sec.gov/Archives/edgar/data/66570/000119312505216661/0001193125-05-216661-index.htm",
        "finalLink": "https://www.sec.gov/Archives/edgar/data/66570/000119312505216661/d10q.htm"
    },
    {
        "date": "2005-06-30",
        "symbol": "MSA",
        "reportedCurrency": "USD",
        "cik": "0000066570",
        "fillingDate": "2005-08-03",
        "acceptedDate": "2005-08-03 17:23:26",
        "calendarYear": "2005",
        "period": "Q2",
        "revenue": 221141000,
        "costOfRevenue": 134324000,
        "grossProfit": 86817000,
        "grossProfitRatio": 0.3925866302,
        "researchAndDevelopmentExpenses": 5980000,
        "generalAndAdministrativeExpenses": 0,
        "sellingAndMarketingExpenses": 0,
        "sellingGeneralAndAdministrativeExpenses": 51458000,
        "otherExpenses": 0,
        "operatingExpenses": 57438000,
        "costAndExpenses": 191762000,
        "interestIncome": 0,
        "interestExpense": 0,
        "depreciationAndAmortization": 6289000,
        "ebitda": 35668000,
        "ebitdaratio": 0.1612907602,
        "operatingIncome": 29379000,
        "operatingIncomeRatio": 0.1328518909,
        "totalOtherIncomeExpensesNet": -2115000,
        "incomeBeforeTax": 27264000,
        "incomeBeforeTaxRatio": 0.1232878571,
        "incomeTaxExpense": 8063000,
        "netIncome": 19201000,
        "netIncomeRatio": 0.0868269566,
        "eps": 0.53,
        "epsdiluted": 0.52,
        "weightedAverageShsOut": 36207547,
        "weightedAverageShsOutDil": 36903846,
        "link": "https://www.sec.gov/Archives/edgar/data/66570/000119312505156431/0001193125-05-156431-index.htm",
        "finalLink": "https://www.sec.gov/Archives/edgar/data/66570/000119312505156431/d10q.htm"
    },
    {
        "date": "2005-03-31",
        "symbol": "MSA",
        "reportedCurrency": "USD",
        "cik": "0000066570",
        "fillingDate": "2005-05-06",
        "acceptedDate": "2005-05-06 12:00:58",
        "calendarYear": "2005",
        "period": "Q1",
        "revenue": 229380000,
        "costOfRevenue": 136274000,
        "grossProfit": 93106000,
        "grossProfitRatio": 0.4059028686,
        "researchAndDevelopmentExpenses": 5680000,
        "generalAndAdministrativeExpenses": 0,
        "sellingAndMarketingExpenses": 0,
        "sellingGeneralAndAdministrativeExpenses": 51964000,
        "otherExpenses": 0,
        "operatingExpenses": 57644000,
        "costAndExpenses": 193918000,
        "interestIncome": 0,
        "interestExpense": 0,
        "depreciationAndAmortization": 6486000,
        "ebitda": 41948000,
        "ebitdaratio": 0.1828755776,
        "operatingIncome": 35462000,
        "operatingIncomeRatio": 0.1545993548,
        "totalOtherIncomeExpensesNet": -1833000,
        "incomeBeforeTax": 33629000,
        "incomeBeforeTaxRatio": 0.1466082483,
        "incomeTaxExpense": 12276000,
        "netIncome": 21353000,
        "netIncomeRatio": 0.0930900689,
        "eps": 0.58,
        "epsdiluted": 0.57,
        "weightedAverageShsOut": 36815517,
        "weightedAverageShsOutDil": 37461404,
        "link": "https://www.sec.gov/Archives/edgar/data/66570/000119312505098796/0001193125-05-098796-index.htm",
        "finalLink": "https://www.sec.gov/Archives/edgar/data/66570/000119312505098796/d10q.htm"
    },
    {
        "date": "2004-12-31",
        "symbol": "MSA",
        "reportedCurrency": "USD",
        "cik": "0000066570",
        "fillingDate": "2005-03-14",
        "acceptedDate": "2005-03-14 14:43:02",
        "calendarYear": "2004",
        "period": "Q4",
        "revenue": 226465000,
        "costOfRevenue": 149923000,
        "grossProfit": 76542000,
        "grossProfitRatio": 0.3379860023,
        "researchAndDevelopmentExpenses": 6758000,
        "generalAndAdministrativeExpenses": 0,
        "sellingAndMarketingExpenses": 0,
        "sellingGeneralAndAdministrativeExpenses": 59570000,
        "otherExpenses": -18228000,
        "operatingExpenses": 48100000,
        "costAndExpenses": 198023000,
        "interestIncome": 0,
        "interestExpense": 0,
        "depreciationAndAmortization": 7268000,
        "ebitda": 35710000,
        "ebitdaratio": 0.1576844104,
        "operatingIncome": 28442000,
        "operatingIncomeRatio": 0.125591151,
        "totalOtherIncomeExpensesNet": -415000,
        "incomeBeforeTax": 28027000,
        "incomeBeforeTaxRatio": 0.1237586382,
        "incomeTaxExpense": 10347000,
        "netIncome": 17680000,
        "netIncomeRatio": 0.0780694589,
        "eps": 0.48,
        "epsdiluted": 0.48,
        "weightedAverageShsOut": 36798276,
        "weightedAverageShsOutDil": 36798276,
        "link": "https://www.sec.gov/Archives/edgar/data/66570/000119312505049299/0001193125-05-049299-index.htm",
        "finalLink": "https://www.sec.gov/Archives/edgar/data/66570/000119312505049299/d10k.htm"
    },
    {
        "date": "2004-09-30",
        "symbol": "MSA",
        "reportedCurrency": "USD",
        "cik": "0000066570",
        "fillingDate": "2004-11-05",
        "acceptedDate": "2004-11-05 13:17:14",
        "calendarYear": "2004",
        "period": "Q3",
        "revenue": 221980000,
        "costOfRevenue": 131588000,
        "grossProfit": 90392000,
        "grossProfitRatio": 0.4072078566,
        "researchAndDevelopmentExpenses": 5588000,
        "generalAndAdministrativeExpenses": 0,
        "sellingAndMarketingExpenses": 0,
        "sellingGeneralAndAdministrativeExpenses": 53638000,
        "otherExpenses": 0,
        "operatingExpenses": 59226000,
        "costAndExpenses": 190814000,
        "interestIncome": 0,
        "interestExpense": 0,
        "depreciationAndAmortization": 6647000,
        "ebitda": 37813000,
        "ebitdaratio": 0.1703441752,
        "operatingIncome": 31166000,
        "operatingIncomeRatio": 0.140400036,
        "totalOtherIncomeExpensesNet": -45000,
        "incomeBeforeTax": 31121000,
        "incomeBeforeTaxRatio": 0.1401973151,
        "incomeTaxExpense": 12010000,
        "netIncome": 19111000,
        "netIncomeRatio": 0.0860933417,
        "eps": 0.51,
        "epsdiluted": 0.5,
        "weightedAverageShsOut": 37450980,
        "weightedAverageShsOutDil": 38200000,
        "link": "https://www.sec.gov/Archives/edgar/data/66570/000095012804001064/0000950128-04-001064-index.htm",
        "finalLink": "https://www.sec.gov/Archives/edgar/data/66570/000095012804001064/j1034501e10vq.htm"
    },
    {
        "date": "2004-06-30",
        "symbol": "MSA",
        "reportedCurrency": "USD",
        "cik": "0000066570",
        "fillingDate": "2004-08-06",
        "acceptedDate": "2004-08-06 15:43:38",
        "calendarYear": "2004",
        "period": "Q2",
        "revenue": 213792000,
        "costOfRevenue": 128183000,
        "grossProfit": 85609000,
        "grossProfitRatio": 0.4004312603,
        "researchAndDevelopmentExpenses": 5087000,
        "generalAndAdministrativeExpenses": 0,
        "sellingAndMarketingExpenses": 0,
        "sellingGeneralAndAdministrativeExpenses": 49333000,
        "otherExpenses": 0,
        "operatingExpenses": 54420000,
        "costAndExpenses": 182603000,
        "interestIncome": 0,
        "interestExpense": 0,
        "depreciationAndAmortization": 5761000,
        "ebitda": 36950000,
        "ebitdaratio": 0.1728315372,
        "operatingIncome": 31189000,
        "operatingIncomeRatio": 0.1458847852,
        "totalOtherIncomeExpensesNet": -2468000,
        "incomeBeforeTax": 28721000,
        "incomeBeforeTaxRatio": 0.1343408547,
        "incomeTaxExpense": 10603000,
        "netIncome": 18118000,
        "netIncomeRatio": 0.0847459213,
        "eps": 0.49,
        "epsdiluted": 0.48,
        "weightedAverageShsOut": 36953061,
        "weightedAverageShsOutDil": 37722917,
        "link": "https://www.sec.gov/Archives/edgar/data/66570/000119312504134271/0001193125-04-134271-index.htm",
        "finalLink": "https://www.sec.gov/Archives/edgar/data/66570/000119312504134271/d10q.htm"
    },
    {
        "date": "2004-03-31",
        "symbol": "MSA",
        "reportedCurrency": "USD",
        "cik": "0000066570",
        "fillingDate": "2004-05-07",
        "acceptedDate": "2004-05-07 14:16:07",
        "calendarYear": "2004",
        "period": "Q1",
        "revenue": 195276000,
        "costOfRevenue": 109331000,
        "grossProfit": 85945000,
        "grossProfitRatio": 0.4401206497,
        "researchAndDevelopmentExpenses": 5215000,
        "generalAndAdministrativeExpenses": 0,
        "sellingAndMarketingExpenses": 0,
        "sellingGeneralAndAdministrativeExpenses": 47730000,
        "otherExpenses": 5820000,
        "operatingExpenses": 58765000,
        "costAndExpenses": 168096000,
        "interestIncome": 0,
        "interestExpense": 0,
        "depreciationAndAmortization": 5820000,
        "ebitda": 33000000,
        "ebitdaratio": 0.1689915811,
        "operatingIncome": 27180000,
        "operatingIncomeRatio": 0.1391876114,
        "totalOtherIncomeExpensesNet": -1181000,
        "incomeBeforeTax": 25999000,
        "incomeBeforeTaxRatio": 0.1331397612,
        "incomeTaxExpense": 9861000,
        "netIncome": 16138000,
        "netIncomeRatio": 0.0826420041,
        "eps": 0.44,
        "epsdiluted": 0.43,
        "weightedAverageShsOut": 36677273,
        "weightedAverageShsOutDil": 37530233,
        "link": "https://www.sec.gov/Archives/edgar/data/66570/000119312504081887/0001193125-04-081887-index.htm",
        "finalLink": "https://www.sec.gov/Archives/edgar/data/66570/000119312504081887/d10q.htm"
    },
    {
        "date": "2003-12-31",
        "symbol": "MSA",
        "reportedCurrency": "USD",
        "cik": "0000066570",
        "fillingDate": "2004-03-15",
        "acceptedDate": "2004-03-15 13:46:33",
        "calendarYear": "2003",
        "period": "Q4",
        "revenue": 187824000,
        "costOfRevenue": 93575000,
        "grossProfit": 94249000,
        "grossProfitRatio": 0.5017942329,
        "researchAndDevelopmentExpenses": 0,
        "generalAndAdministrativeExpenses": 0,
        "sellingAndMarketingExpenses": 0,
        "sellingGeneralAndAdministrativeExpenses": 47005000,
        "otherExpenses": 28358000,
        "operatingExpenses": 75363000,
        "costAndExpenses": 168938000,
        "interestIncome": 0,
        "interestExpense": 0,
        "depreciationAndAmortization": 6636000,
        "ebitda": 25522000,
        "ebitdaratio": 0.1358825283,
        "operatingIncome": 18886000,
        "operatingIncomeRatio": 0.1005515802,
        "totalOtherIncomeExpensesNet": 195000,
        "incomeBeforeTax": 19081000,
        "incomeBeforeTaxRatio": 0.1015897862,
        "incomeTaxExpense": 3832000,
        "netIncome": 15249000,
        "netIncomeRatio": 0.0811877076,
        "eps": 0.42,
        "epsdiluted": 0.42,
        "weightedAverageShsOut": 36392771,
        "weightedAverageShsOutDil": 36677273,
        "link": "https://www.sec.gov/Archives/edgar/data/66570/000119312504041958/0001193125-04-041958-index.htm",
        "finalLink": "https://www.sec.gov/Archives/edgar/data/66570/000119312504041958/d10k.htm"
    },
    {
        "date": "2003-09-30",
        "symbol": "MSA",
        "reportedCurrency": "USD",
        "cik": "0000066570",
        "fillingDate": "2003-11-13",
        "acceptedDate": "2003-11-13 15:48:07",
        "calendarYear": "2003",
        "period": "Q3",
        "revenue": 173513000,
        "costOfRevenue": 102010000,
        "grossProfit": 71503000,
        "grossProfitRatio": 0.4120901604,
        "researchAndDevelopmentExpenses": 0,
        "generalAndAdministrativeExpenses": 0,
        "sellingAndMarketingExpenses": 0,
        "sellingGeneralAndAdministrativeExpenses": 47360000,
        "otherExpenses": 5522000,
        "operatingExpenses": 52882000,
        "costAndExpenses": 154892000,
        "interestIncome": 0,
        "interestExpense": 0,
        "depreciationAndAmortization": 5522000,
        "ebitda": 24143000,
        "ebitdaratio": 0.1391423121,
        "operatingIncome": 18621000,
        "operatingIncomeRatio": 0.1073176073,
        "totalOtherIncomeExpensesNet": -912000,
        "incomeBeforeTax": 17709000,
        "incomeBeforeTaxRatio": 0.102061517,
        "incomeTaxExpense": 6725000,
        "netIncome": 24540000,
        "netIncomeRatio": 0.1414303251,
        "eps": 0.67,
        "epsdiluted": 0.65,
        "weightedAverageShsOut": 36610448,
        "weightedAverageShsOutDil": 37736923,
        "link": "https://www.sec.gov/Archives/edgar/data/66570/000119312503080086/0001193125-03-080086-index.htm",
        "finalLink": "https://www.sec.gov/Archives/edgar/data/66570/000119312503080086/d10q.htm"
    },
    {
        "date": "2003-06-30",
        "symbol": "MSA",
        "reportedCurrency": "USD",
        "cik": "0000066570",
        "fillingDate": "2003-08-12",
        "acceptedDate": "2003-08-12 15:45:24",
        "calendarYear": "2003",
        "period": "Q2",
        "revenue": 176373000,
        "costOfRevenue": 108140000,
        "grossProfit": 68233000,
        "grossProfitRatio": 0.3868676045,
        "researchAndDevelopmentExpenses": 0,
        "generalAndAdministrativeExpenses": 0,
        "sellingAndMarketingExpenses": 0,
        "sellingGeneralAndAdministrativeExpenses": 42219000,
        "otherExpenses": 5657000,
        "operatingExpenses": 47876000,
        "costAndExpenses": 156016000,
        "interestIncome": 0,
        "interestExpense": 0,
        "depreciationAndAmortization": 5657000,
        "ebitda": 26014000,
        "ebitdaratio": 0.147494231,
        "operatingIncome": 20357000,
        "operatingIncomeRatio": 0.1154201607,
        "totalOtherIncomeExpensesNet": -522000,
        "incomeBeforeTax": 19835000,
        "incomeBeforeTaxRatio": 0.112460524,
        "incomeTaxExpense": 7643000,
        "netIncome": 13465000,
        "netIncomeRatio": 0.0762758472,
        "eps": 0.37,
        "epsdiluted": 0.36,
        "weightedAverageShsOut": 36690000,
        "weightedAverageShsOutDil": 37026606,
        "link": "https://www.sec.gov/Archives/edgar/data/66570/000119312503034258/0001193125-03-034258-index.htm",
        "finalLink": "https://www.sec.gov/Archives/edgar/data/66570/000119312503034258/d10q.htm"
    },
    {
        "date": "2003-03-31",
        "symbol": "MSA",
        "reportedCurrency": "USD",
        "cik": "0000066570",
        "fillingDate": "2003-05-14",
        "acceptedDate": "2003-05-14 15:08:28",
        "calendarYear": "2003",
        "period": "Q1",
        "revenue": 160487000,
        "costOfRevenue": 93853000,
        "grossProfit": 66634000,
        "grossProfitRatio": 0.4151987388,
        "researchAndDevelopmentExpenses": 5042000,
        "generalAndAdministrativeExpenses": 0,
        "sellingAndMarketingExpenses": 0,
        "sellingGeneralAndAdministrativeExpenses": 39096000,
        "otherExpenses": 5393000,
        "operatingExpenses": 49531000,
        "costAndExpenses": 143384000,
        "interestIncome": 0,
        "interestExpense": 0,
        "depreciationAndAmortization": 5393000,
        "ebitda": 22496000,
        "ebitdaratio": 0.1401733474,
        "operatingIncome": 17103000,
        "operatingIncomeRatio": 0.1065693795,
        "totalOtherIncomeExpensesNet": 31000,
        "incomeBeforeTax": 17134000,
        "incomeBeforeTaxRatio": 0.1067625415,
        "incomeTaxExpense": 6635000,
        "netIncome": 12013000,
        "netIncomeRatio": 0.0748534149,
        "eps": 0.33,
        "epsdiluted": 0.33,
        "weightedAverageShsOut": 36366667,
        "weightedAverageShsOutDil": 36366667,
        "link": "https://www.sec.gov/Archives/edgar/data/66570/000092701603002670/0000927016-03-002670-index.htm",
        "finalLink": "https://www.sec.gov/Archives/edgar/data/66570/000092701603002670/d10q.htm"
    },
    {
        "date": "2002-12-31",
        "symbol": "MSA",
        "reportedCurrency": "USD",
        "cik": "0000066570",
        "fillingDate": "2003-03-28",
        "acceptedDate": "2003-03-27 18:10:36",
        "calendarYear": "2002",
        "period": "Q4",
        "revenue": 128254000,
        "costOfRevenue": 81365000,
        "grossProfit": 46889000,
        "grossProfitRatio": 0.3655948352,
        "researchAndDevelopmentExpenses": 0,
        "generalAndAdministrativeExpenses": 0,
        "sellingAndMarketingExpenses": 0,
        "sellingGeneralAndAdministrativeExpenses": 36743000,
        "otherExpenses": 2735000,
        "operatingExpenses": 39478000,
        "costAndExpenses": 120843000,
        "interestIncome": 0,
        "interestExpense": 0,
        "depreciationAndAmortization": 2735000,
        "ebitda": 10146000,
        "ebitdaratio": 0.0791086438,
        "operatingIncome": 7411000,
        "operatingIncomeRatio": 0.0577837728,
        "totalOtherIncomeExpensesNet": 2184000,
        "incomeBeforeTax": 9595000,
        "incomeBeforeTaxRatio": 0.0748124815,
        "incomeTaxExpense": 1643000,
        "netIncome": 11816000,
        "netIncomeRatio": 0.0921296802,
        "eps": 0.32,
        "epsdiluted": 0.32,
        "weightedAverageShsOut": 36657658,
        "weightedAverageShsOutDil": 36737755,
        "link": "https://www.sec.gov/Archives/edgar/data/66570/000095013203000046/0000950132-03-000046-index.htm",
        "finalLink": "https://www.sec.gov/Archives/edgar/data/66570/000095013203000046/d10k.htm"
    },
    {
        "date": "2002-09-30",
        "symbol": "MSA",
        "reportedCurrency": "USD",
        "cik": "0000066570",
        "fillingDate": "2002-11-08",
        "acceptedDate": "2002-11-08 10:44:19",
        "calendarYear": "2002",
        "period": "Q3",
        "revenue": 143398000,
        "costOfRevenue": 90398000,
        "grossProfit": 53000000,
        "grossProfitRatio": 0.3696006918,
        "researchAndDevelopmentExpenses": 0,
        "generalAndAdministrativeExpenses": 0,
        "sellingAndMarketingExpenses": 0,
        "sellingGeneralAndAdministrativeExpenses": 35621000,
        "otherExpenses": 5480000,
        "operatingExpenses": 41101000,
        "costAndExpenses": 131499000,
        "interestIncome": 0,
        "interestExpense": 0,
        "depreciationAndAmortization": 6477000,
        "ebitda": 18376000,
        "ebitdaratio": 0.1281468361,
        "operatingIncome": 11899000,
        "operatingIncomeRatio": 0.0829788421,
        "totalOtherIncomeExpensesNet": -2394000,
        "incomeBeforeTax": 9505000,
        "incomeBeforeTaxRatio": 0.0662840486,
        "incomeTaxExpense": 4182000,
        "netIncome": 5793000,
        "netIncomeRatio": 0.040398053,
        "eps": 0.16,
        "epsdiluted": 0.16,
        "weightedAverageShsOut": 36618619,
        "weightedAverageShsOutDil": 36954955,
        "link": "https://www.sec.gov/Archives/edgar/data/66570/000095013202000215/0000950132-02-000215-index.htm",
        "finalLink": "https://www.sec.gov/Archives/edgar/data/66570/000095013202000215/d10q.txt"
    },
    {
        "date": "2002-06-30",
        "symbol": "MSA",
        "reportedCurrency": "USD",
        "cik": "0000066570",
        "fillingDate": "2002-08-13",
        "acceptedDate": "2002-08-13 14:16:44",
        "calendarYear": "2002",
        "period": "Q2",
        "revenue": 153031000,
        "costOfRevenue": 94719000,
        "grossProfit": 58312000,
        "grossProfitRatio": 0.3810469774,
        "researchAndDevelopmentExpenses": 0,
        "generalAndAdministrativeExpenses": 0,
        "sellingAndMarketingExpenses": 0,
        "sellingGeneralAndAdministrativeExpenses": 37026000,
        "otherExpenses": 6298000,
        "operatingExpenses": 43324000,
        "costAndExpenses": 138043000,
        "interestIncome": 0,
        "interestExpense": 0,
        "depreciationAndAmortization": 7271000,
        "ebitda": 22259000,
        "ebitdaratio": 0.145454189,
        "operatingIncome": 14988000,
        "operatingIncomeRatio": 0.0979409401,
        "totalOtherIncomeExpensesNet": -322000,
        "incomeBeforeTax": 14666000,
        "incomeBeforeTaxRatio": 0.0958367912,
        "incomeTaxExpense": 5182000,
        "netIncome": 9484000,
        "netIncomeRatio": 0.0619743712,
        "eps": 0.26,
        "epsdiluted": 0.26,
        "weightedAverageShsOut": 36558559,
        "weightedAverageShsOutDil": 37030030,
        "link": "https://www.sec.gov/Archives/edgar/data/66570/000095013202000181/0000950132-02-000181-index.htm",
        "finalLink": "https://www.sec.gov/Archives/edgar/data/66570/000095013202000181/d10q.txt"
    },
    {
        "date": "2002-03-31",
        "symbol": "MSA",
        "reportedCurrency": "USD",
        "cik": "0000066570",
        "fillingDate": "2002-05-09",
        "acceptedDate": "2002-05-09 16:23:44",
        "calendarYear": "2002",
        "period": "Q1",
        "revenue": 128058000,
        "costOfRevenue": 77337000,
        "grossProfit": 50721000,
        "grossProfitRatio": 0.3960783395,
        "researchAndDevelopmentExpenses": 0,
        "generalAndAdministrativeExpenses": 0,
        "sellingAndMarketingExpenses": 0,
        "sellingGeneralAndAdministrativeExpenses": 30672000,
        "otherExpenses": 5042000,
        "operatingExpenses": 35714000,
        "costAndExpenses": 113051000,
        "interestIncome": 0,
        "interestExpense": 0,
        "depreciationAndAmortization": 5042000,
        "ebitda": 20049000,
        "ebitdaratio": 0.1565618704,
        "operatingIncome": 15007000,
        "operatingIncomeRatio": 0.1171890862,
        "totalOtherIncomeExpensesNet": -1851000,
        "incomeBeforeTax": 13156000,
        "incomeBeforeTaxRatio": 0.1027346983,
        "incomeTaxExpense": 5432000,
        "netIncome": 7984000,
        "netIncomeRatio": 0.0623467491,
        "eps": 0.22,
        "epsdiluted": 0.22,
        "weightedAverageShsOut": 36363363,
        "weightedAverageShsOutDil": 36792793,
        "link": "https://www.sec.gov/Archives/edgar/data/66570/000102140802006442/0001021408-02-006442-index.htm",
        "finalLink": "https://www.sec.gov/Archives/edgar/data/66570/000102140802006442/d10q.txt"
    },
    {
        "date": "2001-12-31",
        "symbol": "MSA",
        "reportedCurrency": "USD",
        "cik": "0000066570",
        "fillingDate": "2002-03-27",
        "acceptedDate": "2002-03-27 00:00:00",
        "calendarYear": "2001",
        "period": "Q4",
        "revenue": 138788000,
        "costOfRevenue": 78278000,
        "grossProfit": 60510000,
        "grossProfitRatio": 0.4359887022,
        "researchAndDevelopmentExpenses": 0,
        "generalAndAdministrativeExpenses": 0,
        "sellingAndMarketingExpenses": 0,
        "sellingGeneralAndAdministrativeExpenses": 33285000,
        "otherExpenses": 9635000,
        "operatingExpenses": 42920000,
        "costAndExpenses": 121198000,
        "interestIncome": 0,
        "interestExpense": 0,
        "depreciationAndAmortization": 7348000,
        "ebitda": 27225000,
        "ebitdaratio": 0.1961624924,
        "operatingIncome": 17590000,
        "operatingIncomeRatio": 0.126740064,
        "totalOtherIncomeExpensesNet": -1772000,
        "incomeBeforeTax": 15818000,
        "incomeBeforeTaxRatio": 0.1139723895,
        "incomeTaxExpense": 6801000,
        "netIncome": 9017000,
        "netIncomeRatio": 0.0649695939,
        "eps": 0.25,
        "epsdiluted": 0.25,
        "weightedAverageShsOut": 36068937,
        "weightedAverageShsOutDil": 36290909,
        "link": "https://www.sec.gov/Archives/edgar/data/66570/000092701602001665/0000927016-02-001665-index.htm",
        "finalLink": "https://www.sec.gov/Archives/edgar/data/66570/000092701602001665/d10k405.txt"
    },
    {
        "date": "2001-09-30",
        "symbol": "MSA",
        "reportedCurrency": "USD",
        "cik": "0000066570",
        "fillingDate": "2001-11-02",
        "acceptedDate": "2001-11-02 00:00:00",
        "calendarYear": "2001",
        "period": "Q3",
        "revenue": 138009000,
        "costOfRevenue": 83939000,
        "grossProfit": 54070000,
        "grossProfitRatio": 0.3917860429,
        "researchAndDevelopmentExpenses": 0,
        "generalAndAdministrativeExpenses": 0,
        "sellingAndMarketingExpenses": 0,
        "sellingGeneralAndAdministrativeExpenses": 32811000,
        "otherExpenses": 6256000,
        "operatingExpenses": 39067000,
        "costAndExpenses": 123006000,
        "interestIncome": 0,
        "interestExpense": 0,
        "depreciationAndAmortization": 6256000,
        "ebitda": 21259000,
        "ebitdaratio": 0.1540406785,
        "operatingIncome": 15003000,
        "operatingIncomeRatio": 0.1087103015,
        "totalOtherIncomeExpensesNet": -2071000,
        "incomeBeforeTax": 12932000,
        "incomeBeforeTaxRatio": 0.0937040338,
        "incomeTaxExpense": 5139000,
        "netIncome": 7793000,
        "netIncomeRatio": 0.0564673318,
        "eps": 0.22,
        "epsdiluted": 0.21,
        "weightedAverageShsOut": 35912308,
        "weightedAverageShsOutDil": 36473438,
        "link": "https://www.sec.gov/Archives/edgar/data/66570/000102140801509276/0001021408-01-509276-index.htm",
        "finalLink": "https://www.sec.gov/Archives/edgar/data/66570/000102140801509276/d10q.txt"
    },
    {
        "date": "2001-06-30",
        "symbol": "MSA",
        "reportedCurrency": "USD",
        "cik": "0000066570",
        "fillingDate": "2001-08-08",
        "acceptedDate": "2001-08-08 00:00:00",
        "calendarYear": "2001",
        "period": "Q2",
        "revenue": 134853000,
        "costOfRevenue": 82917000,
        "grossProfit": 51936000,
        "grossProfitRatio": 0.3851304754,
        "researchAndDevelopmentExpenses": 0,
        "generalAndAdministrativeExpenses": 0,
        "sellingAndMarketingExpenses": 0,
        "sellingGeneralAndAdministrativeExpenses": 32211000,
        "otherExpenses": 6501000,
        "operatingExpenses": 38712000,
        "costAndExpenses": 121629000,
        "interestIncome": 0,
        "interestExpense": 0,
        "depreciationAndAmortization": 6501000,
        "ebitda": 19725000,
        "ebitdaratio": 0.1462703833,
        "operatingIncome": 13224000,
        "operatingIncomeRatio": 0.0980623345,
        "totalOtherIncomeExpensesNet": -1790000,
        "incomeBeforeTax": 11434000,
        "incomeBeforeTaxRatio": 0.0847886217,
        "incomeTaxExpense": 4460000,
        "netIncome": 6974000,
        "netIncomeRatio": 0.0517155718,
        "eps": 0.2,
        "epsdiluted": 0.19,
        "weightedAverageShsOut": 35558559,
        "weightedAverageShsOutDil": 36054054,
        "link": "https://www.sec.gov/Archives/edgar/data/66570/000103221001500961/0001032210-01-500961-index.htm",
        "finalLink": "https://www.sec.gov/Archives/edgar/data/66570/000103221001500961/d10q.txt"
    },
    {
        "date": "2001-03-31",
        "symbol": "MSA",
        "reportedCurrency": "USD",
        "cik": "0000066570",
        "fillingDate": "2001-05-11",
        "acceptedDate": "2001-05-11 00:00:00",
        "calendarYear": "2001",
        "period": "Q1",
        "revenue": 133595000,
        "costOfRevenue": 80528000,
        "grossProfit": 53067000,
        "grossProfitRatio": 0.39722295,
        "researchAndDevelopmentExpenses": 0,
        "generalAndAdministrativeExpenses": 0,
        "sellingAndMarketingExpenses": 0,
        "sellingGeneralAndAdministrativeExpenses": 32795000,
        "otherExpenses": 6366000,
        "operatingExpenses": 39161000,
        "costAndExpenses": 119689000,
        "interestIncome": 0,
        "interestExpense": 0,
        "depreciationAndAmortization": 6366000,
        "ebitda": 20272000,
        "ebitdaratio": 0.1517422059,
        "operatingIncome": 13906000,
        "operatingIncomeRatio": 0.104090722,
        "totalOtherIncomeExpensesNet": -1204000,
        "incomeBeforeTax": 12702000,
        "incomeBeforeTaxRatio": 0.0950784086,
        "incomeTaxExpense": 4855000,
        "netIncome": 7847000,
        "netIncomeRatio": 0.0587372282,
        "eps": 0.22,
        "epsdiluted": 0.22,
        "weightedAverageShsOut": 35668182,
        "weightedAverageShsOutDil": 35668182,
        "link": "https://www.sec.gov/Archives/edgar/data/66570/000095013201500244/0000950132-01-500244-index.htm",
        "finalLink": "https://www.sec.gov/Archives/edgar/data/66570/000095013201500244/d10q.txt"
    },
    {
        "date": "2000-12-31",
        "symbol": "MSA",
        "reportedCurrency": "USD",
        "cik": "0000066570",
        "fillingDate": "2001-03-27",
        "acceptedDate": "2001-03-27 00:00:00",
        "calendarYear": "2000",
        "period": "Q4",
        "revenue": 132695000,
        "costOfRevenue": 82175000,
        "grossProfit": 50520000,
        "grossProfitRatio": 0.38072271,
        "researchAndDevelopmentExpenses": 0,
        "generalAndAdministrativeExpenses": 0,
        "sellingAndMarketingExpenses": 0,
        "sellingGeneralAndAdministrativeExpenses": 27522000,
        "otherExpenses": 6580000,
        "operatingExpenses": 34102000,
        "costAndExpenses": 116277000,
        "interestIncome": 0,
        "interestExpense": 0,
        "depreciationAndAmortization": 6580000,
        "ebitda": 22998000,
        "ebitdaratio": 0.1733147443,
        "operatingIncome": 16418000,
        "operatingIncomeRatio": 0.1237273447,
        "totalOtherIncomeExpensesNet": -4070000,
        "incomeBeforeTax": 12348000,
        "incomeBeforeTaxRatio": 0.0930555032,
        "incomeTaxExpense": 3314000,
        "netIncome": 9034000,
        "netIncomeRatio": 0.0680809375,
        "eps": 0.25,
        "epsdiluted": 0.25,
        "weightedAverageShsOut": 35668182,
        "weightedAverageShsOutDil": 35668182,
        "link": "https://www.sec.gov/Archives/edgar/data/66570/000095013201500082/0000950132-01-500082-index.htm",
        "finalLink": "https://www.sec.gov/Archives/edgar/data/66570/000095013201500082/d10k.txt"
    },
    {
        "date": "2000-09-30",
        "symbol": "MSA",
        "reportedCurrency": "USD",
        "cik": "0000066570",
        "fillingDate": "2000-11-01",
        "acceptedDate": "2000-11-01 00:00:00",
        "calendarYear": "2000",
        "period": "Q3",
        "revenue": 119745000,
        "costOfRevenue": 76869000,
        "grossProfit": 42876000,
        "grossProfitRatio": 0.3580608794,
        "researchAndDevelopmentExpenses": 0,
        "generalAndAdministrativeExpenses": 0,
        "sellingAndMarketingExpenses": 0,
        "sellingGeneralAndAdministrativeExpenses": 29618000,
        "otherExpenses": 6162000,
        "operatingExpenses": 35780000,
        "costAndExpenses": 112649000,
        "interestIncome": 0,
        "interestExpense": 0,
        "depreciationAndAmortization": 6162000,
        "ebitda": 13258000,
        "ebitdaratio": 0.1107186104,
        "operatingIncome": 7096000,
        "operatingIncomeRatio": 0.0592592593,
        "totalOtherIncomeExpensesNet": -1732000,
        "incomeBeforeTax": 5364000,
        "incomeBeforeTaxRatio": 0.0447951898,
        "incomeTaxExpense": 1444000,
        "netIncome": 3920000,
        "netIncomeRatio": 0.0327362312,
        "eps": 0.11,
        "epsdiluted": 0.11,
        "weightedAverageShsOut": 35735736,
        "weightedAverageShsOutDil": 35873874,
        "link": "https://www.sec.gov/Archives/edgar/data/66570/000006657000000009/0000066570-00-000009-index.htm",
        "finalLink": "https://www.sec.gov/Archives/edgar/data/66570/000006657000000009/0000066570-00-000009-0001.txt"
    },
    {
        "date": "2000-06-30",
        "symbol": "MSA",
        "reportedCurrency": "USD",
        "cik": "0000066570",
        "fillingDate": "2000-08-11",
        "acceptedDate": "2000-08-11 00:00:00",
        "calendarYear": "2000",
        "period": "Q2",
        "revenue": 122513000,
        "costOfRevenue": 78378000,
        "grossProfit": 44135000,
        "grossProfitRatio": 0.3602474839,
        "researchAndDevelopmentExpenses": 0,
        "generalAndAdministrativeExpenses": 0,
        "sellingAndMarketingExpenses": 0,
        "sellingGeneralAndAdministrativeExpenses": 33443000,
        "otherExpenses": 5813000,
        "operatingExpenses": 39256000,
        "costAndExpenses": 117634000,
        "interestIncome": 0,
        "interestExpense": 0,
        "depreciationAndAmortization": 5813000,
        "ebitda": 10692000,
        "ebitdaratio": 0.0872723711,
        "operatingIncome": 4879000,
        "operatingIncomeRatio": 0.0398243452,
        "totalOtherIncomeExpensesNet": -872000,
        "incomeBeforeTax": 4007000,
        "incomeBeforeTaxRatio": 0.0327067332,
        "incomeTaxExpense": 1181000,
        "netIncome": 2826000,
        "netIncomeRatio": 0.0230669398,
        "eps": 0.0733,
        "epsdiluted": 0.0733,
        "weightedAverageShsOut": 37834835,
        "weightedAverageShsOutDil": 38066066,
        "link": "https://www.sec.gov/Archives/edgar/data/66570/000006657000000006/0000066570-00-000006-index.htm",
        "finalLink": "https://www.sec.gov/Archives/edgar/data/66570/000006657000000006/0000066570-00-000006-0001.txt"
    },
    {
        "date": "2000-03-31",
        "symbol": "MSA",
        "reportedCurrency": "USD",
        "cik": "0000066570",
        "fillingDate": "2000-05-08",
        "acceptedDate": "2000-05-08 00:00:00",
        "calendarYear": "2000",
        "period": "Q1",
        "revenue": 129236000,
        "costOfRevenue": 78849000,
        "grossProfit": 50387000,
        "grossProfitRatio": 0.3898836238,
        "researchAndDevelopmentExpenses": 0,
        "generalAndAdministrativeExpenses": 0,
        "sellingAndMarketingExpenses": 0,
        "sellingGeneralAndAdministrativeExpenses": 32546000,
        "otherExpenses": 6002000,
        "operatingExpenses": 38548000,
        "costAndExpenses": 117397000,
        "interestIncome": 0,
        "interestExpense": 0,
        "depreciationAndAmortization": 6002000,
        "ebitda": 17841000,
        "ebitdaratio": 0.1380497694,
        "operatingIncome": 11839000,
        "operatingIncomeRatio": 0.0916076016,
        "totalOtherIncomeExpensesNet": 492000,
        "incomeBeforeTax": 12331000,
        "incomeBeforeTaxRatio": 0.0954145904,
        "incomeTaxExpense": 4872000,
        "netIncome": 7459000,
        "netIncomeRatio": 0.0577161163,
        "eps": 0.19,
        "epsdiluted": 0.19,
        "weightedAverageShsOut": 38705372,
        "weightedAverageShsOutDil": 38786535,
        "link": "https://www.sec.gov/Archives/edgar/data/66570/000006657000000004/0000066570-00-000004-index.html",
        "finalLink": "https://www.sec.gov/Archives/edgar/data/66570/000006657000000004/"
    },
    {
        "date": "1999-12-31",
        "symbol": "MSA",
        "reportedCurrency": "USD",
        "cik": "0000066570",
        "fillingDate": "2000-03-24",
        "acceptedDate": "2000-03-24 00:00:00",
        "calendarYear": "1999",
        "period": "Q4",
        "revenue": 136600000,
        "costOfRevenue": 85600000,
        "grossProfit": 51000000,
        "grossProfitRatio": 0.3733528551,
        "researchAndDevelopmentExpenses": 0,
        "generalAndAdministrativeExpenses": 0,
        "sellingAndMarketingExpenses": 0,
        "sellingGeneralAndAdministrativeExpenses": 31700000,
        "otherExpenses": 6100000,
        "operatingExpenses": 37800000,
        "costAndExpenses": 123400000,
        "interestIncome": 0,
        "interestExpense": 0,
        "depreciationAndAmortization": 6100000,
        "ebitda": 19300000,
        "ebitdaratio": 0.1412884334,
        "operatingIncome": 13200000,
        "operatingIncomeRatio": 0.0966325037,
        "totalOtherIncomeExpensesNet": -3700000,
        "incomeBeforeTax": 9500000,
        "incomeBeforeTaxRatio": 0.0695461201,
        "incomeTaxExpense": 2000000,
        "netIncome": 7500000,
        "netIncomeRatio": 0.0549048316,
        "eps": 0.19,
        "epsdiluted": 0.19,
        "weightedAverageShsOut": 38581034,
        "weightedAverageShsOutDil": 38581034,
        "link": "https://www.sec.gov/Archives/edgar/data/66570/000095013200000190/0000950132-00-000190-index.html",
        "finalLink": "https://www.sec.gov/Archives/edgar/data/66570/000095013200000190/"
    },
    {
        "date": "1999-09-30",
        "symbol": "MSA",
        "reportedCurrency": "USD",
        "cik": "0000066570",
        "fillingDate": "1999-11-10",
        "acceptedDate": "1999-11-10 00:00:00",
        "calendarYear": "1999",
        "period": "Q3",
        "revenue": 118000000,
        "costOfRevenue": 76800000,
        "grossProfit": 41200000,
        "grossProfitRatio": 0.3491525424,
        "researchAndDevelopmentExpenses": 0,
        "generalAndAdministrativeExpenses": 0,
        "sellingAndMarketingExpenses": 0,
        "sellingGeneralAndAdministrativeExpenses": 32500000,
        "otherExpenses": 6000000,
        "operatingExpenses": 38500000,
        "costAndExpenses": 115300000,
        "interestIncome": 0,
        "interestExpense": 0,
        "depreciationAndAmortization": 6100000,
        "ebitda": 8800000,
        "ebitdaratio": 0.0745762712,
        "operatingIncome": 2700000,
        "operatingIncomeRatio": 0.0228813559,
        "totalOtherIncomeExpensesNet": 4300000,
        "incomeBeforeTax": 7000000,
        "incomeBeforeTaxRatio": 0.0593220339,
        "incomeTaxExpense": 2700000,
        "netIncome": 4300000,
        "netIncomeRatio": 0.036440678,
        "eps": 0.11,
        "epsdiluted": 0.11,
        "weightedAverageShsOut": 37979156,
        "weightedAverageShsOutDil": 39130039,
        "link": "https://www.sec.gov/Archives/edgar/data/66570/000006657099000011/0000066570-99-000011-index.html",
        "finalLink": "https://www.sec.gov/Archives/edgar/data/66570/000006657099000011/"
    },
    {
        "date": "1999-06-30",
        "symbol": "MSA",
        "reportedCurrency": "USD",
        "cik": "0000066570",
        "fillingDate": "1999-08-12",
        "acceptedDate": "1999-08-12 00:00:00",
        "calendarYear": "1999",
        "period": "Q2",
        "revenue": 123700000,
        "costOfRevenue": 78200000,
        "grossProfit": 45500000,
        "grossProfitRatio": 0.367825384,
        "researchAndDevelopmentExpenses": 0,
        "generalAndAdministrativeExpenses": 0,
        "sellingAndMarketingExpenses": 0,
        "sellingGeneralAndAdministrativeExpenses": 33000000,
        "otherExpenses": 5700000,
        "operatingExpenses": 38700000,
        "costAndExpenses": 116900000,
        "interestIncome": 0,
        "interestExpense": 0,
        "depreciationAndAmortization": 5600000,
        "ebitda": 12500000,
        "ebitdaratio": 0.1010509297,
        "operatingIncome": 6800000,
        "operatingIncomeRatio": 0.0549717057,
        "totalOtherIncomeExpensesNet": -5600000,
        "incomeBeforeTax": 1200000,
        "incomeBeforeTaxRatio": 0.0097008892,
        "incomeTaxExpense": 500000,
        "netIncome": 700000,
        "netIncomeRatio": 0.0056588521,
        "eps": 0.0167,
        "epsdiluted": 0.0167,
        "weightedAverageShsOut": 42042042,
        "weightedAverageShsOutDil": 42042042,
        "link": "https://www.sec.gov/Archives/edgar/data/66570/000006657099000006/0000066570-99-000006-index.html",
        "finalLink": "https://www.sec.gov/Archives/edgar/data/66570/000006657099000006/"
    },
    {
        "date": "1999-03-31",
        "symbol": "MSA",
        "reportedCurrency": "USD",
        "cik": "0000066570",
        "fillingDate": "1999-05-14",
        "acceptedDate": "1999-05-14 00:00:00",
        "calendarYear": "1999",
        "period": "Q1",
        "revenue": 115967000,
        "costOfRevenue": 73900000,
        "grossProfit": 42067000,
        "grossProfitRatio": 0.3627497478,
        "researchAndDevelopmentExpenses": 0,
        "generalAndAdministrativeExpenses": 0,
        "sellingAndMarketingExpenses": 0,
        "sellingGeneralAndAdministrativeExpenses": 32400000,
        "otherExpenses": 5600000,
        "operatingExpenses": 38000000,
        "costAndExpenses": 111900000,
        "interestIncome": 0,
        "interestExpense": 0,
        "depreciationAndAmortization": 5600000,
        "ebitda": 9667000,
        "ebitdaratio": 0.0833599214,
        "operatingIncome": 4067000,
        "operatingIncomeRatio": 0.0350703217,
        "totalOtherIncomeExpensesNet": 133000,
        "incomeBeforeTax": 4200000,
        "incomeBeforeTaxRatio": 0.0362171997,
        "incomeTaxExpense": 1600000,
        "netIncome": 2600000,
        "netIncomeRatio": 0.0224201713,
        "eps": 0.0666,
        "epsdiluted": 0.0666,
        "weightedAverageShsOut": 39039039,
        "weightedAverageShsOutDil": 39039039,
        "link": "https://www.sec.gov/Archives/edgar/data/66570/000006657099000003/0000066570-99-000003-index.html",
        "finalLink": "https://www.sec.gov/Archives/edgar/data/66570/"
    },
    {
        "date": "1998-12-31",
        "symbol": "MSA",
        "reportedCurrency": "USD",
        "cik": "0000066570",
        "fillingDate": "1999-03-26",
        "acceptedDate": "1999-03-26 00:00:00",
        "calendarYear": "1998",
        "period": "Q4",
        "revenue": 130000000,
        "costOfRevenue": 82900000,
        "grossProfit": 47100000,
        "grossProfitRatio": 0.3623076923,
        "researchAndDevelopmentExpenses": 0,
        "generalAndAdministrativeExpenses": 0,
        "sellingAndMarketingExpenses": 0,
        "sellingGeneralAndAdministrativeExpenses": 34100000,
        "otherExpenses": 6800000,
        "operatingExpenses": 40900000,
        "costAndExpenses": 123800000,
        "interestIncome": 0,
        "interestExpense": 0,
        "depreciationAndAmortization": 6800000,
        "ebitda": 13000000,
        "ebitdaratio": 0.1,
        "operatingIncome": 6200000,
        "operatingIncomeRatio": 0.0476923077,
        "totalOtherIncomeExpensesNet": 700000,
        "incomeBeforeTax": 6900000,
        "incomeBeforeTaxRatio": 0.0530769231,
        "incomeTaxExpense": 2000000,
        "netIncome": 4900000,
        "netIncomeRatio": 0.0376923077,
        "eps": 0.13,
        "epsdiluted": 0.13,
        "weightedAverageShsOut": 39039039,
        "weightedAverageShsOutDil": 39039039,
        "link": "https://www.sec.gov/Archives/edgar/data/66570/000095013299000292/0000950132-99-000292-index.html",
        "finalLink": "https://www.sec.gov/Archives/edgar/data/66570/"
    },
    {
        "date": "1998-09-30",
        "symbol": "MSA",
        "reportedCurrency": "USD",
        "cik": "0000066570",
        "fillingDate": "1998-11-13",
        "acceptedDate": "1998-11-13 00:00:00",
        "calendarYear": "1998",
        "period": "Q3",
        "revenue": 116100000,
        "costOfRevenue": 72200000,
        "grossProfit": 43900000,
        "grossProfitRatio": 0.3781223084,
        "researchAndDevelopmentExpenses": 0,
        "generalAndAdministrativeExpenses": 0,
        "sellingAndMarketingExpenses": 0,
        "sellingGeneralAndAdministrativeExpenses": 32700000,
        "otherExpenses": 5500000,
        "operatingExpenses": 38200000,
        "costAndExpenses": 110400000,
        "interestIncome": 0,
        "interestExpense": 0,
        "depreciationAndAmortization": 5400000,
        "ebitda": 11200000,
        "ebitdaratio": 0.0964685616,
        "operatingIncome": 5700000,
        "operatingIncomeRatio": 0.0490956072,
        "totalOtherIncomeExpensesNet": -500000,
        "incomeBeforeTax": 5200000,
        "incomeBeforeTaxRatio": 0.044788975,
        "incomeTaxExpense": 2100000,
        "netIncome": 3100000,
        "netIncomeRatio": 0.0267011197,
        "eps": 0.0766,
        "epsdiluted": 0.0766,
        "weightedAverageShsOut": 40475258,
        "weightedAverageShsOutDil": 40475258,
        "link": "https://www.sec.gov/Archives/edgar/data/66570/000006657098000008/0000066570-98-000008-index.html",
        "finalLink": "https://www.sec.gov/Archives/edgar/data/66570/"
    },
    {
        "date": "1998-06-30",
        "symbol": "MSA",
        "reportedCurrency": "USD",
        "cik": "0000066570",
        "fillingDate": "1998-08-19",
        "acceptedDate": "1998-08-19 00:00:00",
        "calendarYear": "1998",
        "period": "Q2",
        "revenue": 125600000,
        "costOfRevenue": 79500000,
        "grossProfit": 46100000,
        "grossProfitRatio": 0.3670382166,
        "researchAndDevelopmentExpenses": 0,
        "generalAndAdministrativeExpenses": 0,
        "sellingAndMarketingExpenses": 0,
        "sellingGeneralAndAdministrativeExpenses": 35600000,
        "otherExpenses": 5900000,
        "operatingExpenses": 41500000,
        "costAndExpenses": 121000000,
        "interestIncome": 0,
        "interestExpense": 0,
        "depreciationAndAmortization": 5900000,
        "ebitda": 10500000,
        "ebitdaratio": 0.0835987261,
        "operatingIncome": 4600000,
        "operatingIncomeRatio": 0.0366242038,
        "totalOtherIncomeExpensesNet": 2400000,
        "incomeBeforeTax": 7000000,
        "incomeBeforeTaxRatio": 0.0557324841,
        "incomeTaxExpense": 2200000,
        "netIncome": 4800000,
        "netIncomeRatio": 0.0382165605,
        "eps": 0.12,
        "epsdiluted": 0.12,
        "weightedAverageShsOut": 40040040,
        "weightedAverageShsOutDil": 40040040,
        "link": "https://www.sec.gov/Archives/edgar/data/66570/000095013298000664/0000950132-98-000664-index.html",
        "finalLink": "https://www.sec.gov/Archives/edgar/data/66570/"
    },
    {
        "date": "1998-03-31",
        "symbol": "MSA",
        "reportedCurrency": "USD",
        "cik": "0000066570",
        "fillingDate": "1998-05-11",
        "acceptedDate": "1998-05-11 00:00:00",
        "calendarYear": "1998",
        "period": "Q1",
        "revenue": 123400000,
        "costOfRevenue": 77200000,
        "grossProfit": 46200000,
        "grossProfitRatio": 0.3743922204,
        "researchAndDevelopmentExpenses": 0,
        "generalAndAdministrativeExpenses": 0,
        "sellingAndMarketingExpenses": 0,
        "sellingGeneralAndAdministrativeExpenses": 31600000,
        "otherExpenses": 5400000,
        "operatingExpenses": 37000000,
        "costAndExpenses": 114200000,
        "interestIncome": 0,
        "interestExpense": 0,
        "depreciationAndAmortization": 5400000,
        "ebitda": 14600000,
        "ebitdaratio": 0.1183144246,
        "operatingIncome": 9200000,
        "operatingIncomeRatio": 0.074554295,
        "totalOtherIncomeExpensesNet": 0,
        "incomeBeforeTax": 9200000,
        "incomeBeforeTaxRatio": 0.074554295,
        "incomeTaxExpense": 3700000,
        "netIncome": 5500000,
        "netIncomeRatio": 0.0445705024,
        "eps": 0.14,
        "epsdiluted": 0.14,
        "weightedAverageShsOut": 40284187,
        "weightedAverageShsOutDil": 40284187,
        "link": "https://www.sec.gov/Archives/edgar/data/66570/000006657098000002/0000066570-98-000002-index.html",
        "finalLink": "https://www.sec.gov/Archives/edgar/data/66570/"
    },
    {
        "date": "1997-12-31",
        "symbol": "MSA",
        "reportedCurrency": "USD",
        "cik": "0000066570",
        "fillingDate": "1998-03-26",
        "acceptedDate": "1998-03-26 00:00:00",
        "calendarYear": "1997",
        "period": "Q4",
        "revenue": 131000000,
        "costOfRevenue": 78900000,
        "grossProfit": 52100000,
        "grossProfitRatio": 0.3977099237,
        "researchAndDevelopmentExpenses": 0,
        "generalAndAdministrativeExpenses": 0,
        "sellingAndMarketingExpenses": 0,
        "sellingGeneralAndAdministrativeExpenses": 38600000,
        "otherExpenses": 5500000,
        "operatingExpenses": 44100000,
        "costAndExpenses": 123000000,
        "interestIncome": 0,
        "interestExpense": 0,
        "depreciationAndAmortization": 5500000,
        "ebitda": 13500000,
        "ebitdaratio": 0.1030534351,
        "operatingIncome": 8000000,
        "operatingIncomeRatio": 0.0610687023,
        "totalOtherIncomeExpensesNet": 4300000,
        "incomeBeforeTax": 12300000,
        "incomeBeforeTaxRatio": 0.0938931298,
        "incomeTaxExpense": 4900000,
        "netIncome": 7400000,
        "netIncomeRatio": 0.0564885496,
        "eps": 0.18,
        "epsdiluted": 0.18,
        "weightedAverageShsOut": 40284187,
        "weightedAverageShsOutDil": 40284187,
        "link": "https://www.sec.gov/Archives/edgar/data/66570/000095013298000275/0000950132-98-000275-index.html",
        "finalLink": "https://www.sec.gov/Archives/edgar/data/66570/"
    },
    {
        "date": "1997-09-30",
        "symbol": "MSA",
        "reportedCurrency": "USD",
        "cik": "0000066570",
        "fillingDate": "1997-11-12",
        "acceptedDate": "1997-11-12 00:00:00",
        "calendarYear": "1997",
        "period": "Q3",
        "revenue": 120600000,
        "costOfRevenue": 72600000,
        "grossProfit": 48000000,
        "grossProfitRatio": 0.3980099502,
        "researchAndDevelopmentExpenses": 0,
        "generalAndAdministrativeExpenses": 0,
        "sellingAndMarketingExpenses": 0,
        "sellingGeneralAndAdministrativeExpenses": 30900000,
        "otherExpenses": 5100000,
        "operatingExpenses": 36000000,
        "costAndExpenses": 108600000,
        "interestIncome": 0,
        "interestExpense": 0,
        "depreciationAndAmortization": 5100000,
        "ebitda": 17100000,
        "ebitdaratio": 0.1417910448,
        "operatingIncome": 12000000,
        "operatingIncomeRatio": 0.0995024876,
        "totalOtherIncomeExpensesNet": -2800000,
        "incomeBeforeTax": 9200000,
        "incomeBeforeTaxRatio": 0.0762852405,
        "incomeTaxExpense": 3400000,
        "netIncome": 5800000,
        "netIncomeRatio": 0.048092869,
        "eps": 0.14,
        "epsdiluted": 0.14,
        "weightedAverageShsOut": 40505622,
        "weightedAverageShsOutDil": 40505622,
        "link": "https://www.sec.gov/Archives/edgar/data/66570/000006657097000016/0000066570-97-000016-index.html",
        "finalLink": "https://www.sec.gov/Archives/edgar/data/66570/"
    },
    {
        "date": "1997-06-30",
        "symbol": "MSA",
        "reportedCurrency": "USD",
        "cik": "0000066570",
        "fillingDate": "1997-08-13",
        "acceptedDate": "1997-08-13 00:00:00",
        "calendarYear": "1997",
        "period": "Q2",
        "revenue": 129200000,
        "costOfRevenue": 80400000,
        "grossProfit": 48800000,
        "grossProfitRatio": 0.3777089783,
        "researchAndDevelopmentExpenses": 0,
        "generalAndAdministrativeExpenses": 0,
        "sellingAndMarketingExpenses": 0,
        "sellingGeneralAndAdministrativeExpenses": 35000000,
        "otherExpenses": 5500000,
        "operatingExpenses": 40500000,
        "costAndExpenses": 120900000,
        "interestIncome": 0,
        "interestExpense": 0,
        "depreciationAndAmortization": 5500000,
        "ebitda": 13800000,
        "ebitdaratio": 0.1068111455,
        "operatingIncome": 8300000,
        "operatingIncomeRatio": 0.0642414861,
        "totalOtherIncomeExpensesNet": 400000,
        "incomeBeforeTax": 8700000,
        "incomeBeforeTaxRatio": 0.0673374613,
        "incomeTaxExpense": 3600000,
        "netIncome": 5100000,
        "netIncomeRatio": 0.0394736842,
        "eps": 0.12,
        "epsdiluted": 0.12,
        "weightedAverageShsOut": 41392744,
        "weightedAverageShsOutDil": 41392744,
        "link": "https://www.sec.gov/Archives/edgar/data/66570/000006657097000007/0000066570-97-000007-index.html",
        "finalLink": "https://www.sec.gov/Archives/edgar/data/66570/"
    },
    {
        "date": "1997-03-31",
        "symbol": "MSA",
        "reportedCurrency": "USD",
        "cik": "0000066570",
        "fillingDate": "1997-05-09",
        "acceptedDate": "1997-05-09 00:00:00",
        "calendarYear": "1997",
        "period": "Q1",
        "revenue": 113500000,
        "costOfRevenue": 70400000,
        "grossProfit": 43100000,
        "grossProfitRatio": 0.3797356828,
        "researchAndDevelopmentExpenses": 0,
        "generalAndAdministrativeExpenses": 0,
        "sellingAndMarketingExpenses": 0,
        "sellingGeneralAndAdministrativeExpenses": 32200000,
        "otherExpenses": 5400000,
        "operatingExpenses": 37600000,
        "costAndExpenses": 108000000,
        "interestIncome": 0,
        "interestExpense": 0,
        "depreciationAndAmortization": 5400000,
        "ebitda": 10900000,
        "ebitdaratio": 0.0960352423,
        "operatingIncome": 5500000,
        "operatingIncomeRatio": 0.0484581498,
        "totalOtherIncomeExpensesNet": 600000,
        "incomeBeforeTax": 6100000,
        "incomeBeforeTaxRatio": 0.0537444934,
        "incomeTaxExpense": 2500000,
        "netIncome": 3600000,
        "netIncomeRatio": 0.0317180617,
        "eps": 0.0866,
        "epsdiluted": 0.0866,
        "weightedAverageShsOut": 41580042,
        "weightedAverageShsOutDil": 41580042,
        "link": "https://www.sec.gov/Archives/edgar/data/66570/000006657097000003/0000066570-97-000003-index.html",
        "finalLink": "https://www.sec.gov/Archives/edgar/data/66570/"
    },
    {
        "date": "1996-12-31",
        "symbol": "MSA",
        "reportedCurrency": "USD",
        "cik": "0000066570",
        "fillingDate": "1997-03-26",
        "acceptedDate": "1997-03-26 00:00:00",
        "calendarYear": "1996",
        "period": "Q4",
        "revenue": 140000000,
        "costOfRevenue": 79400000,
        "grossProfit": 60600000,
        "grossProfitRatio": 0.4328571429,
        "researchAndDevelopmentExpenses": 0,
        "generalAndAdministrativeExpenses": 0,
        "sellingAndMarketingExpenses": 0,
        "sellingGeneralAndAdministrativeExpenses": 35300000,
        "otherExpenses": 6400000,
        "operatingExpenses": 41700000,
        "costAndExpenses": 121100000,
        "interestIncome": 0,
        "interestExpense": 0,
        "depreciationAndAmortization": 6400000,
        "ebitda": 25300000,
        "ebitdaratio": 0.1807142857,
        "operatingIncome": 18900000,
        "operatingIncomeRatio": 0.135,
        "totalOtherIncomeExpensesNet": -3800000,
        "incomeBeforeTax": 15100000,
        "incomeBeforeTaxRatio": 0.1078571429,
        "incomeTaxExpense": 5000000,
        "netIncome": 10100000,
        "netIncomeRatio": 0.0721428571,
        "eps": 0.24,
        "epsdiluted": 0.24,
        "weightedAverageShsOut": 41580042,
        "weightedAverageShsOutDil": 41580042,
        "link": "https://www.sec.gov/Archives/edgar/data/66570/000095013297000205/0000950132-97-000205-index.html",
        "finalLink": "https://www.sec.gov/Archives/edgar/data/66570/"
    },
    {
        "date": "1996-09-30",
        "symbol": "MSA",
        "reportedCurrency": "USD",
        "cik": "0000066570",
        "fillingDate": "1996-11-12",
        "acceptedDate": "1996-11-12 00:00:00",
        "calendarYear": "1996",
        "period": "Q3",
        "revenue": 121700000,
        "costOfRevenue": 74300000,
        "grossProfit": 47400000,
        "grossProfitRatio": 0.3894823336,
        "researchAndDevelopmentExpenses": 0,
        "generalAndAdministrativeExpenses": 0,
        "sellingAndMarketingExpenses": 0,
        "sellingGeneralAndAdministrativeExpenses": 32600000,
        "otherExpenses": 4800000,
        "operatingExpenses": 37400000,
        "costAndExpenses": 111700000,
        "interestIncome": 0,
        "interestExpense": 0,
        "depreciationAndAmortization": 4800000,
        "ebitda": 14800000,
        "ebitdaratio": 0.1216105177,
        "operatingIncome": 10000000,
        "operatingIncomeRatio": 0.0821692687,
        "totalOtherIncomeExpensesNet": 200000,
        "incomeBeforeTax": 10200000,
        "incomeBeforeTaxRatio": 0.0838126541,
        "incomeTaxExpense": 4100000,
        "netIncome": 6100000,
        "netIncomeRatio": 0.0501232539,
        "eps": 0.14,
        "epsdiluted": 0.14,
        "weightedAverageShsOut": 43615044,
        "weightedAverageShsOutDil": 43615044,
        "link": "https://www.sec.gov/Archives/edgar/data/66570/000006657096000008/0000066570-96-000008-index.html",
        "finalLink": "https://www.sec.gov/Archives/edgar/data/66570/"
    },
    {
        "date": "1996-06-30",
        "symbol": "MSA",
        "reportedCurrency": "USD",
        "cik": "0000066570",
        "fillingDate": "1996-08-12",
        "acceptedDate": "1996-08-12 00:00:00",
        "calendarYear": "1996",
        "period": "Q2",
        "revenue": 123900000,
        "costOfRevenue": 79400000,
        "grossProfit": 44500000,
        "grossProfitRatio": 0.3591606134,
        "researchAndDevelopmentExpenses": 0,
        "generalAndAdministrativeExpenses": 0,
        "sellingAndMarketingExpenses": 0,
        "sellingGeneralAndAdministrativeExpenses": 33500000,
        "otherExpenses": 5600000,
        "operatingExpenses": 39100000,
        "costAndExpenses": 118500000,
        "interestIncome": 0,
        "interestExpense": 0,
        "depreciationAndAmortization": 5600000,
        "ebitda": 11000000,
        "ebitdaratio": 0.0887812752,
        "operatingIncome": 5400000,
        "operatingIncomeRatio": 0.0435835351,
        "totalOtherIncomeExpensesNet": 900000,
        "incomeBeforeTax": 6300000,
        "incomeBeforeTaxRatio": 0.0508474576,
        "incomeTaxExpense": 2500000,
        "netIncome": 3800000,
        "netIncomeRatio": 0.0306698951,
        "eps": 0.0833,
        "epsdiluted": 0.0833,
        "weightedAverageShsOut": 45645646,
        "weightedAverageShsOutDil": 45645646,
        "link": "https://www.sec.gov/Archives/edgar/data/66570/000006657096000006/0000066570-96-000006-index.html",
        "finalLink": "https://www.sec.gov/Archives/edgar/data/66570/"
    },
    {
        "date": "1996-03-31",
        "symbol": "MSA",
        "reportedCurrency": "USD",
        "cik": "0000066570",
        "fillingDate": "1996-05-10",
        "acceptedDate": "1996-05-10 00:00:00",
        "calendarYear": "1996",
        "period": "Q1",
        "revenue": 115400000,
        "costOfRevenue": 74000000,
        "grossProfit": 41400000,
        "grossProfitRatio": 0.3587521664,
        "researchAndDevelopmentExpenses": 0,
        "generalAndAdministrativeExpenses": 0,
        "sellingAndMarketingExpenses": 0,
        "sellingGeneralAndAdministrativeExpenses": 31600000,
        "otherExpenses": 5600000,
        "operatingExpenses": 37200000,
        "costAndExpenses": 111200000,
        "interestIncome": 0,
        "interestExpense": 0,
        "depreciationAndAmortization": 5600000,
        "ebitda": 9800000,
        "ebitdaratio": 0.0849220104,
        "operatingIncome": 4200000,
        "operatingIncomeRatio": 0.0363951473,
        "totalOtherIncomeExpensesNet": 900000,
        "incomeBeforeTax": 5100000,
        "incomeBeforeTaxRatio": 0.0441941075,
        "incomeTaxExpense": 2000000,
        "netIncome": 3100000,
        "netIncomeRatio": 0.0268630849,
        "eps": 0.0666,
        "epsdiluted": 0.0666,
        "weightedAverageShsOut": 46546547,
        "weightedAverageShsOutDil": 46546547,
        "link": "https://www.sec.gov/Archives/edgar/data/66570/000006657096000004/0000066570-96-000004-index.html",
        "finalLink": "https://www.sec.gov/Archives/edgar/data/66570/"
    },
    {
        "date": "1995-12-31",
        "symbol": "MSA",
        "reportedCurrency": "USD",
        "cik": "0000066570",
        "fillingDate": "1996-03-27",
        "acceptedDate": "1996-03-27 00:00:00",
        "calendarYear": "1995",
        "period": "Q4",
        "revenue": 124300000,
        "costOfRevenue": 73400000,
        "grossProfit": 50900000,
        "grossProfitRatio": 0.4094931617,
        "researchAndDevelopmentExpenses": 0,
        "generalAndAdministrativeExpenses": 0,
        "sellingAndMarketingExpenses": 0,
        "sellingGeneralAndAdministrativeExpenses": 35900000,
        "otherExpenses": 5000000,
        "operatingExpenses": 40900000,
        "costAndExpenses": 114300000,
        "interestIncome": 0,
        "interestExpense": 0,
        "depreciationAndAmortization": 5000000,
        "ebitda": 15000000,
        "ebitdaratio": 0.1206757844,
        "operatingIncome": 10000000,
        "operatingIncomeRatio": 0.0804505229,
        "totalOtherIncomeExpensesNet": -2400000,
        "incomeBeforeTax": 7600000,
        "incomeBeforeTaxRatio": 0.0611423974,
        "incomeTaxExpense": 3900000,
        "netIncome": 3700000,
        "netIncomeRatio": 0.0297666935,
        "eps": 0.0795,
        "epsdiluted": 0.0795,
        "weightedAverageShsOut": 46456644,
        "weightedAverageShsOutDil": 46546547,
        "link": "https://www.sec.gov/Archives/edgar/data/66570/000095013296000170/0000950132-96-000170-index.html",
        "finalLink": "https://www.sec.gov/Archives/edgar/data/66570/"
    },
    {
        "date": "1995-09-30",
        "symbol": "MSA",
        "reportedCurrency": "USD",
        "cik": "0000066570",
        "fillingDate": "1995-11-13",
        "acceptedDate": "1995-11-13 00:00:00",
        "calendarYear": "1995",
        "period": "Q3",
        "revenue": 120000000,
        "costOfRevenue": 74900000,
        "grossProfit": 45100000,
        "grossProfitRatio": 0.3758333333,
        "researchAndDevelopmentExpenses": 0,
        "generalAndAdministrativeExpenses": 0,
        "sellingAndMarketingExpenses": 0,
        "sellingGeneralAndAdministrativeExpenses": 34700000,
        "otherExpenses": 4800000,
        "operatingExpenses": 39500000,
        "costAndExpenses": 114400000,
        "interestIncome": 0,
        "interestExpense": 0,
        "depreciationAndAmortization": 4800000,
        "ebitda": 10400000,
        "ebitdaratio": 0.0866666667,
        "operatingIncome": 5600000,
        "operatingIncomeRatio": 0.0466666667,
        "totalOtherIncomeExpensesNet": 700000,
        "incomeBeforeTax": 6300000,
        "incomeBeforeTaxRatio": 0.0525,
        "incomeTaxExpense": 2500000,
        "netIncome": 3800000,
        "netIncomeRatio": 0.0316666667,
        "eps": 0.0733,
        "epsdiluted": 0.0733,
        "weightedAverageShsOut": 51870052,
        "weightedAverageShsOutDil": 51870052,
        "link": "https://www.sec.gov/Archives/edgar/data/66570/000006657095000007/0000066570-95-000007-index.html",
        "finalLink": "https://www.sec.gov/Archives/edgar/data/66570/"
    },
    {
        "date": "1995-06-30",
        "symbol": "MSA",
        "reportedCurrency": "USD",
        "cik": "0000066570",
        "fillingDate": "1995-08-07",
        "acceptedDate": "1995-08-07 00:00:00",
        "calendarYear": "1995",
        "period": "Q2",
        "revenue": 125200000,
        "costOfRevenue": 76700000,
        "grossProfit": 48500000,
        "grossProfitRatio": 0.3873801917,
        "researchAndDevelopmentExpenses": 0,
        "generalAndAdministrativeExpenses": 0,
        "sellingAndMarketingExpenses": 0,
        "sellingGeneralAndAdministrativeExpenses": 35000000,
        "otherExpenses": 5200000,
        "operatingExpenses": 40200000,
        "costAndExpenses": 116900000,
        "interestIncome": 0,
        "interestExpense": 0,
        "depreciationAndAmortization": 5200000,
        "ebitda": 13500000,
        "ebitdaratio": 0.107827476,
        "operatingIncome": 8300000,
        "operatingIncomeRatio": 0.0662939297,
        "totalOtherIncomeExpensesNet": 1000000,
        "incomeBeforeTax": 9300000,
        "incomeBeforeTaxRatio": 0.0742811502,
        "incomeTaxExpense": 3700000,
        "netIncome": 5600000,
        "netIncomeRatio": 0.0447284345,
        "eps": 0.11,
        "epsdiluted": 0.11,
        "weightedAverageShsOut": 52552553,
        "weightedAverageShsOutDil": 52552553,
        "link": "https://www.sec.gov/Archives/edgar/data/66570/000006657095000005/0000066570-95-000005-index.html",
        "finalLink": "https://www.sec.gov/Archives/edgar/data/66570/"
    },
    {
        "date": "1995-03-31",
        "symbol": "MSA",
        "reportedCurrency": "USD",
        "cik": "0000066570",
        "fillingDate": "1995-05-11",
        "acceptedDate": "1995-05-11 00:00:00",
        "calendarYear": "1995",
        "period": "Q1",
        "revenue": 118200000,
        "costOfRevenue": 71800000,
        "grossProfit": 46400000,
        "grossProfitRatio": 0.3925549915,
        "researchAndDevelopmentExpenses": 0,
        "generalAndAdministrativeExpenses": 0,
        "sellingAndMarketingExpenses": 0,
        "sellingGeneralAndAdministrativeExpenses": 32600000,
        "otherExpenses": 5000000,
        "operatingExpenses": 37600000,
        "costAndExpenses": 109400000,
        "interestIncome": 0,
        "interestExpense": 0,
        "depreciationAndAmortization": 5000000,
        "ebitda": 13800000,
        "ebitdaratio": 0.116751269,
        "operatingIncome": 8800000,
        "operatingIncomeRatio": 0.0744500846,
        "totalOtherIncomeExpensesNet": 1000000,
        "incomeBeforeTax": 9800000,
        "incomeBeforeTaxRatio": 0.0829103215,
        "incomeTaxExpense": 4100000,
        "netIncome": 5700000,
        "netIncomeRatio": 0.0482233503,
        "eps": 0.11,
        "epsdiluted": 0.11,
        "weightedAverageShsOut": 51870052,
        "weightedAverageShsOutDil": 51870052,
        "link": "https://www.sec.gov/Archives/edgar/data/66570/000006657095000003/0000066570-95-000003-index.html",
        "finalLink": "https://www.sec.gov/Archives/edgar/data/66570/"
    },
    {
        "date": "1994-12-31",
        "symbol": "MSA",
        "reportedCurrency": "USD",
        "cik": "0000066570",
        "fillingDate": "1995-03-27",
        "acceptedDate": "1995-03-27 00:00:00",
        "calendarYear": "1994",
        "period": "Q4",
        "revenue": 120100000,
        "costOfRevenue": 72500000,
        "grossProfit": 47600000,
        "grossProfitRatio": 0.3963363863,
        "researchAndDevelopmentExpenses": 0,
        "generalAndAdministrativeExpenses": 0,
        "sellingAndMarketingExpenses": 0,
        "sellingGeneralAndAdministrativeExpenses": 29500000,
        "otherExpenses": 4300000,
        "operatingExpenses": 33800000,
        "costAndExpenses": 106300000,
        "interestIncome": 0,
        "interestExpense": 0,
        "depreciationAndAmortization": 4300000,
        "ebitda": 18100000,
        "ebitdaratio": 0.1507077435,
        "operatingIncome": 13800000,
        "operatingIncomeRatio": 0.1149042465,
        "totalOtherIncomeExpensesNet": -6500000,
        "incomeBeforeTax": 7300000,
        "incomeBeforeTaxRatio": 0.0607826811,
        "incomeTaxExpense": 2600000,
        "netIncome": 4700000,
        "netIncomeRatio": 0.039134055,
        "eps": 0.0906,
        "epsdiluted": 0.0906,
        "weightedAverageShsOut": 50236251,
        "weightedAverageShsOutDil": 51870052,
        "link": "https://www.sec.gov/Archives/edgar/data/66570/000095013295000098/0000950132-95-000098-index.html",
        "finalLink": "https://www.sec.gov/Archives/edgar/data/66570/"
    },
    {
        "date": "1994-09-30",
        "symbol": "MSA",
        "reportedCurrency": "USD",
        "cik": "0000066570",
        "fillingDate": "1994-11-14",
        "acceptedDate": "1994-11-14 00:00:00",
        "calendarYear": "1994",
        "period": "Q3",
        "revenue": 114900000,
        "costOfRevenue": 72100000,
        "grossProfit": 42800000,
        "grossProfitRatio": 0.3724978242,
        "researchAndDevelopmentExpenses": 0,
        "generalAndAdministrativeExpenses": 0,
        "sellingAndMarketingExpenses": 0,
        "sellingGeneralAndAdministrativeExpenses": 31300000,
        "otherExpenses": 4400000,
        "operatingExpenses": 35700000,
        "costAndExpenses": 107800000,
        "interestIncome": 0,
        "interestExpense": 0,
        "depreciationAndAmortization": 4400000,
        "ebitda": 11500000,
        "ebitdaratio": 0.1000870322,
        "operatingIncome": 7100000,
        "operatingIncomeRatio": 0.0617928634,
        "totalOtherIncomeExpensesNet": 700000,
        "incomeBeforeTax": 7800000,
        "incomeBeforeTaxRatio": 0.0678851175,
        "incomeTaxExpense": 3200000,
        "netIncome": 4600000,
        "netIncomeRatio": 0.0400348129,
        "eps": 0.0866,
        "epsdiluted": 0.0866,
        "weightedAverageShsOut": 53130053,
        "weightedAverageShsOutDil": 53130053,
        "link": "https://www.sec.gov/Archives/edgar/data/66570/000006657094000014/0000066570-94-000014-index.html",
        "finalLink": "https://www.sec.gov/Archives/edgar/data/66570/"
    },
    {
        "date": "1994-06-30",
        "symbol": "MSA",
        "reportedCurrency": "USD",
        "cik": "0000066570",
        "fillingDate": "1994-08-09",
        "acceptedDate": "1994-08-09 00:00:00",
        "calendarYear": "1994",
        "period": "Q2",
        "revenue": 115100000,
        "costOfRevenue": 71600000,
        "grossProfit": 43500000,
        "grossProfitRatio": 0.3779322328,
        "researchAndDevelopmentExpenses": 0,
        "generalAndAdministrativeExpenses": 0,
        "sellingAndMarketingExpenses": 0,
        "sellingGeneralAndAdministrativeExpenses": 33600000,
        "otherExpenses": 4900000,
        "operatingExpenses": 38500000,
        "costAndExpenses": 110100000,
        "interestIncome": 0,
        "interestExpense": 0,
        "depreciationAndAmortization": 4900000,
        "ebitda": 9900000,
        "ebitdaratio": 0.0860121633,
        "operatingIncome": 5000000,
        "operatingIncomeRatio": 0.0434404865,
        "totalOtherIncomeExpensesNet": 1100000,
        "incomeBeforeTax": 6100000,
        "incomeBeforeTaxRatio": 0.0529973936,
        "incomeTaxExpense": 2600000,
        "netIncome": 3500000,
        "netIncomeRatio": 0.0304083406,
        "eps": 0.0633,
        "epsdiluted": 0.0633,
        "weightedAverageShsOut": 55318476,
        "weightedAverageShsOutDil": 55318476,
        "link": "https://www.sec.gov/Archives/edgar/data/66570/000006657094000011/0000066570-94-000011-index.html",
        "finalLink": "https://www.sec.gov/Archives/edgar/data/66570/"
    },
    {
        "date": "1994-03-31",
        "symbol": "MSA",
        "reportedCurrency": "USD",
        "cik": "0000066570",
        "fillingDate": "1994-05-11",
        "acceptedDate": "1994-05-11 00:00:00",
        "calendarYear": "1994",
        "period": "Q1",
        "revenue": 109500000,
        "costOfRevenue": 70500000,
        "grossProfit": 39000000,
        "grossProfitRatio": 0.3561643836,
        "researchAndDevelopmentExpenses": 0,
        "generalAndAdministrativeExpenses": 0,
        "sellingAndMarketingExpenses": 0,
        "sellingGeneralAndAdministrativeExpenses": 30200000,
        "otherExpenses": 4900000,
        "operatingExpenses": 35100000,
        "costAndExpenses": 105600000,
        "interestIncome": 0,
        "interestExpense": 0,
        "depreciationAndAmortization": 4900000,
        "ebitda": 8800000,
        "ebitdaratio": 0.0803652968,
        "operatingIncome": 3900000,
        "operatingIncomeRatio": 0.0356164384,
        "totalOtherIncomeExpensesNet": 800000,
        "incomeBeforeTax": 4700000,
        "incomeBeforeTaxRatio": 0.0429223744,
        "incomeTaxExpense": 2100000,
        "netIncome": 2600000,
        "netIncomeRatio": 0.0237442922,
        "eps": 0.0466,
        "epsdiluted": 0.0466,
        "weightedAverageShsOut": 55770056,
        "weightedAverageShsOutDil": 55770056,
        "link": "https://www.sec.gov/Archives/edgar/data/66570/000006657094000003/0000066570-94-000003-index.html",
        "finalLink": "https://www.sec.gov/Archives/edgar/data/66570/"
    },
    {
        "date": "1993-12-31",
        "symbol": "MSA",
        "reportedCurrency": "USD",
        "cik": "0000066570",
        "fillingDate": "1994-03-25",
        "acceptedDate": "1994-03-25 00:00:00",
        "calendarYear": "1993",
        "period": "Q4",
        "revenue": 112600000,
        "costOfRevenue": 70700000,
        "grossProfit": 41900000,
        "grossProfitRatio": 0.3721136767,
        "researchAndDevelopmentExpenses": 0,
        "generalAndAdministrativeExpenses": 0,
        "sellingAndMarketingExpenses": 0,
        "sellingGeneralAndAdministrativeExpenses": 31800000,
        "otherExpenses": 4300000,
        "operatingExpenses": 36100000,
        "costAndExpenses": 106800000,
        "interestIncome": 0,
        "interestExpense": 0,
        "depreciationAndAmortization": 4300000,
        "ebitda": 10100000,
        "ebitdaratio": 0.0896980462,
        "operatingIncome": 5800000,
        "operatingIncomeRatio": 0.0515097691,
        "totalOtherIncomeExpensesNet": 600000,
        "incomeBeforeTax": 6400000,
        "incomeBeforeTaxRatio": 0.0568383659,
        "incomeTaxExpense": 2700000,
        "netIncome": 3700000,
        "netIncomeRatio": 0.0328596803,
        "eps": 0.0704,
        "epsdiluted": 0.0704,
        "weightedAverageShsOut": 52552553,
        "weightedAverageShsOutDil": 52552553,
        "link": "https://www.sec.gov/Archives/edgar/data/66570/000095013294000103/0000950132-94-000103-index.html",
        "finalLink": "https://www.sec.gov/Archives/edgar/data/66570/"
    },
    {
        "date": "1993-09-30",
        "symbol": "MSA",
        "reportedCurrency": "USD",
        "cik": "0000066570",
        "fillingDate": "1993-09-30",
        "acceptedDate": "1993-09-29 20:00:00",
        "calendarYear": "1993",
        "period": "Q3",
        "revenue": 103900000,
        "costOfRevenue": 68100000,
        "grossProfit": 35800000,
        "grossProfitRatio": 0.3445620789,
        "researchAndDevelopmentExpenses": 0,
        "generalAndAdministrativeExpenses": 0,
        "sellingAndMarketingExpenses": 0,
        "sellingGeneralAndAdministrativeExpenses": 31500000,
        "otherExpenses": 4800000,
        "operatingExpenses": 36300000,
        "costAndExpenses": 104400000,
        "interestIncome": 0,
        "interestExpense": 0,
        "depreciationAndAmortization": 4700000,
        "ebitda": 4300000,
        "ebitdaratio": 0.041385948,
        "operatingIncome": -500000,
        "operatingIncomeRatio": -0.0048123195,
        "totalOtherIncomeExpensesNet": 2600000,
        "incomeBeforeTax": 2100000,
        "incomeBeforeTaxRatio": 0.0202117421,
        "incomeTaxExpense": 700000,
        "netIncome": 1400000,
        "netIncomeRatio": 0.0134744947,
        "eps": 0.0266,
        "epsdiluted": 0.0266,
        "weightedAverageShsOut": 52552553,
        "weightedAverageShsOutDil": 52552553,
        "link": "",
        "finalLink": ""
    },
    {
        "date": "1993-06-30",
        "symbol": "MSA",
        "reportedCurrency": "USD",
        "cik": "0000066570",
        "fillingDate": "1993-06-30",
        "acceptedDate": "1993-06-29 20:00:00",
        "calendarYear": "1993",
        "period": "Q2",
        "revenue": 107800000,
        "costOfRevenue": 63400000,
        "grossProfit": 44400000,
        "grossProfitRatio": 0.4118738404,
        "researchAndDevelopmentExpenses": 0,
        "generalAndAdministrativeExpenses": 0,
        "sellingAndMarketingExpenses": 0,
        "sellingGeneralAndAdministrativeExpenses": 30300000,
        "otherExpenses": 4200000,
        "operatingExpenses": 34500000,
        "costAndExpenses": 97900000,
        "interestIncome": 0,
        "interestExpense": 0,
        "depreciationAndAmortization": 4300000,
        "ebitda": 14200000,
        "ebitdaratio": 0.1317254174,
        "operatingIncome": 9900000,
        "operatingIncomeRatio": 0.0918367347,
        "totalOtherIncomeExpensesNet": -4800000,
        "incomeBeforeTax": 5100000,
        "incomeBeforeTaxRatio": 0.047309833,
        "incomeTaxExpense": 2100000,
        "netIncome": 3000000,
        "netIncomeRatio": 0.0278293135,
        "eps": 0.0533,
        "epsdiluted": 0.0533,
        "weightedAverageShsOut": 56306306,
        "weightedAverageShsOutDil": 56306306,
        "link": "",
        "finalLink": ""
    },
    {
        "date": "1993-03-31",
        "symbol": "MSA",
        "reportedCurrency": "USD",
        "cik": "0000066570",
        "fillingDate": "1993-03-31",
        "acceptedDate": "1993-03-30 19:00:00",
        "calendarYear": "1993",
        "period": "Q1",
        "revenue": 104900000,
        "costOfRevenue": 66400000,
        "grossProfit": 38500000,
        "grossProfitRatio": 0.3670162059,
        "researchAndDevelopmentExpenses": 0,
        "generalAndAdministrativeExpenses": 0,
        "sellingAndMarketingExpenses": 0,
        "sellingGeneralAndAdministrativeExpenses": 29900000,
        "otherExpenses": 4000000,
        "operatingExpenses": 33900000,
        "costAndExpenses": 100300000,
        "interestIncome": 0,
        "interestExpense": 0,
        "depreciationAndAmortization": 4000000,
        "ebitda": 8600000,
        "ebitdaratio": 0.0819828408,
        "operatingIncome": 4600000,
        "operatingIncomeRatio": 0.0438512869,
        "totalOtherIncomeExpensesNet": 0,
        "incomeBeforeTax": 4600000,
        "incomeBeforeTaxRatio": 0.0438512869,
        "incomeTaxExpense": 2100000,
        "netIncome": 2500000,
        "netIncomeRatio": 0.0238322212,
        "eps": 0.0466,
        "epsdiluted": 0.0466,
        "weightedAverageShsOut": 53625054,
        "weightedAverageShsOutDil": 53625054,
        "link": "",
        "finalLink": ""
    },
    {
        "date": "1992-12-31",
        "symbol": "MSA",
        "reportedCurrency": "USD",
        "cik": "0000066570",
        "fillingDate": "1992-12-31",
        "acceptedDate": "1992-12-30 19:00:00",
        "calendarYear": "1992",
        "period": "Q4",
        "revenue": 119200000,
        "costOfRevenue": 73800000,
        "grossProfit": 45400000,
        "grossProfitRatio": 0.3808724832,
        "researchAndDevelopmentExpenses": 0,
        "generalAndAdministrativeExpenses": 0,
        "sellingAndMarketingExpenses": 0,
        "sellingGeneralAndAdministrativeExpenses": 40700000,
        "otherExpenses": 2800000,
        "operatingExpenses": 43500000,
        "costAndExpenses": 117300000,
        "interestIncome": 0,
        "interestExpense": 0,
        "depreciationAndAmortization": 2800000,
        "ebitda": 4700000,
        "ebitdaratio": 0.0394295302,
        "operatingIncome": 1900000,
        "operatingIncomeRatio": 0.0159395973,
        "totalOtherIncomeExpensesNet": 4500000,
        "incomeBeforeTax": 6400000,
        "incomeBeforeTaxRatio": 0.0536912752,
        "incomeTaxExpense": 700000,
        "netIncome": -8400000,
        "netIncomeRatio": -0.0704697987,
        "eps": -0.15,
        "epsdiluted": -0.15,
        "weightedAverageShsOut": 57557558,
        "weightedAverageShsOutDil": 57557558,
        "link": "",
        "finalLink": ""
    },
    {
        "date": "1992-09-30",
        "symbol": "MSA",
        "reportedCurrency": "USD",
        "cik": "0000066570",
        "fillingDate": "1992-09-30",
        "acceptedDate": "1992-09-29 20:00:00",
        "calendarYear": "1992",
        "period": "Q3",
        "revenue": 126000000,
        "costOfRevenue": 84600000,
        "grossProfit": 41400000,
        "grossProfitRatio": 0.3285714286,
        "researchAndDevelopmentExpenses": 0,
        "generalAndAdministrativeExpenses": 0,
        "sellingAndMarketingExpenses": 0,
        "sellingGeneralAndAdministrativeExpenses": 33800000,
        "otherExpenses": 5100000,
        "operatingExpenses": 38900000,
        "costAndExpenses": 123500000,
        "interestIncome": 0,
        "interestExpense": 0,
        "depreciationAndAmortization": 5000000,
        "ebitda": 7600000,
        "ebitdaratio": 0.0603174603,
        "operatingIncome": 2500000,
        "operatingIncomeRatio": 0.0198412698,
        "totalOtherIncomeExpensesNet": 2500000,
        "incomeBeforeTax": 5000000,
        "incomeBeforeTaxRatio": 0.0396825397,
        "incomeTaxExpense": 2700000,
        "netIncome": 2300000,
        "netIncomeRatio": 0.0182539683,
        "eps": 0.04,
        "epsdiluted": 0.04,
        "weightedAverageShsOut": 57557558,
        "weightedAverageShsOutDil": 57557558,
        "link": "",
        "finalLink": ""
    },
    {
        "date": "1992-06-30",
        "symbol": "MSA",
        "reportedCurrency": "USD",
        "cik": "0000066570",
        "fillingDate": "1992-06-30",
        "acceptedDate": "1992-06-29 20:00:00",
        "calendarYear": "1992",
        "period": "Q2",
        "revenue": 128900000,
        "costOfRevenue": 84300000,
        "grossProfit": 44600000,
        "grossProfitRatio": 0.3460046548,
        "researchAndDevelopmentExpenses": 0,
        "generalAndAdministrativeExpenses": 0,
        "sellingAndMarketingExpenses": 0,
        "sellingGeneralAndAdministrativeExpenses": 32800000,
        "otherExpenses": 4500000,
        "operatingExpenses": 37300000,
        "costAndExpenses": 121600000,
        "interestIncome": 0,
        "interestExpense": 0,
        "depreciationAndAmortization": 4500000,
        "ebitda": 11800000,
        "ebitdaratio": 0.0915438324,
        "operatingIncome": 7300000,
        "operatingIncomeRatio": 0.0566330489,
        "totalOtherIncomeExpensesNet": 2100000,
        "incomeBeforeTax": 9400000,
        "incomeBeforeTaxRatio": 0.0729247479,
        "incomeTaxExpense": 4300000,
        "netIncome": 5100000,
        "netIncomeRatio": 0.0395655547,
        "eps": 0.0899,
        "epsdiluted": 0.0899,
        "weightedAverageShsOut": 56723390,
        "weightedAverageShsOutDil": 56723390,
        "link": "",
        "finalLink": ""
    },
    {
        "date": "1992-03-31",
        "symbol": "MSA",
        "reportedCurrency": "USD",
        "cik": "0000066570",
        "fillingDate": "1992-03-31",
        "acceptedDate": "1992-03-30 19:00:00",
        "calendarYear": "1992",
        "period": "Q1",
        "revenue": 128200000,
        "costOfRevenue": 85000000,
        "grossProfit": 43200000,
        "grossProfitRatio": 0.3369734789,
        "researchAndDevelopmentExpenses": 0,
        "generalAndAdministrativeExpenses": 0,
        "sellingAndMarketingExpenses": 0,
        "sellingGeneralAndAdministrativeExpenses": 32700000,
        "otherExpenses": 4500000,
        "operatingExpenses": 37200000,
        "costAndExpenses": 122200000,
        "interestIncome": 0,
        "interestExpense": 0,
        "depreciationAndAmortization": 4500000,
        "ebitda": 10500000,
        "ebitdaratio": 0.0819032761,
        "operatingIncome": 6000000,
        "operatingIncomeRatio": 0.0468018721,
        "totalOtherIncomeExpensesNet": 1000000,
        "incomeBeforeTax": 7000000,
        "incomeBeforeTaxRatio": 0.0546021841,
        "incomeTaxExpense": 3400000,
        "netIncome": 3600000,
        "netIncomeRatio": 0.0280811232,
        "eps": 0.0633,
        "epsdiluted": 0.0633,
        "weightedAverageShsOut": 56899004,
        "weightedAverageShsOutDil": 56899004,
        "link": "",
        "finalLink": ""
    },
    {
        "date": "1991-12-31",
        "symbol": "MSA",
        "reportedCurrency": "USD",
        "cik": "0000066570",
        "fillingDate": "1991-12-31",
        "acceptedDate": "1991-12-30 19:00:00",
        "calendarYear": "1991",
        "period": "Q4",
        "revenue": 134200000,
        "costOfRevenue": 92200000,
        "grossProfit": 42000000,
        "grossProfitRatio": 0.3129657228,
        "researchAndDevelopmentExpenses": 0,
        "generalAndAdministrativeExpenses": 0,
        "sellingAndMarketingExpenses": 0,
        "sellingGeneralAndAdministrativeExpenses": 34800000,
        "otherExpenses": 4900000,
        "operatingExpenses": 39700000,
        "costAndExpenses": 131900000,
        "interestIncome": 0,
        "interestExpense": 0,
        "depreciationAndAmortization": 4900000,
        "ebitda": 7200000,
        "ebitdaratio": 0.0536512668,
        "operatingIncome": 2300000,
        "operatingIncomeRatio": 0.0171385991,
        "totalOtherIncomeExpensesNet": 4000000,
        "incomeBeforeTax": 6300000,
        "incomeBeforeTaxRatio": 0.0469448584,
        "incomeTaxExpense": 2800000,
        "netIncome": 3500000,
        "netIncomeRatio": 0.0260804769,
        "eps": 0.0608,
        "epsdiluted": 0.0608,
        "weightedAverageShsOut": 56995531,
        "weightedAverageShsOutDil": 57557558,
        "link": "",
        "finalLink": ""
    },
    {
        "date": "1991-09-30",
        "symbol": "MSA",
        "reportedCurrency": "USD",
        "cik": "0000066570",
        "fillingDate": "1991-09-30",
        "acceptedDate": "1991-09-29 20:00:00",
        "calendarYear": "1991",
        "period": "Q3",
        "revenue": 123100000,
        "costOfRevenue": 79900000,
        "grossProfit": 43200000,
        "grossProfitRatio": 0.3509341998,
        "researchAndDevelopmentExpenses": 0,
        "generalAndAdministrativeExpenses": 0,
        "sellingAndMarketingExpenses": 0,
        "sellingGeneralAndAdministrativeExpenses": 30500000,
        "otherExpenses": 4400000,
        "operatingExpenses": 34900000,
        "costAndExpenses": 114800000,
        "interestIncome": 0,
        "interestExpense": 0,
        "depreciationAndAmortization": 4400000,
        "ebitda": 12700000,
        "ebitdaratio": 0.103168156,
        "operatingIncome": 8300000,
        "operatingIncomeRatio": 0.0674248578,
        "totalOtherIncomeExpensesNet": 1000000,
        "incomeBeforeTax": 9300000,
        "incomeBeforeTaxRatio": 0.0755483347,
        "incomeTaxExpense": 4700000,
        "netIncome": 4600000,
        "netIncomeRatio": 0.0373679935,
        "eps": 0.0799,
        "epsdiluted": 0.0799,
        "weightedAverageShsOut": 57557558,
        "weightedAverageShsOutDil": 57557558,
        "link": "",
        "finalLink": ""
    },
    {
        "date": "1991-06-30",
        "symbol": "MSA",
        "reportedCurrency": "USD",
        "cik": "0000066570",
        "fillingDate": "1991-06-30",
        "acceptedDate": "1991-06-29 20:00:00",
        "calendarYear": "1991",
        "period": "Q2",
        "revenue": 124900000,
        "costOfRevenue": 80900000,
        "grossProfit": 44000000,
        "grossProfitRatio": 0.3522818255,
        "researchAndDevelopmentExpenses": 0,
        "generalAndAdministrativeExpenses": 0,
        "sellingAndMarketingExpenses": 0,
        "sellingGeneralAndAdministrativeExpenses": 31500000,
        "otherExpenses": 4200000,
        "operatingExpenses": 35700000,
        "costAndExpenses": 116600000,
        "interestIncome": 0,
        "interestExpense": 0,
        "depreciationAndAmortization": 4200000,
        "ebitda": 12500000,
        "ebitdaratio": 0.1000800641,
        "operatingIncome": 8300000,
        "operatingIncomeRatio": 0.0664531625,
        "totalOtherIncomeExpensesNet": 1000000,
        "incomeBeforeTax": 9300000,
        "incomeBeforeTaxRatio": 0.0744595677,
        "incomeTaxExpense": 4300000,
        "netIncome": 5000000,
        "netIncomeRatio": 0.0400320256,
        "eps": 0.0866,
        "epsdiluted": 0.0866,
        "weightedAverageShsOut": 57750058,
        "weightedAverageShsOutDil": 57750058,
        "link": "",
        "finalLink": ""
    },
    {
        "date": "1991-03-31",
        "symbol": "MSA",
        "reportedCurrency": "USD",
        "cik": "0000066570",
        "fillingDate": "1991-03-31",
        "acceptedDate": "1991-03-30 19:00:00",
        "calendarYear": "1991",
        "period": "Q1",
        "revenue": 118400000,
        "costOfRevenue": 74100000,
        "grossProfit": 44300000,
        "grossProfitRatio": 0.3741554054,
        "researchAndDevelopmentExpenses": 0,
        "generalAndAdministrativeExpenses": 0,
        "sellingAndMarketingExpenses": 0,
        "sellingGeneralAndAdministrativeExpenses": 31500000,
        "otherExpenses": 4400000,
        "operatingExpenses": 35900000,
        "costAndExpenses": 110000000,
        "interestIncome": 0,
        "interestExpense": 0,
        "depreciationAndAmortization": 4400000,
        "ebitda": 12800000,
        "ebitdaratio": 0.1081081081,
        "operatingIncome": 8400000,
        "operatingIncomeRatio": 0.0709459459,
        "totalOtherIncomeExpensesNet": 1700000,
        "incomeBeforeTax": 10100000,
        "incomeBeforeTaxRatio": 0.0853040541,
        "incomeTaxExpense": 4500000,
        "netIncome": 5600000,
        "netIncomeRatio": 0.0472972973,
        "eps": 0.0966,
        "epsdiluted": 0.0966,
        "weightedAverageShsOut": 57989024,
        "weightedAverageShsOutDil": 57989024,
        "link": "",
        "finalLink": ""
    },
    {
        "date": "1990-12-31",
        "symbol": "MSA",
        "reportedCurrency": "USD",
        "cik": "0000066570",
        "fillingDate": "1990-12-31",
        "acceptedDate": "1990-12-30 19:00:00",
        "calendarYear": "1990",
        "period": "Q4",
        "revenue": 128700000,
        "costOfRevenue": 78800000,
        "grossProfit": 49900000,
        "grossProfitRatio": 0.3877233877,
        "researchAndDevelopmentExpenses": 0,
        "generalAndAdministrativeExpenses": 0,
        "sellingAndMarketingExpenses": 0,
        "sellingGeneralAndAdministrativeExpenses": 36500000,
        "otherExpenses": 4300000,
        "operatingExpenses": 40800000,
        "costAndExpenses": 119600000,
        "interestIncome": 0,
        "interestExpense": 0,
        "depreciationAndAmortization": 4300000,
        "ebitda": 13400000,
        "ebitdaratio": 0.1041181041,
        "operatingIncome": 9100000,
        "operatingIncomeRatio": 0.0707070707,
        "totalOtherIncomeExpensesNet": 5900000,
        "incomeBeforeTax": 15000000,
        "incomeBeforeTaxRatio": 0.1165501166,
        "incomeTaxExpense": 6600000,
        "netIncome": 8400000,
        "netIncomeRatio": 0.0652680653,
        "eps": 0.14,
        "epsdiluted": 0.14,
        "weightedAverageShsOut": 57904634,
        "weightedAverageShsOutDil": 58293588,
        "link": "",
        "finalLink": ""
    },
    {
        "date": "1990-09-30",
        "symbol": "MSA",
        "reportedCurrency": "USD",
        "cik": "0000066570",
        "fillingDate": "1990-09-30",
        "acceptedDate": "1990-09-29 20:00:00",
        "calendarYear": "1990",
        "period": "Q3",
        "revenue": 115300000,
        "costOfRevenue": 69400000,
        "grossProfit": 45900000,
        "grossProfitRatio": 0.3980919341,
        "researchAndDevelopmentExpenses": 0,
        "generalAndAdministrativeExpenses": 0,
        "sellingAndMarketingExpenses": 0,
        "sellingGeneralAndAdministrativeExpenses": 30200000,
        "otherExpenses": 3800000,
        "operatingExpenses": 34000000,
        "costAndExpenses": 103400000,
        "interestIncome": 0,
        "interestExpense": 0,
        "depreciationAndAmortization": 3800000,
        "ebitda": 15700000,
        "ebitdaratio": 0.1361665221,
        "operatingIncome": 11900000,
        "operatingIncomeRatio": 0.1032090199,
        "totalOtherIncomeExpensesNet": -200000,
        "incomeBeforeTax": 11700000,
        "incomeBeforeTaxRatio": 0.1014744146,
        "incomeTaxExpense": 5100000,
        "netIncome": 6600000,
        "netIncomeRatio": 0.0572419775,
        "eps": 0.11,
        "epsdiluted": 0.11,
        "weightedAverageShsOut": 58293588,
        "weightedAverageShsOutDil": 58293588,
        "link": "",
        "finalLink": ""
    },
    {
        "date": "1990-06-30",
        "symbol": "MSA",
        "reportedCurrency": "USD",
        "cik": "0000066570",
        "fillingDate": "1990-06-30",
        "acceptedDate": "1990-06-29 20:00:00",
        "calendarYear": "1990",
        "period": "Q2",
        "revenue": 118200000,
        "costOfRevenue": 71400000,
        "grossProfit": 46800000,
        "grossProfitRatio": 0.3959390863,
        "researchAndDevelopmentExpenses": 0,
        "generalAndAdministrativeExpenses": 0,
        "sellingAndMarketingExpenses": 0,
        "sellingGeneralAndAdministrativeExpenses": 29900000,
        "otherExpenses": 3400000,
        "operatingExpenses": 33300000,
        "costAndExpenses": 104700000,
        "interestIncome": 0,
        "interestExpense": 0,
        "depreciationAndAmortization": 3500000,
        "ebitda": 17000000,
        "ebitdaratio": 0.1438240271,
        "operatingIncome": 13500000,
        "operatingIncomeRatio": 0.114213198,
        "totalOtherIncomeExpensesNet": 100000,
        "incomeBeforeTax": 13600000,
        "incomeBeforeTaxRatio": 0.1150592217,
        "incomeTaxExpense": 5700000,
        "netIncome": 7900000,
        "netIncomeRatio": 0.0668358714,
        "eps": 0.13,
        "epsdiluted": 0.13,
        "weightedAverageShsOut": 59309309,
        "weightedAverageShsOutDil": 59309309,
        "link": "",
        "finalLink": ""
    },
    {
        "date": "1990-03-31",
        "symbol": "MSA",
        "reportedCurrency": "USD",
        "cik": "0000066570",
        "fillingDate": "1990-03-31",
        "acceptedDate": "1990-03-30 19:00:00",
        "calendarYear": "1990",
        "period": "Q1",
        "revenue": 112000000,
        "costOfRevenue": 68900000,
        "grossProfit": 43100000,
        "grossProfitRatio": 0.3848214286,
        "researchAndDevelopmentExpenses": 0,
        "generalAndAdministrativeExpenses": 0,
        "sellingAndMarketingExpenses": 0,
        "sellingGeneralAndAdministrativeExpenses": 29400000,
        "otherExpenses": 3400000,
        "operatingExpenses": 32800000,
        "costAndExpenses": 101700000,
        "interestIncome": 0,
        "interestExpense": 0,
        "depreciationAndAmortization": 3400000,
        "ebitda": 13700000,
        "ebitdaratio": 0.1223214286,
        "operatingIncome": 10300000,
        "operatingIncomeRatio": 0.0919642857,
        "totalOtherIncomeExpensesNet": 600000,
        "incomeBeforeTax": 10900000,
        "incomeBeforeTaxRatio": 0.0973214286,
        "incomeTaxExpense": 4500000,
        "netIncome": 6400000,
        "netIncomeRatio": 0.0571428571,
        "eps": 0.11,
        "epsdiluted": 0.11,
        "weightedAverageShsOut": 58240058,
        "weightedAverageShsOutDil": 58240058,
        "link": "",
        "finalLink": ""
    },
    {
        "date": "1989-12-31",
        "symbol": "MSA",
        "reportedCurrency": "USD",
        "cik": "0000066570",
        "fillingDate": "1989-12-31",
        "acceptedDate": "1989-12-30 19:00:00",
        "calendarYear": "1989",
        "period": "Q4",
        "revenue": 110400000,
        "costOfRevenue": 0,
        "grossProfit": 0,
        "grossProfitRatio": 0,
        "researchAndDevelopmentExpenses": 0,
        "generalAndAdministrativeExpenses": 0,
        "sellingAndMarketingExpenses": 0,
        "sellingGeneralAndAdministrativeExpenses": 0,
        "otherExpenses": 110400000,
        "operatingExpenses": 110400000,
        "costAndExpenses": 110400000,
        "interestIncome": 0,
        "interestExpense": 0,
        "depreciationAndAmortization": 0,
        "ebitda": -264100000,
        "ebitdaratio": -2.3922101449,
        "operatingIncome": -264100000,
        "operatingIncomeRatio": -2.3922101449,
        "totalOtherIncomeExpensesNet": 264100000,
        "incomeBeforeTax": 0,
        "incomeBeforeTaxRatio": 0,
        "incomeTaxExpense": 0,
        "netIncome": 0,
        "netIncomeRatio": 0,
        "eps": 0.14,
        "epsdiluted": 0.14,
        "weightedAverageShsOut": 57345634,
        "weightedAverageShsOutDil": 58923790,
        "link": "",
        "finalLink": ""
    },
    {
        "date": "1989-09-30",
        "symbol": "MSA",
        "reportedCurrency": "USD",
        "cik": "0000066570",
        "fillingDate": "1989-09-30",
        "acceptedDate": "1989-09-29 20:00:00",
        "calendarYear": "1989",
        "period": "Q3",
        "revenue": 100200000,
        "costOfRevenue": 0,
        "grossProfit": 0,
        "grossProfitRatio": 0,
        "researchAndDevelopmentExpenses": 0,
        "generalAndAdministrativeExpenses": 0,
        "sellingAndMarketingExpenses": 0,
        "sellingGeneralAndAdministrativeExpenses": 0,
        "otherExpenses": 100200000,
        "operatingExpenses": 100200000,
        "costAndExpenses": 100200000,
        "interestIncome": 0,
        "interestExpense": 0,
        "depreciationAndAmortization": 0,
        "ebitda": 100200000,
        "ebitdaratio": 1,
        "operatingIncome": 100200000,
        "operatingIncomeRatio": 1,
        "totalOtherIncomeExpensesNet": -100200000,
        "incomeBeforeTax": 0,
        "incomeBeforeTaxRatio": 0,
        "incomeTaxExpense": 0,
        "netIncome": 0,
        "netIncomeRatio": 0,
        "eps": 0.1,
        "epsdiluted": 0.1,
        "weightedAverageShsOut": 58923790,
        "weightedAverageShsOutDil": 58923790,
        "link": "",
        "finalLink": ""
    },
    {
        "date": "1989-06-30",
        "symbol": "MSA",
        "reportedCurrency": "USD",
        "cik": "0000066570",
        "fillingDate": "1989-06-30",
        "acceptedDate": "1989-06-29 20:00:00",
        "calendarYear": "1989",
        "period": "Q2",
        "revenue": 101700000,
        "costOfRevenue": 0,
        "grossProfit": 0,
        "grossProfitRatio": 0,
        "researchAndDevelopmentExpenses": 0,
        "generalAndAdministrativeExpenses": 0,
        "sellingAndMarketingExpenses": 0,
        "sellingGeneralAndAdministrativeExpenses": 0,
        "otherExpenses": 101700000,
        "operatingExpenses": 101700000,
        "costAndExpenses": 101700000,
        "interestIncome": 0,
        "interestExpense": 0,
        "depreciationAndAmortization": 0,
        "ebitda": 101700000,
        "ebitdaratio": 1,
        "operatingIncome": 101700000,
        "operatingIncomeRatio": 1,
        "totalOtherIncomeExpensesNet": -101700000,
        "incomeBeforeTax": 0,
        "incomeBeforeTaxRatio": 0,
        "incomeTaxExpense": 0,
        "netIncome": 0,
        "netIncomeRatio": 0,
        "eps": 0.12,
        "epsdiluted": 0.12,
        "weightedAverageShsOut": 59410763,
        "weightedAverageShsOutDil": 59410763,
        "link": "",
        "finalLink": ""
    },
    {
        "date": "1989-03-31",
        "symbol": "MSA",
        "reportedCurrency": "USD",
        "cik": "0000066570",
        "fillingDate": "1989-03-31",
        "acceptedDate": "1989-03-30 19:00:00",
        "calendarYear": "1989",
        "period": "Q1",
        "revenue": 102700000,
        "costOfRevenue": 0,
        "grossProfit": 0,
        "grossProfitRatio": 0,
        "researchAndDevelopmentExpenses": 0,
        "generalAndAdministrativeExpenses": 0,
        "sellingAndMarketingExpenses": 0,
        "sellingGeneralAndAdministrativeExpenses": 0,
        "otherExpenses": 102700000,
        "operatingExpenses": 102700000,
        "costAndExpenses": 102700000,
        "interestIncome": 0,
        "interestExpense": 0,
        "depreciationAndAmortization": 0,
        "ebitda": 102700000,
        "ebitdaratio": 1,
        "operatingIncome": 102700000,
        "operatingIncomeRatio": 1,
        "totalOtherIncomeExpensesNet": -102700000,
        "incomeBeforeTax": 0,
        "incomeBeforeTaxRatio": 0,
        "incomeTaxExpense": 0,
        "netIncome": 0,
        "netIncomeRatio": 0,
        "eps": 0.1,
        "epsdiluted": 0.1,
        "weightedAverageShsOut": 59410763,
        "weightedAverageShsOutDil": 59410763,
        "link": "",
        "finalLink": ""
    },
    {
        "date": "1988-12-31",
        "symbol": "MSA",
        "reportedCurrency": "USD",
        "cik": "0000066570",
        "fillingDate": "1988-12-31",
        "acceptedDate": "1988-12-30 19:00:00",
        "calendarYear": "1988",
        "period": "Q4",
        "revenue": 108600000,
        "costOfRevenue": 0,
        "grossProfit": 0,
        "grossProfitRatio": 0,
        "researchAndDevelopmentExpenses": 0,
        "generalAndAdministrativeExpenses": 0,
        "sellingAndMarketingExpenses": 0,
        "sellingGeneralAndAdministrativeExpenses": 0,
        "otherExpenses": 108600000,
        "operatingExpenses": 108600000,
        "costAndExpenses": 108600000,
        "interestIncome": 0,
        "interestExpense": 0,
        "depreciationAndAmortization": 0,
        "ebitda": -249800000,
        "ebitdaratio": -2.3001841621,
        "operatingIncome": -249800000,
        "operatingIncomeRatio": -2.3001841621,
        "totalOtherIncomeExpensesNet": 249800000,
        "incomeBeforeTax": 0,
        "incomeBeforeTaxRatio": 0,
        "incomeTaxExpense": 0,
        "netIncome": 0,
        "netIncomeRatio": 0,
        "eps": 0.13,
        "epsdiluted": 0.13,
        "weightedAverageShsOut": 59410763,
        "weightedAverageShsOutDil": 59455853,
        "link": "",
        "finalLink": ""
    },
    {
        "date": "1988-09-30",
        "symbol": "MSA",
        "reportedCurrency": "USD",
        "cik": "0000066570",
        "fillingDate": "1988-09-30",
        "acceptedDate": "1988-09-29 20:00:00",
        "calendarYear": "1988",
        "period": "Q3",
        "revenue": 94100000,
        "costOfRevenue": 0,
        "grossProfit": 0,
        "grossProfitRatio": 0,
        "researchAndDevelopmentExpenses": 0,
        "generalAndAdministrativeExpenses": 0,
        "sellingAndMarketingExpenses": 0,
        "sellingGeneralAndAdministrativeExpenses": 0,
        "otherExpenses": 94100000,
        "operatingExpenses": 94100000,
        "costAndExpenses": 94100000,
        "interestIncome": 0,
        "interestExpense": 0,
        "depreciationAndAmortization": 0,
        "ebitda": 94100000,
        "ebitdaratio": 1,
        "operatingIncome": 94100000,
        "operatingIncomeRatio": 1,
        "totalOtherIncomeExpensesNet": -94100000,
        "incomeBeforeTax": 0,
        "incomeBeforeTaxRatio": 0,
        "incomeTaxExpense": 0,
        "netIncome": 0,
        "netIncomeRatio": 0,
        "eps": 0.0966,
        "epsdiluted": 0.0966,
        "weightedAverageShsOut": 59455853,
        "weightedAverageShsOutDil": 59455853,
        "link": "",
        "finalLink": ""
    },
    {
        "date": "1988-06-30",
        "symbol": "MSA",
        "reportedCurrency": "USD",
        "cik": "0000066570",
        "fillingDate": "1988-06-30",
        "acceptedDate": "1988-06-29 20:00:00",
        "calendarYear": "1988",
        "period": "Q2",
        "revenue": 101500000,
        "costOfRevenue": 0,
        "grossProfit": 0,
        "grossProfitRatio": 0,
        "researchAndDevelopmentExpenses": 0,
        "generalAndAdministrativeExpenses": 0,
        "sellingAndMarketingExpenses": 0,
        "sellingGeneralAndAdministrativeExpenses": 0,
        "otherExpenses": 101500000,
        "operatingExpenses": 101500000,
        "costAndExpenses": 101500000,
        "interestIncome": 0,
        "interestExpense": 0,
        "depreciationAndAmortization": 0,
        "ebitda": 101500000,
        "ebitdaratio": 1,
        "operatingIncome": 101500000,
        "operatingIncomeRatio": 1,
        "totalOtherIncomeExpensesNet": -101500000,
        "incomeBeforeTax": 0,
        "incomeBeforeTaxRatio": 0,
        "incomeTaxExpense": 0,
        "netIncome": 0,
        "netIncomeRatio": 0,
        "eps": 0.11,
        "epsdiluted": 0.11,
        "weightedAverageShsOut": 59464871,
        "weightedAverageShsOutDil": 59464871,
        "link": "",
        "finalLink": ""
    },
    {
        "date": "1988-03-31",
        "symbol": "MSA",
        "reportedCurrency": "USD",
        "cik": "0000066570",
        "fillingDate": "1988-03-31",
        "acceptedDate": "1988-03-30 19:00:00",
        "calendarYear": "1988",
        "period": "Q1",
        "revenue": 93200000,
        "costOfRevenue": 0,
        "grossProfit": 0,
        "grossProfitRatio": 0,
        "researchAndDevelopmentExpenses": 0,
        "generalAndAdministrativeExpenses": 0,
        "sellingAndMarketingExpenses": 0,
        "sellingGeneralAndAdministrativeExpenses": 0,
        "otherExpenses": 93200000,
        "operatingExpenses": 93200000,
        "costAndExpenses": 93200000,
        "interestIncome": 0,
        "interestExpense": 0,
        "depreciationAndAmortization": 0,
        "ebitda": 93200000,
        "ebitdaratio": 1,
        "operatingIncome": 93200000,
        "operatingIncomeRatio": 1,
        "totalOtherIncomeExpensesNet": -93200000,
        "incomeBeforeTax": 0,
        "incomeBeforeTaxRatio": 0,
        "incomeTaxExpense": 0,
        "netIncome": 0,
        "netIncomeRatio": 0,
        "eps": 0.0733,
        "epsdiluted": 0.0733,
        "weightedAverageShsOut": 59807556,
        "weightedAverageShsOutDil": 59807556,
        "link": "",
        "finalLink": ""
    },
    {
        "date": "1987-12-31",
        "symbol": "MSA",
        "reportedCurrency": "USD",
        "cik": "0000066570",
        "fillingDate": "1987-12-31",
        "acceptedDate": "1987-12-30 19:00:00",
        "calendarYear": "1987",
        "period": "Q4",
        "revenue": 103200000,
        "costOfRevenue": 0,
        "grossProfit": 0,
        "grossProfitRatio": 0,
        "researchAndDevelopmentExpenses": 0,
        "generalAndAdministrativeExpenses": 0,
        "sellingAndMarketingExpenses": 0,
        "sellingGeneralAndAdministrativeExpenses": 0,
        "otherExpenses": 103200000,
        "operatingExpenses": 103200000,
        "costAndExpenses": 103200000,
        "interestIncome": 0,
        "interestExpense": 0,
        "depreciationAndAmortization": 0,
        "ebitda": -254500000,
        "ebitdaratio": -2.4660852713,
        "operatingIncome": -254500000,
        "operatingIncomeRatio": -2.4660852713,
        "totalOtherIncomeExpensesNet": 254500000,
        "incomeBeforeTax": 0,
        "incomeBeforeTaxRatio": 0,
        "incomeTaxExpense": 0,
        "netIncome": 0,
        "netIncomeRatio": 0,
        "eps": 0.13,
        "epsdiluted": 0.13,
        "weightedAverageShsOut": 59527997,
        "weightedAverageShsOutDil": 59807556,
        "link": "",
        "finalLink": ""
    },
    {
        "date": "1987-09-30",
        "symbol": "MSA",
        "reportedCurrency": "USD",
        "cik": "0000066570",
        "fillingDate": "1987-09-30",
        "acceptedDate": "1987-09-29 20:00:00",
        "calendarYear": "1987",
        "period": "Q3",
        "revenue": 88600000,
        "costOfRevenue": 0,
        "grossProfit": 0,
        "grossProfitRatio": 0,
        "researchAndDevelopmentExpenses": 0,
        "generalAndAdministrativeExpenses": 0,
        "sellingAndMarketingExpenses": 0,
        "sellingGeneralAndAdministrativeExpenses": 0,
        "otherExpenses": 88600000,
        "operatingExpenses": 88600000,
        "costAndExpenses": 88600000,
        "interestIncome": 0,
        "interestExpense": 0,
        "depreciationAndAmortization": 0,
        "ebitda": 88600000,
        "ebitdaratio": 1,
        "operatingIncome": 88600000,
        "operatingIncomeRatio": 1,
        "totalOtherIncomeExpensesNet": -88600000,
        "incomeBeforeTax": 0,
        "incomeBeforeTaxRatio": 0,
        "incomeTaxExpense": 0,
        "netIncome": 0,
        "netIncomeRatio": 0,
        "eps": 0.05,
        "epsdiluted": 0.05,
        "weightedAverageShsOut": 59807556,
        "weightedAverageShsOutDil": 59807556,
        "link": "",
        "finalLink": ""
    },
    {
        "date": "1987-06-30",
        "symbol": "MSA",
        "reportedCurrency": "USD",
        "cik": "0000066570",
        "fillingDate": "1987-06-30",
        "acceptedDate": "1987-06-29 20:00:00",
        "calendarYear": "1987",
        "period": "Q2",
        "revenue": 96500000,
        "costOfRevenue": 0,
        "grossProfit": 0,
        "grossProfitRatio": 0,
        "researchAndDevelopmentExpenses": 0,
        "generalAndAdministrativeExpenses": 0,
        "sellingAndMarketingExpenses": 0,
        "sellingGeneralAndAdministrativeExpenses": 0,
        "otherExpenses": 96500000,
        "operatingExpenses": 96500000,
        "costAndExpenses": 96500000,
        "interestIncome": 0,
        "interestExpense": 0,
        "depreciationAndAmortization": 0,
        "ebitda": 96500000,
        "ebitdaratio": 1,
        "operatingIncome": 96500000,
        "operatingIncomeRatio": 1,
        "totalOtherIncomeExpensesNet": -96500000,
        "incomeBeforeTax": 0,
        "incomeBeforeTaxRatio": 0,
        "incomeTaxExpense": 0,
        "netIncome": 0,
        "netIncomeRatio": 0,
        "eps": 0.0466,
        "epsdiluted": 0.0466,
        "weightedAverageShsOut": 59627195,
        "weightedAverageShsOutDil": 59627195,
        "link": "",
        "finalLink": ""
    },
    {
        "date": "1987-03-31",
        "symbol": "MSA",
        "reportedCurrency": "USD",
        "cik": "0000066570",
        "fillingDate": "1987-03-31",
        "acceptedDate": "1987-03-30 19:00:00",
        "calendarYear": "1987",
        "period": "Q1",
        "revenue": 94300000,
        "costOfRevenue": 0,
        "grossProfit": 0,
        "grossProfitRatio": 0,
        "researchAndDevelopmentExpenses": 0,
        "generalAndAdministrativeExpenses": 0,
        "sellingAndMarketingExpenses": 0,
        "sellingGeneralAndAdministrativeExpenses": 0,
        "otherExpenses": 94300000,
        "operatingExpenses": 94300000,
        "costAndExpenses": 94300000,
        "interestIncome": 0,
        "interestExpense": 0,
        "depreciationAndAmortization": 0,
        "ebitda": 94300000,
        "ebitdaratio": 1,
        "operatingIncome": 94300000,
        "operatingIncomeRatio": 1,
        "totalOtherIncomeExpensesNet": -94300000,
        "incomeBeforeTax": 0,
        "incomeBeforeTaxRatio": 0,
        "incomeTaxExpense": 0,
        "netIncome": 0,
        "netIncomeRatio": 0,
        "eps": 0.0067,
        "epsdiluted": 0.0067,
        "weightedAverageShsOut": 59699339,
        "weightedAverageShsOutDil": 59699339,
        "link": "",
        "finalLink": ""
    },
    {
        "date": "1986-12-31",
        "symbol": "MSA",
        "reportedCurrency": "USD",
        "cik": "0000066570",
        "fillingDate": "1986-12-31",
        "acceptedDate": "1986-12-30 19:00:00",
        "calendarYear": "1986",
        "period": "Q4",
        "revenue": 97800000,
        "costOfRevenue": 0,
        "grossProfit": 0,
        "grossProfitRatio": 0,
        "researchAndDevelopmentExpenses": 0,
        "generalAndAdministrativeExpenses": 0,
        "sellingAndMarketingExpenses": 0,
        "sellingGeneralAndAdministrativeExpenses": 0,
        "otherExpenses": 97800000,
        "operatingExpenses": 97800000,
        "costAndExpenses": 97800000,
        "interestIncome": 0,
        "interestExpense": 0,
        "depreciationAndAmortization": 0,
        "ebitda": -252500000,
        "ebitdaratio": -2.581799591,
        "operatingIncome": -252500000,
        "operatingIncomeRatio": -2.581799591,
        "totalOtherIncomeExpensesNet": 252500000,
        "incomeBeforeTax": 0,
        "incomeBeforeTaxRatio": 0,
        "incomeTaxExpense": 0,
        "netIncome": 0,
        "netIncomeRatio": 0,
        "eps": 0.12,
        "epsdiluted": 0.12,
        "weightedAverageShsOut": 59230402,
        "weightedAverageShsOutDil": 59744429,
        "link": "",
        "finalLink": ""
    },
    {
        "date": "1986-09-30",
        "symbol": "MSA",
        "reportedCurrency": "USD",
        "cik": "0000066570",
        "fillingDate": "1986-09-30",
        "acceptedDate": "1986-09-29 20:00:00",
        "calendarYear": "1986",
        "period": "Q3",
        "revenue": 90200000,
        "costOfRevenue": 0,
        "grossProfit": 0,
        "grossProfitRatio": 0,
        "researchAndDevelopmentExpenses": 0,
        "generalAndAdministrativeExpenses": 0,
        "sellingAndMarketingExpenses": 0,
        "sellingGeneralAndAdministrativeExpenses": 0,
        "otherExpenses": 90200000,
        "operatingExpenses": 90200000,
        "costAndExpenses": 90200000,
        "interestIncome": 0,
        "interestExpense": 0,
        "depreciationAndAmortization": 0,
        "ebitda": 90200000,
        "ebitdaratio": 1,
        "operatingIncome": 90200000,
        "operatingIncomeRatio": 1,
        "totalOtherIncomeExpensesNet": -90200000,
        "incomeBeforeTax": 0,
        "incomeBeforeTaxRatio": 0,
        "incomeTaxExpense": 0,
        "netIncome": 0,
        "netIncomeRatio": 0,
        "eps": 0.0699,
        "epsdiluted": 0.0699,
        "weightedAverageShsOut": 59744429,
        "weightedAverageShsOutDil": 59744429,
        "link": "",
        "finalLink": ""
    },
    {
        "date": "1986-06-30",
        "symbol": "MSA",
        "reportedCurrency": "USD",
        "cik": "0000066570",
        "fillingDate": "1986-06-30",
        "acceptedDate": "1986-06-29 20:00:00",
        "calendarYear": "1986",
        "period": "Q2",
        "revenue": 98600000,
        "costOfRevenue": 0,
        "grossProfit": 0,
        "grossProfitRatio": 0,
        "researchAndDevelopmentExpenses": 0,
        "generalAndAdministrativeExpenses": 0,
        "sellingAndMarketingExpenses": 0,
        "sellingGeneralAndAdministrativeExpenses": 0,
        "otherExpenses": 98600000,
        "operatingExpenses": 98600000,
        "costAndExpenses": 98600000,
        "interestIncome": 0,
        "interestExpense": 0,
        "depreciationAndAmortization": 0,
        "ebitda": 98600000,
        "ebitdaratio": 1,
        "operatingIncome": 98600000,
        "operatingIncomeRatio": 1,
        "totalOtherIncomeExpensesNet": -98600000,
        "incomeBeforeTax": 0,
        "incomeBeforeTaxRatio": 0,
        "incomeTaxExpense": 0,
        "netIncome": 0,
        "netIncomeRatio": 0,
        "eps": 0.0733,
        "epsdiluted": 0.0733,
        "weightedAverageShsOut": 59744429,
        "weightedAverageShsOutDil": 59744429,
        "link": "",
        "finalLink": ""
    },
    {
        "date": "1986-03-31",
        "symbol": "MSA",
        "reportedCurrency": "USD",
        "cik": "0000066570",
        "fillingDate": "1986-03-31",
        "acceptedDate": "1986-03-30 19:00:00",
        "calendarYear": "1986",
        "period": "Q1",
        "revenue": 102100000,
        "costOfRevenue": 0,
        "grossProfit": 0,
        "grossProfitRatio": 0,
        "researchAndDevelopmentExpenses": 0,
        "generalAndAdministrativeExpenses": 0,
        "sellingAndMarketingExpenses": 0,
        "sellingGeneralAndAdministrativeExpenses": 0,
        "otherExpenses": 102100000,
        "operatingExpenses": 102100000,
        "costAndExpenses": 102100000,
        "interestIncome": 0,
        "interestExpense": 0,
        "depreciationAndAmortization": 0,
        "ebitda": 102100000,
        "ebitdaratio": 1,
        "operatingIncome": 102100000,
        "operatingIncomeRatio": 1,
        "totalOtherIncomeExpensesNet": -102100000,
        "incomeBeforeTax": 0,
        "incomeBeforeTaxRatio": 0,
        "incomeTaxExpense": 0,
        "netIncome": 0,
        "netIncomeRatio": 0,
        "eps": 0.0932,
        "epsdiluted": 0.0932,
        "weightedAverageShsOut": 60023988,
        "weightedAverageShsOutDil": 60023988,
        "link": "",
        "finalLink": ""
    },
    {
        "date": "1985-12-31",
        "symbol": "MSA",
        "reportedCurrency": "USD",
        "cik": "0000066570",
        "fillingDate": "1985-12-31",
        "acceptedDate": "1985-12-30 19:00:00",
        "calendarYear": "1985",
        "period": "Q4",
        "revenue": 101900000,
        "costOfRevenue": 0,
        "grossProfit": 0,
        "grossProfitRatio": 0,
        "researchAndDevelopmentExpenses": 0,
        "generalAndAdministrativeExpenses": 0,
        "sellingAndMarketingExpenses": 0,
        "sellingGeneralAndAdministrativeExpenses": 0,
        "otherExpenses": 101900000,
        "operatingExpenses": 101900000,
        "costAndExpenses": 101900000,
        "interestIncome": 0,
        "interestExpense": 0,
        "depreciationAndAmortization": 0,
        "ebitda": -245500000,
        "ebitdaratio": -2.4092247301,
        "operatingIncome": -245500000,
        "operatingIncomeRatio": -2.4092247301,
        "totalOtherIncomeExpensesNet": 245500000,
        "incomeBeforeTax": 0,
        "incomeBeforeTaxRatio": 0,
        "incomeTaxExpense": 0,
        "netIncome": 0,
        "netIncomeRatio": 0,
        "eps": 0.12,
        "epsdiluted": 0.12,
        "weightedAverageShsOut": 60005952,
        "weightedAverageShsOutDil": 60023988,
        "link": "",
        "finalLink": ""
    },
    {
        "date": "1985-09-30",
        "symbol": "MSA",
        "reportedCurrency": "USD",
        "cik": "0000066570",
        "fillingDate": "1985-09-30",
        "acceptedDate": "1985-09-29 20:00:00",
        "calendarYear": "1985",
        "period": "Q3",
        "revenue": 96400000,
        "costOfRevenue": 0,
        "grossProfit": 0,
        "grossProfitRatio": 0,
        "researchAndDevelopmentExpenses": 0,
        "generalAndAdministrativeExpenses": 0,
        "sellingAndMarketingExpenses": 0,
        "sellingGeneralAndAdministrativeExpenses": 0,
        "otherExpenses": 96400000,
        "operatingExpenses": 96400000,
        "costAndExpenses": 96400000,
        "interestIncome": 0,
        "interestExpense": 0,
        "depreciationAndAmortization": 0,
        "ebitda": 96400000,
        "ebitdaratio": 1,
        "operatingIncome": 96400000,
        "operatingIncomeRatio": 1,
        "totalOtherIncomeExpensesNet": -96400000,
        "incomeBeforeTax": 0,
        "incomeBeforeTaxRatio": 0,
        "incomeTaxExpense": 0,
        "netIncome": 0,
        "netIncomeRatio": 0,
        "eps": 0.0932,
        "epsdiluted": 0.0932,
        "weightedAverageShsOut": 60023988,
        "weightedAverageShsOutDil": 60023988,
        "link": "",
        "finalLink": ""
    }
]