[
    {
        "date": "2023-12-31",
        "symbol": "MTL",
        "reportedCurrency": "RUB",
        "cik": "0001302362",
        "fillingDate": "2023-12-31",
        "acceptedDate": "2023-12-30 19:00:00",
        "calendarYear": "2023",
        "period": "Q4",
        "revenue": 105599000000,
        "costOfRevenue": 64566500000,
        "grossProfit": 41032500000,
        "grossProfitRatio": 0.3885690205,
        "researchAndDevelopmentExpenses": 0,
        "generalAndAdministrativeExpenses": 4816000000,
        "sellingAndMarketingExpenses": 16738500000,
        "sellingGeneralAndAdministrativeExpenses": 21749000000,
        "otherExpenses": 0,
        "operatingExpenses": 17098500000,
        "costAndExpenses": 81665000000,
        "interestIncome": 7763500000,
        "interestExpense": 0,
        "depreciationAndAmortization": 4161000000,
        "ebitda": 20295000000,
        "ebitdaratio": 0.19218932,
        "operatingIncome": 19306000000,
        "operatingIncomeRatio": 0.182823701,
        "totalOtherIncomeExpensesNet": -3135500000,
        "incomeBeforeTax": 16170500000,
        "incomeBeforeTaxRatio": 0.153131185,
        "incomeTaxExpense": 2310000000,
        "netIncome": 12899500000,
        "netIncomeRatio": 0.1221555128,
        "eps": 63.74,
        "epsdiluted": 63.74,
        "weightedAverageShsOut": 202388064,
        "weightedAverageShsOutDil": 202388063,
        "link": "http://www.cbr.ru/eng/search/?text=MTLRP&category=Any&time=Any&dateFrom=&dateTo=",
        "finalLink": "http://www.cbr.ru/eng/search/?text=MTLRP&category=Any&time=Any&dateFrom=&dateTo="
    },
    {
        "date": "2023-09-30",
        "symbol": "MTL",
        "reportedCurrency": "RUB",
        "cik": "0001302362",
        "fillingDate": "2023-09-30",
        "acceptedDate": "2023-09-29 20:00:00",
        "calendarYear": "2023",
        "period": "Q3",
        "revenue": 105599000000,
        "costOfRevenue": 64566500000,
        "grossProfit": 41032500000,
        "grossProfitRatio": 0.3885690205,
        "researchAndDevelopmentExpenses": 0,
        "generalAndAdministrativeExpenses": 4816000000,
        "sellingAndMarketingExpenses": 16738500000,
        "sellingGeneralAndAdministrativeExpenses": 21749000000,
        "otherExpenses": 0,
        "operatingExpenses": 17098500000,
        "costAndExpenses": 81665000000,
        "interestIncome": 7763500000,
        "interestExpense": 0,
        "depreciationAndAmortization": 4161000000,
        "ebitda": 20295000000,
        "ebitdaratio": 0.19218932,
        "operatingIncome": 19306000000,
        "operatingIncomeRatio": 0.182823701,
        "totalOtherIncomeExpensesNet": -3135500000,
        "incomeBeforeTax": 16170500000,
        "incomeBeforeTaxRatio": 0.153131185,
        "incomeTaxExpense": 2310000000,
        "netIncome": 12899500000,
        "netIncomeRatio": 0.1221555128,
        "eps": 63.74,
        "epsdiluted": 63.74,
        "weightedAverageShsOut": 202388064,
        "weightedAverageShsOutDil": 202388063,
        "link": "http://www.cbr.ru/eng/search/?text=MTLRP&category=Any&time=Any&dateFrom=&dateTo=",
        "finalLink": "http://www.cbr.ru/eng/search/?text=MTLRP&category=Any&time=Any&dateFrom=&dateTo="
    },
    {
        "date": "2023-06-30",
        "symbol": "MTL",
        "reportedCurrency": "RUB",
        "cik": "0001302362",
        "fillingDate": "2023-06-30",
        "acceptedDate": "2023-06-29 20:00:00",
        "calendarYear": "2023",
        "period": "Q2",
        "revenue": 97343000000,
        "costOfRevenue": 60603500000,
        "grossProfit": 36739500000,
        "grossProfitRatio": 0.3774231326,
        "researchAndDevelopmentExpenses": 0,
        "generalAndAdministrativeExpenses": 4655500000,
        "sellingAndMarketingExpenses": 14708500000,
        "sellingGeneralAndAdministrativeExpenses": 19783000000,
        "otherExpenses": 0,
        "operatingExpenses": 34906500000,
        "costAndExpenses": 95510000000,
        "interestIncome": 5519500000,
        "interestExpense": 0,
        "depreciationAndAmortization": 3755500000,
        "ebitda": 20216000000,
        "ebitdaratio": 0.2076780046,
        "operatingIncome": 16460500000,
        "operatingIncomeRatio": 0.1690979321,
        "totalOtherIncomeExpensesNet": -20147000000,
        "incomeBeforeTax": -3686500000,
        "incomeBeforeTaxRatio": -0.0378712388,
        "incomeTaxExpense": 1949500000,
        "netIncome": -1739000000,
        "netIncomeRatio": -0.0178646641,
        "eps": -8.6,
        "epsdiluted": -8.6,
        "weightedAverageShsOut": 202388109,
        "weightedAverageShsOutDil": 202388063,
        "link": "http://www.cbr.ru/eng/search/?text=MTLRP&category=Any&time=Any&dateFrom=&dateTo=",
        "finalLink": "http://www.cbr.ru/eng/search/?text=MTLRP&category=Any&time=Any&dateFrom=&dateTo="
    },
    {
        "date": "2023-03-31",
        "symbol": "MTL",
        "reportedCurrency": "RUB",
        "cik": "0001302362",
        "fillingDate": "2023-03-31",
        "acceptedDate": "2023-03-30 20:00:00",
        "calendarYear": "2023",
        "period": "Q1",
        "revenue": 97343000000,
        "costOfRevenue": 60603500000,
        "grossProfit": 36739500000,
        "grossProfitRatio": 0.3774231326,
        "researchAndDevelopmentExpenses": 0,
        "generalAndAdministrativeExpenses": 4655500000,
        "sellingAndMarketingExpenses": 14708500000,
        "sellingGeneralAndAdministrativeExpenses": 19783000000,
        "otherExpenses": 0,
        "operatingExpenses": 34906500000,
        "costAndExpenses": 95510000000,
        "interestIncome": 5519500000,
        "interestExpense": 0,
        "depreciationAndAmortization": 3755500000,
        "ebitda": 20216000000,
        "ebitdaratio": 0.2076780046,
        "operatingIncome": 16460500000,
        "operatingIncomeRatio": 0.1690979321,
        "totalOtherIncomeExpensesNet": -20147000000,
        "incomeBeforeTax": -3686500000,
        "incomeBeforeTaxRatio": -0.0378712388,
        "incomeTaxExpense": 1949500000,
        "netIncome": -1739000000,
        "netIncomeRatio": -0.0178646641,
        "eps": -8.6,
        "epsdiluted": -8.6,
        "weightedAverageShsOut": 202388109,
        "weightedAverageShsOutDil": 202388063,
        "link": "http://www.cbr.ru/eng/search/?text=MTLRP&category=Any&time=Any&dateFrom=&dateTo=",
        "finalLink": "http://www.cbr.ru/eng/search/?text=MTLRP&category=Any&time=Any&dateFrom=&dateTo="
    },
    {
        "date": "2022-12-31",
        "symbol": "MTL",
        "reportedCurrency": "RUB",
        "cik": "0001302362",
        "fillingDate": "2022-12-31",
        "acceptedDate": "2022-12-30 19:00:00",
        "calendarYear": "2022",
        "period": "Q4",
        "revenue": 92445500000,
        "costOfRevenue": 58531500000,
        "grossProfit": 33914000000,
        "grossProfitRatio": 0.3668539842,
        "researchAndDevelopmentExpenses": 0,
        "generalAndAdministrativeExpenses": 4299000000,
        "sellingAndMarketingExpenses": 14646000000,
        "sellingGeneralAndAdministrativeExpenses": 19208500000,
        "otherExpenses": 0,
        "operatingExpenses": 33280000000,
        "costAndExpenses": 91811500000,
        "interestIncome": 5650000000,
        "interestExpense": 0,
        "depreciationAndAmortization": 3674500000,
        "ebitda": 16193000000,
        "ebitdaratio": 0.1751626634,
        "operatingIncome": 14986500000,
        "operatingIncomeRatio": 0.1621117307,
        "totalOtherIncomeExpensesNet": -20002500000,
        "incomeBeforeTax": -5016000000,
        "incomeBeforeTaxRatio": -0.0542589958,
        "incomeTaxExpense": 1269500000,
        "netIncome": -3232000000,
        "netIncomeRatio": -0.0349611393,
        "eps": -15.96,
        "epsdiluted": -15.96,
        "weightedAverageShsOut": 202388079,
        "weightedAverageShsOutDil": 202388063,
        "link": "http://www.cbr.ru/eng/search/?text=MTLRP&category=Any&time=Any&dateFrom=&dateTo=",
        "finalLink": "http://www.cbr.ru/eng/search/?text=MTLRP&category=Any&time=Any&dateFrom=&dateTo="
    },
    {
        "date": "2022-09-30",
        "symbol": "MTL",
        "reportedCurrency": "RUB",
        "cik": "0001302362",
        "fillingDate": "2022-09-30",
        "acceptedDate": "2022-09-29 20:00:00",
        "calendarYear": "2022",
        "period": "Q3",
        "revenue": 92445500000,
        "costOfRevenue": 58531500000,
        "grossProfit": 33914000000,
        "grossProfitRatio": 0.3668539842,
        "researchAndDevelopmentExpenses": 0,
        "generalAndAdministrativeExpenses": 4299000000,
        "sellingAndMarketingExpenses": 14646000000,
        "sellingGeneralAndAdministrativeExpenses": 19208500000,
        "otherExpenses": 0,
        "operatingExpenses": 33280000000,
        "costAndExpenses": 91811500000,
        "interestIncome": 5650000000,
        "interestExpense": 0,
        "depreciationAndAmortization": 3674500000,
        "ebitda": 16193000000,
        "ebitdaratio": 0.1751626634,
        "operatingIncome": 14986500000,
        "operatingIncomeRatio": 0.1621117307,
        "totalOtherIncomeExpensesNet": -20002500000,
        "incomeBeforeTax": -5016000000,
        "incomeBeforeTaxRatio": -0.0542589958,
        "incomeTaxExpense": 1269500000,
        "netIncome": -3232000000,
        "netIncomeRatio": -0.0349611393,
        "eps": -15.96,
        "epsdiluted": -15.96,
        "weightedAverageShsOut": 202388079,
        "weightedAverageShsOutDil": 202388063,
        "link": "http://www.cbr.ru/eng/search/?text=MTLRP&category=Any&time=Any&dateFrom=&dateTo=",
        "finalLink": "http://www.cbr.ru/eng/search/?text=MTLRP&category=Any&time=Any&dateFrom=&dateTo="
    },
    {
        "date": "2022-06-30",
        "symbol": "MTL",
        "reportedCurrency": "RUB",
        "cik": "0001302362",
        "fillingDate": "2022-06-30",
        "acceptedDate": "2022-06-29 20:00:00",
        "calendarYear": "2022",
        "period": "Q2",
        "revenue": 124577000000,
        "costOfRevenue": 69411500000,
        "grossProfit": 55165500000,
        "grossProfitRatio": 0.4428225114,
        "researchAndDevelopmentExpenses": 0,
        "generalAndAdministrativeExpenses": 4608500000,
        "sellingAndMarketingExpenses": 14778500000,
        "sellingGeneralAndAdministrativeExpenses": 19702500000,
        "otherExpenses": 0,
        "operatingExpenses": 2866500000,
        "costAndExpenses": 72278000000,
        "interestIncome": 7465500000,
        "interestExpense": 0,
        "depreciationAndAmortization": 3504000000,
        "ebitda": 38648500000,
        "ebitdaratio": 0.3102378449,
        "operatingIncome": 35144500000,
        "operatingIncomeRatio": 0.2821106625,
        "totalOtherIncomeExpensesNet": 9689000000,
        "incomeBeforeTax": 44833500000,
        "incomeBeforeTaxRatio": 0.3598858537,
        "incomeTaxExpense": 8501500000,
        "netIncome": 34706000000,
        "netIncomeRatio": 0.2785907511,
        "eps": 171.48,
        "epsdiluted": 171.48,
        "weightedAverageShsOut": 202388064,
        "weightedAverageShsOutDil": 202388063,
        "link": "http://www.cbr.ru/eng/search/?text=MTLRP&category=Any&time=Any&dateFrom=&dateTo=",
        "finalLink": "http://www.cbr.ru/eng/search/?text=MTLRP&category=Any&time=Any&dateFrom=&dateTo="
    },
    {
        "date": "2022-03-31",
        "symbol": "MTL",
        "reportedCurrency": "RUB",
        "cik": "0001302362",
        "fillingDate": "2022-03-31",
        "acceptedDate": "2022-03-30 20:00:00",
        "calendarYear": "2022",
        "period": "Q1",
        "revenue": 124577000000,
        "costOfRevenue": 69411500000,
        "grossProfit": 55165500000,
        "grossProfitRatio": 0.4428225114,
        "researchAndDevelopmentExpenses": 0,
        "generalAndAdministrativeExpenses": 4608500000,
        "sellingAndMarketingExpenses": 14778500000,
        "sellingGeneralAndAdministrativeExpenses": 19702500000,
        "otherExpenses": 0,
        "operatingExpenses": 2866500000,
        "costAndExpenses": 72278000000,
        "interestIncome": 7465500000,
        "interestExpense": 0,
        "depreciationAndAmortization": 3504000000,
        "ebitda": 38648500000,
        "ebitdaratio": 0.3102378449,
        "operatingIncome": 35144500000,
        "operatingIncomeRatio": 0.2821106625,
        "totalOtherIncomeExpensesNet": 9689000000,
        "incomeBeforeTax": 44833500000,
        "incomeBeforeTaxRatio": 0.3598858537,
        "incomeTaxExpense": 8501500000,
        "netIncome": 34706000000,
        "netIncomeRatio": 0.2785907511,
        "eps": 171.48,
        "epsdiluted": 171.48,
        "weightedAverageShsOut": 202388064,
        "weightedAverageShsOutDil": 202388063,
        "link": "http://www.cbr.ru/eng/search/?text=MTLRP&category=Any&time=Any&dateFrom=&dateTo=",
        "finalLink": "http://www.cbr.ru/eng/search/?text=MTLRP&category=Any&time=Any&dateFrom=&dateTo="
    },
    {
        "date": "2021-12-31",
        "symbol": "MTL",
        "reportedCurrency": "RUB",
        "cik": "0001302362",
        "fillingDate": "2021-12-31",
        "acceptedDate": "2021-12-30 19:00:00",
        "calendarYear": "2021",
        "period": "Q4",
        "revenue": 114251000000,
        "costOfRevenue": 63598000000,
        "grossProfit": 50653000000,
        "grossProfitRatio": 0.4433484171,
        "researchAndDevelopmentExpenses": 0,
        "generalAndAdministrativeExpenses": 3984000000,
        "sellingAndMarketingExpenses": 14420000000,
        "sellingGeneralAndAdministrativeExpenses": 18404000000,
        "otherExpenses": -559000000,
        "operatingExpenses": 17845000000,
        "costAndExpenses": 81443000000,
        "interestIncome": 274000000,
        "interestExpense": 6279000000,
        "depreciationAndAmortization": 3193000000,
        "ebitda": 35124000000,
        "ebitdaratio": 0.3074283814,
        "operatingIncome": 30426000000,
        "operatingIncomeRatio": 0.2663083912,
        "totalOtherIncomeExpensesNet": -4776000000,
        "incomeBeforeTax": 25650000000,
        "incomeBeforeTaxRatio": 0.2245056936,
        "incomeTaxExpense": -2005000000,
        "netIncome": 27488000000,
        "netIncomeRatio": 0.2405930801,
        "eps": 112.48,
        "epsdiluted": 112.48,
        "weightedAverageShsOut": 244369702,
        "weightedAverageShsOutDil": 244369702,
        "link": "http://www.cbr.ru/eng/search/?text=MTLRP&category=Any&time=Any&dateFrom=&dateTo=",
        "finalLink": "http://www.cbr.ru/eng/search/?text=MTLRP&category=Any&time=Any&dateFrom=&dateTo="
    },
    {
        "date": "2021-09-30",
        "symbol": "MTL",
        "reportedCurrency": "RUB",
        "cik": "0001302362",
        "fillingDate": "2021-09-30",
        "acceptedDate": "2021-09-29 20:00:00",
        "calendarYear": "2021",
        "period": "Q3",
        "revenue": 102913000000,
        "costOfRevenue": 56590000000,
        "grossProfit": 46323000000,
        "grossProfitRatio": 0.4501180609,
        "researchAndDevelopmentExpenses": 0,
        "generalAndAdministrativeExpenses": 3869000000,
        "sellingAndMarketingExpenses": 13273000000,
        "sellingGeneralAndAdministrativeExpenses": 17142000000,
        "otherExpenses": 294000000,
        "operatingExpenses": 17436000000,
        "costAndExpenses": 74026000000,
        "interestIncome": 56000000,
        "interestExpense": 6138000000,
        "depreciationAndAmortization": 2996000000,
        "ebitda": 33654000000,
        "ebitdaratio": 0.3270140799,
        "operatingIncome": 28887000000,
        "operatingIncomeRatio": 0.2806934012,
        "totalOtherIncomeExpensesNet": -4371000000,
        "incomeBeforeTax": 24516000000,
        "incomeBeforeTaxRatio": 0.238220633,
        "incomeTaxExpense": 2472000000,
        "netIncome": 21277000000,
        "netIncomeRatio": 0.2067474469,
        "eps": 87.06,
        "epsdiluted": 87.06,
        "weightedAverageShsOut": 244369702,
        "weightedAverageShsOutDil": 244369702,
        "link": "http://www.cbr.ru/eng/search/?text=MTLRP&category=Any&time=Any&dateFrom=&dateTo=",
        "finalLink": "http://www.cbr.ru/eng/search/?text=MTLRP&category=Any&time=Any&dateFrom=&dateTo="
    },
    {
        "date": "2021-06-30",
        "symbol": "MTL",
        "reportedCurrency": "RUB",
        "cik": "0001302362",
        "fillingDate": "2021-06-30",
        "acceptedDate": "2021-06-29 20:00:00",
        "calendarYear": "2021",
        "period": "Q2",
        "revenue": 108862000000,
        "costOfRevenue": 59516000000,
        "grossProfit": 49346000000,
        "grossProfitRatio": 0.4532894858,
        "researchAndDevelopmentExpenses": 0,
        "generalAndAdministrativeExpenses": 4090000000,
        "sellingAndMarketingExpenses": 14551000000,
        "sellingGeneralAndAdministrativeExpenses": 18641000000,
        "otherExpenses": 123000000,
        "operatingExpenses": 18764000000,
        "costAndExpenses": 78280000000,
        "interestIncome": 175000000,
        "interestExpense": 5691000000,
        "depreciationAndAmortization": 3602000000,
        "ebitda": 38963000000,
        "ebitdaratio": 0.3579118517,
        "operatingIncome": 30378000000,
        "operatingIncomeRatio": 0.2790505411,
        "totalOtherIncomeExpensesNet": -709000000,
        "incomeBeforeTax": 29669000000,
        "incomeBeforeTaxRatio": 0.2725377083,
        "incomeTaxExpense": 5186000000,
        "netIncome": 23909000000,
        "netIncomeRatio": 0.2196266833,
        "eps": 97.84,
        "epsdiluted": 97.84,
        "weightedAverageShsOut": 244369702,
        "weightedAverageShsOutDil": 244369702,
        "link": "http://www.cbr.ru/eng/search/?text=MTLRP&category=Any&time=Any&dateFrom=&dateTo=",
        "finalLink": "http://www.cbr.ru/eng/search/?text=MTLRP&category=Any&time=Any&dateFrom=&dateTo="
    },
    {
        "date": "2021-03-31",
        "symbol": "MTL",
        "reportedCurrency": "RUB",
        "cik": "0001302362",
        "fillingDate": "2021-03-31",
        "acceptedDate": "2021-03-30 20:00:00",
        "calendarYear": "2021",
        "period": "Q1",
        "revenue": 76048000000,
        "costOfRevenue": 44289000000,
        "grossProfit": 31759000000,
        "grossProfitRatio": 0.4176178203,
        "researchAndDevelopmentExpenses": 0,
        "generalAndAdministrativeExpenses": 4570000000,
        "sellingAndMarketingExpenses": 12477000000,
        "sellingGeneralAndAdministrativeExpenses": 17047000000,
        "otherExpenses": 1424000000,
        "operatingExpenses": 18471000000,
        "costAndExpenses": 62760000000,
        "interestIncome": 171000000,
        "interestExpense": 5263000000,
        "depreciationAndAmortization": 3566000000,
        "ebitda": 18124000000,
        "ebitdaratio": 0.2383231643,
        "operatingIncome": 12975000000,
        "operatingIncomeRatio": 0.1706159268,
        "totalOtherIncomeExpensesNet": -3680000000,
        "incomeBeforeTax": 9295000000,
        "incomeBeforeTaxRatio": 0.1222254366,
        "incomeTaxExpense": 858000000,
        "netIncome": 7896000000,
        "netIncomeRatio": 0.1038291605,
        "eps": 32.32,
        "epsdiluted": 32.32,
        "weightedAverageShsOut": 244369702,
        "weightedAverageShsOutDil": 244369702,
        "link": "http://www.cbr.ru/eng/search/?text=MTLRP&category=Any&time=Any&dateFrom=&dateTo=",
        "finalLink": "http://www.cbr.ru/eng/search/?text=MTLRP&category=Any&time=Any&dateFrom=&dateTo="
    },
    {
        "date": "2020-12-31",
        "symbol": "MTL",
        "reportedCurrency": "RUB",
        "cik": "0001302362",
        "fillingDate": "2020-12-31",
        "acceptedDate": "2020-12-30 19:00:00",
        "calendarYear": "2020",
        "period": "Q4",
        "revenue": 69257000000,
        "costOfRevenue": 45800000000,
        "grossProfit": 23457000000,
        "grossProfitRatio": 0.3386950056,
        "researchAndDevelopmentExpenses": 0,
        "generalAndAdministrativeExpenses": 3428000000,
        "sellingAndMarketingExpenses": 12936000000,
        "sellingGeneralAndAdministrativeExpenses": 16364000000,
        "otherExpenses": -878000000,
        "operatingExpenses": 15486000000,
        "costAndExpenses": 61286000000,
        "interestIncome": 2735000000,
        "interestExpense": 5501000000,
        "depreciationAndAmortization": 4005000000,
        "ebitda": 21278000000,
        "ebitdaratio": 0.3072324819,
        "operatingIncome": 11090000000,
        "operatingIncomeRatio": 0.1601282181,
        "totalOtherIncomeExpensesNet": 3879000000,
        "incomeBeforeTax": 11781000000,
        "incomeBeforeTaxRatio": 0.1701055489,
        "incomeTaxExpense": -5334000000,
        "netIncome": 16571000000,
        "netIncomeRatio": 0.2392682328,
        "eps": 67.82,
        "epsdiluted": 67.82,
        "weightedAverageShsOut": 244369702,
        "weightedAverageShsOutDil": 244369702,
        "link": "http://www.cbr.ru/eng/search/?text=MTLRP&category=Any&time=Any&dateFrom=&dateTo=",
        "finalLink": "http://www.cbr.ru/eng/search/?text=MTLRP&category=Any&time=Any&dateFrom=&dateTo="
    },
    {
        "date": "2020-09-30",
        "symbol": "MTL",
        "reportedCurrency": "RUB",
        "cik": "0001302362",
        "fillingDate": "2020-09-30",
        "acceptedDate": "2020-09-29 20:00:00",
        "calendarYear": "2020",
        "period": "Q3",
        "revenue": 64424000000,
        "costOfRevenue": 39935000000,
        "grossProfit": 24489000000,
        "grossProfitRatio": 0.3801223147,
        "researchAndDevelopmentExpenses": 0,
        "generalAndAdministrativeExpenses": 4526000000,
        "sellingAndMarketingExpenses": 12761000000,
        "sellingGeneralAndAdministrativeExpenses": 17287000000,
        "otherExpenses": -76000000,
        "operatingExpenses": 17806000000,
        "costAndExpenses": 57741000000,
        "interestIncome": 240000000,
        "interestExpense": 5379000000,
        "depreciationAndAmortization": 3338000000,
        "ebitda": -13855000000,
        "ebitdaratio": -0.2150596051,
        "operatingIncome": 6353000000,
        "operatingIncomeRatio": 0.0986123184,
        "totalOtherIncomeExpensesNet": -28920000000,
        "incomeBeforeTax": -22567000000,
        "incomeBeforeTaxRatio": -0.3502887123,
        "incomeTaxExpense": 3529000000,
        "netIncome": -25959000000,
        "netIncomeRatio": -0.4029398982,
        "eps": -106.08,
        "epsdiluted": -106.08,
        "weightedAverageShsOut": 244714983,
        "weightedAverageShsOutDil": 244714983,
        "link": "http://www.cbr.ru/eng/search/?text=MTLRP&category=Any&time=Any&dateFrom=&dateTo=",
        "finalLink": "http://www.cbr.ru/eng/search/?text=MTLRP&category=Any&time=Any&dateFrom=&dateTo="
    },
    {
        "date": "2020-06-30",
        "symbol": "MTL",
        "reportedCurrency": "RUB",
        "cik": "0001302362",
        "fillingDate": "2020-06-30",
        "acceptedDate": "2020-06-29 20:00:00",
        "calendarYear": "2020",
        "period": "Q2",
        "revenue": 63441000000,
        "costOfRevenue": 43112000000,
        "grossProfit": 20329000000,
        "grossProfitRatio": 0.3204394634,
        "researchAndDevelopmentExpenses": 0,
        "generalAndAdministrativeExpenses": 5752000000,
        "sellingAndMarketingExpenses": 11198000000,
        "sellingGeneralAndAdministrativeExpenses": 16950000000,
        "otherExpenses": 55000000,
        "operatingExpenses": 18262000000,
        "costAndExpenses": 61374000000,
        "interestIncome": 176000000,
        "interestExpense": 5316000000,
        "depreciationAndAmortization": 3483000000,
        "ebitda": 18313000000,
        "ebitdaratio": 0.2886619063,
        "operatingIncome": -1346000000,
        "operatingIncomeRatio": -0.0212165634,
        "totalOtherIncomeExpensesNet": 10860000000,
        "incomeBeforeTax": 9520000000,
        "incomeBeforeTaxRatio": 0.1500606863,
        "incomeTaxExpense": 3620000000,
        "netIncome": 47074000000,
        "netIncomeRatio": 0.7420122634,
        "eps": 188.6,
        "epsdiluted": 188.6,
        "weightedAverageShsOut": 249607514,
        "weightedAverageShsOutDil": 249607514,
        "link": "http://www.cbr.ru/eng/search/?text=MTLRP&category=Any&time=Any&dateFrom=&dateTo=",
        "finalLink": "http://www.cbr.ru/eng/search/?text=MTLRP&category=Any&time=Any&dateFrom=&dateTo="
    },
    {
        "date": "2020-03-31",
        "symbol": "MTL",
        "reportedCurrency": "RUB",
        "cik": "0001302362",
        "fillingDate": "2020-03-31",
        "acceptedDate": "2020-03-30 20:00:00",
        "calendarYear": "2020",
        "period": "Q1",
        "revenue": 68332000000,
        "costOfRevenue": 41758000000,
        "grossProfit": 26574000000,
        "grossProfitRatio": 0.3888953931,
        "researchAndDevelopmentExpenses": 0,
        "generalAndAdministrativeExpenses": 4731000000,
        "sellingAndMarketingExpenses": 13099000000,
        "sellingGeneralAndAdministrativeExpenses": 17830000000,
        "otherExpenses": 105000000,
        "operatingExpenses": 19473000000,
        "costAndExpenses": 61231000000,
        "interestIncome": 353000000,
        "interestExpense": 8949000000,
        "depreciationAndAmortization": 3992000000,
        "ebitda": -23418000000,
        "ebitdaratio": -0.342709126,
        "operatingIncome": 7016000000,
        "operatingIncomeRatio": 0.1026751741,
        "totalOtherIncomeExpensesNet": -40568000000,
        "incomeBeforeTax": -36359000000,
        "incomeBeforeTaxRatio": -0.5320933091,
        "incomeTaxExpense": 713000000,
        "netIncome": -36878000000,
        "netIncomeRatio": -0.5396885793,
        "eps": -147.74,
        "epsdiluted": -147.74,
        "weightedAverageShsOut": 249607514,
        "weightedAverageShsOutDil": 249607514,
        "link": "http://www.cbr.ru/eng/search/?text=MTLRP&category=Any&time=Any&dateFrom=&dateTo=",
        "finalLink": "http://www.cbr.ru/eng/search/?text=MTLRP&category=Any&time=Any&dateFrom=&dateTo="
    },
    {
        "date": "2019-12-31",
        "symbol": "MTL",
        "reportedCurrency": "RUB",
        "cik": "0001302362",
        "fillingDate": "2019-12-31",
        "acceptedDate": "2019-12-30 19:00:00",
        "calendarYear": "2019",
        "period": "Q4",
        "revenue": 68376000000,
        "costOfRevenue": 46062000000,
        "grossProfit": 22314000000,
        "grossProfitRatio": 0.3263425763,
        "researchAndDevelopmentExpenses": 0,
        "generalAndAdministrativeExpenses": -1358000000,
        "sellingAndMarketingExpenses": 12724000000,
        "sellingGeneralAndAdministrativeExpenses": 11366000000,
        "otherExpenses": 24000000,
        "operatingExpenses": 16539000000,
        "costAndExpenses": 62601000000,
        "interestIncome": -264000000,
        "interestExpense": 4358000000,
        "depreciationAndAmortization": 3908000000,
        "ebitda": 9929000000,
        "ebitdaratio": 0.1452117702,
        "operatingIncome": 2560000000,
        "operatingIncomeRatio": 0.0374400374,
        "totalOtherIncomeExpensesNet": -5934000000,
        "incomeBeforeTax": -3374000000,
        "incomeBeforeTaxRatio": -0.0493447993,
        "incomeTaxExpense": 5768000000,
        "netIncome": -9765000000,
        "netIncomeRatio": -0.1428132678,
        "eps": -39.12,
        "epsdiluted": -39.12,
        "weightedAverageShsOut": 249607514,
        "weightedAverageShsOutDil": 249607514,
        "link": "http://www.cbr.ru/eng/search/?text=MTLRP&category=Any&time=Any&dateFrom=&dateTo=",
        "finalLink": "http://www.cbr.ru/eng/search/?text=MTLRP&category=Any&time=Any&dateFrom=&dateTo="
    },
    {
        "date": "2019-09-30",
        "symbol": "MTL",
        "reportedCurrency": "RUB",
        "cik": "0001302362",
        "fillingDate": "2019-09-30",
        "acceptedDate": "2019-09-29 20:00:00",
        "calendarYear": "2019",
        "period": "Q3",
        "revenue": 74865000000,
        "costOfRevenue": 47773000000,
        "grossProfit": 27092000000,
        "grossProfitRatio": 0.3618780472,
        "researchAndDevelopmentExpenses": 0,
        "generalAndAdministrativeExpenses": 4080000000,
        "sellingAndMarketingExpenses": 14047000000,
        "sellingGeneralAndAdministrativeExpenses": 18127000000,
        "otherExpenses": -9000000,
        "operatingExpenses": 18913000000,
        "costAndExpenses": 66686000000,
        "interestIncome": 44000000,
        "interestExpense": 9450000000,
        "depreciationAndAmortization": 4085000000,
        "ebitda": 13558000000,
        "ebitdaratio": 0.1810993121,
        "operatingIncome": 8179000000,
        "operatingIncomeRatio": 0.1092499833,
        "totalOtherIncomeExpensesNet": -8135000000,
        "incomeBeforeTax": 44000000,
        "incomeBeforeTaxRatio": 0.0005877246,
        "incomeTaxExpense": 51000000,
        "netIncome": -571000000,
        "netIncomeRatio": -0.007627062,
        "eps": -2.28,
        "epsdiluted": -2.28,
        "weightedAverageShsOut": 249762447,
        "weightedAverageShsOutDil": 249762447,
        "link": "http://www.cbr.ru/eng/search/?text=MTLRP&category=Any&time=Any&dateFrom=&dateTo=",
        "finalLink": "http://www.cbr.ru/eng/search/?text=MTLRP&category=Any&time=Any&dateFrom=&dateTo="
    },
    {
        "date": "2019-06-30",
        "symbol": "MTL",
        "reportedCurrency": "RUB",
        "cik": "0001302362",
        "fillingDate": "2019-06-30",
        "acceptedDate": "2019-06-29 20:00:00",
        "calendarYear": "2019",
        "period": "Q2",
        "revenue": 78470000000,
        "costOfRevenue": 48774000000,
        "grossProfit": 29696000000,
        "grossProfitRatio": 0.3784376195,
        "researchAndDevelopmentExpenses": 0,
        "generalAndAdministrativeExpenses": 4568000000,
        "sellingAndMarketingExpenses": 13975000000,
        "sellingGeneralAndAdministrativeExpenses": 18543000000,
        "otherExpenses": -174000000,
        "operatingExpenses": 19851000000,
        "costAndExpenses": 68625000000,
        "interestIncome": 258000000,
        "interestExpense": 9904000000,
        "depreciationAndAmortization": 3525000000,
        "ebitda": 16182000000,
        "ebitdaratio": 0.2062189372,
        "operatingIncome": 9922000000,
        "operatingIncomeRatio": 0.1264432267,
        "totalOtherIncomeExpensesNet": -7165000000,
        "incomeBeforeTax": 2757000000,
        "incomeBeforeTaxRatio": 0.0351344463,
        "incomeTaxExpense": 1037000000,
        "netIncome": 1409000000,
        "netIncomeRatio": 0.0179559067,
        "eps": 5.64,
        "epsdiluted": 5.64,
        "weightedAverageShsOut": 249762447,
        "weightedAverageShsOutDil": 249762447,
        "link": "http://www.cbr.ru/eng/search/?text=MTLRP&category=Any&time=Any&dateFrom=&dateTo=",
        "finalLink": "http://www.cbr.ru/eng/search/?text=MTLRP&category=Any&time=Any&dateFrom=&dateTo="
    },
    {
        "date": "2019-03-31",
        "symbol": "MTL",
        "reportedCurrency": "RUB",
        "cik": "0001302362",
        "fillingDate": "2019-03-31",
        "acceptedDate": "2019-03-30 20:00:00",
        "calendarYear": "2019",
        "period": "Q1",
        "revenue": 74856000000,
        "costOfRevenue": 45248000000,
        "grossProfit": 29608000000,
        "grossProfitRatio": 0.3955327562,
        "researchAndDevelopmentExpenses": 0,
        "generalAndAdministrativeExpenses": 4096000000,
        "sellingAndMarketingExpenses": 13574000000,
        "sellingGeneralAndAdministrativeExpenses": 17670000000,
        "otherExpenses": -125000000,
        "operatingExpenses": 18694000000,
        "costAndExpenses": 63942000000,
        "interestIncome": 232000000,
        "interestExpense": 10085000000,
        "depreciationAndAmortization": 3658000000,
        "ebitda": 26581000000,
        "ebitdaratio": 0.355095116,
        "operatingIncome": 10837000000,
        "operatingIncomeRatio": 0.1447712942,
        "totalOtherIncomeExpensesNet": 2001000000,
        "incomeBeforeTax": 12845000000,
        "incomeBeforeTaxRatio": 0.1715961312,
        "incomeTaxExpense": 1131000000,
        "netIncome": 11336000000,
        "netIncomeRatio": 0.1514374265,
        "eps": 45.38,
        "epsdiluted": 45.38,
        "weightedAverageShsOut": 249762447,
        "weightedAverageShsOutDil": 249762447,
        "link": "http://www.cbr.ru/eng/search/?text=MTLRP&category=Any&time=Any&dateFrom=&dateTo=",
        "finalLink": "http://www.cbr.ru/eng/search/?text=MTLRP&category=Any&time=Any&dateFrom=&dateTo="
    },
    {
        "date": "2018-12-31",
        "symbol": "MTL",
        "reportedCurrency": "RUB",
        "cik": "0001302362",
        "fillingDate": "2018-12-31",
        "acceptedDate": "2018-12-30 19:00:00",
        "calendarYear": "2018",
        "period": "Q4",
        "revenue": 75571000000,
        "costOfRevenue": 45999000000,
        "grossProfit": 29572000000,
        "grossProfitRatio": 0.3913141284,
        "researchAndDevelopmentExpenses": 0,
        "generalAndAdministrativeExpenses": 1439000000,
        "sellingAndMarketingExpenses": 13049000000,
        "sellingGeneralAndAdministrativeExpenses": 14488000000,
        "otherExpenses": -175000000,
        "operatingExpenses": 20015000000,
        "costAndExpenses": 66014000000,
        "interestIncome": 13495000000,
        "interestExpense": 5512000000,
        "depreciationAndAmortization": 3700000000,
        "ebitda": 12150000000,
        "ebitdaratio": 0.160775959,
        "operatingIncome": 1978000000,
        "operatingIncomeRatio": 0.0261740615,
        "totalOtherIncomeExpensesNet": -11717000000,
        "incomeBeforeTax": -1901000000,
        "incomeBeforeTaxRatio": -0.0251551521,
        "incomeTaxExpense": -3507000000,
        "netIncome": 1631000000,
        "netIncomeRatio": 0.021582353,
        "eps": 7.84,
        "epsdiluted": 7.84,
        "weightedAverageShsOut": 208135372,
        "weightedAverageShsOutDil": 208135372,
        "link": "http://www.cbr.ru/eng/search/?text=MTLRP&category=Any&time=Any&dateFrom=&dateTo=",
        "finalLink": "http://www.cbr.ru/eng/search/?text=MTLRP&category=Any&time=Any&dateFrom=&dateTo="
    },
    {
        "date": "2018-09-30",
        "symbol": "MTL",
        "reportedCurrency": "RUB",
        "cik": "0001302362",
        "fillingDate": "2018-09-30",
        "acceptedDate": "2018-09-29 20:00:00",
        "calendarYear": "2018",
        "period": "Q3",
        "revenue": 79965000000,
        "costOfRevenue": 46373000000,
        "grossProfit": 33592000000,
        "grossProfitRatio": 0.4200837867,
        "researchAndDevelopmentExpenses": 0,
        "generalAndAdministrativeExpenses": 4023000000,
        "sellingAndMarketingExpenses": 13088000000,
        "sellingGeneralAndAdministrativeExpenses": 17111000000,
        "otherExpenses": -180000000,
        "operatingExpenses": 18388000000,
        "costAndExpenses": 64761000000,
        "interestIncome": 12698000000,
        "interestExpense": 10284000000,
        "depreciationAndAmortization": 3168000000,
        "ebitda": 23823000000,
        "ebitdaratio": 0.2979178391,
        "operatingIncome": 15161000000,
        "operatingIncomeRatio": 0.189595448,
        "totalOtherIncomeExpensesNet": -4788000000,
        "incomeBeforeTax": 10373000000,
        "incomeBeforeTaxRatio": 0.1297192522,
        "incomeTaxExpense": 3723000000,
        "netIncome": 6304000000,
        "netIncomeRatio": 0.0788344901,
        "eps": 30.3,
        "epsdiluted": 30.3,
        "weightedAverageShsOut": 208135372,
        "weightedAverageShsOutDil": 208135372,
        "link": "http://www.cbr.ru/eng/search/?text=MTLRP&category=Any&time=Any&dateFrom=&dateTo=",
        "finalLink": "http://www.cbr.ru/eng/search/?text=MTLRP&category=Any&time=Any&dateFrom=&dateTo="
    },
    {
        "date": "2018-06-30",
        "symbol": "MTL",
        "reportedCurrency": "RUB",
        "cik": "0001302362",
        "fillingDate": "2018-06-30",
        "acceptedDate": "2018-06-29 20:00:00",
        "calendarYear": "2018",
        "period": "Q2",
        "revenue": 82186000000,
        "costOfRevenue": 43828000000,
        "grossProfit": 38358000000,
        "grossProfitRatio": 0.4667218261,
        "researchAndDevelopmentExpenses": 0,
        "generalAndAdministrativeExpenses": 3726000000,
        "sellingAndMarketingExpenses": 14400000000,
        "sellingGeneralAndAdministrativeExpenses": 18126000000,
        "otherExpenses": 228000000,
        "operatingExpenses": 19032000000,
        "costAndExpenses": 62860000000,
        "interestIncome": 7770000000,
        "interestExpense": 10982000000,
        "depreciationAndAmortization": 3514000000,
        "ebitda": 18682000000,
        "ebitdaratio": 0.2273136544,
        "operatingIncome": 19258000000,
        "operatingIncomeRatio": 0.2343221473,
        "totalOtherIncomeExpensesNet": -15054000000,
        "incomeBeforeTax": 4204000000,
        "incomeBeforeTaxRatio": 0.0511522644,
        "incomeTaxExpense": 2455000000,
        "netIncome": 1400000000,
        "netIncomeRatio": 0.0170345314,
        "eps": 5.6,
        "epsdiluted": 5.6,
        "weightedAverageShsOut": 249762447,
        "weightedAverageShsOutDil": 249762447,
        "link": "http://www.cbr.ru/eng/search/?text=MTLRP&category=Any&time=Any&dateFrom=&dateTo=",
        "finalLink": "http://www.cbr.ru/eng/search/?text=MTLRP&category=Any&time=Any&dateFrom=&dateTo="
    },
    {
        "date": "2018-03-31",
        "symbol": "MTL",
        "reportedCurrency": "RUB",
        "cik": "0001302362",
        "fillingDate": "2018-03-31",
        "acceptedDate": "2018-03-30 20:00:00",
        "calendarYear": "2018",
        "period": "Q1",
        "revenue": 74852000000,
        "costOfRevenue": 41556000000,
        "grossProfit": 33296000000,
        "grossProfitRatio": 0.4448244536,
        "researchAndDevelopmentExpenses": 0,
        "generalAndAdministrativeExpenses": 3959000000,
        "sellingAndMarketingExpenses": 14451000000,
        "sellingGeneralAndAdministrativeExpenses": 18410000000,
        "otherExpenses": 2000000,
        "operatingExpenses": 19781000000,
        "costAndExpenses": 61337000000,
        "interestIncome": 93000000,
        "interestExpense": 10463000000,
        "depreciationAndAmortization": 3477000000,
        "ebitda": 17463000000,
        "ebitdaratio": 0.2333003794,
        "operatingIncome": 13383000000,
        "operatingIncomeRatio": 0.1787928178,
        "totalOtherIncomeExpensesNet": -9842000000,
        "incomeBeforeTax": 3541000000,
        "incomeBeforeTaxRatio": 0.0473066852,
        "incomeTaxExpense": 10000000,
        "netIncome": 3293000000,
        "netIncomeRatio": 0.0439934805,
        "eps": 13.18,
        "epsdiluted": 13.18,
        "weightedAverageShsOut": 249762447,
        "weightedAverageShsOutDil": 249762447,
        "link": "http://www.cbr.ru/eng/search/?text=MTLRP&category=Any&time=Any&dateFrom=&dateTo=",
        "finalLink": "http://www.cbr.ru/eng/search/?text=MTLRP&category=Any&time=Any&dateFrom=&dateTo="
    },
    {
        "date": "2017-12-31",
        "symbol": "MTL",
        "reportedCurrency": "RUB",
        "cik": "0001302362",
        "fillingDate": "2017-12-31",
        "acceptedDate": "2017-12-30 19:00:00",
        "calendarYear": "2017",
        "period": "Q4",
        "revenue": 76316000000,
        "costOfRevenue": 39347000000,
        "grossProfit": 36969000000,
        "grossProfitRatio": 0.484420043,
        "researchAndDevelopmentExpenses": 0,
        "generalAndAdministrativeExpenses": -1181000000,
        "sellingAndMarketingExpenses": 14828000000,
        "sellingGeneralAndAdministrativeExpenses": 13647000000,
        "otherExpenses": -568000000,
        "operatingExpenses": 19779000000,
        "costAndExpenses": 59126000000,
        "interestIncome": -211000000,
        "interestExpense": 5880000000,
        "depreciationAndAmortization": 3186000000,
        "ebitda": 15471000000,
        "ebitdaratio": 0.202722889,
        "operatingIncome": 10752000000,
        "operatingIncomeRatio": 0.1408878872,
        "totalOtherIncomeExpensesNet": -16050000000,
        "incomeBeforeTax": 952000000,
        "incomeBeforeTaxRatio": 0.0124744483,
        "incomeTaxExpense": 344000000,
        "netIncome": 443000000,
        "netIncomeRatio": 0.0058048116,
        "eps": 2.12,
        "epsdiluted": 2.12,
        "weightedAverageShsOut": 208135372,
        "weightedAverageShsOutDil": 208135372,
        "link": "http://www.cbr.ru/eng/search/?text=MTLRP&category=Any&time=Any&dateFrom=&dateTo=",
        "finalLink": "http://www.cbr.ru/eng/search/?text=MTLRP&category=Any&time=Any&dateFrom=&dateTo="
    },
    {
        "date": "2017-09-30",
        "symbol": "MTL",
        "reportedCurrency": "RUB",
        "cik": "0001302362",
        "fillingDate": "2017-09-30",
        "acceptedDate": "2017-09-29 20:00:00",
        "calendarYear": "2017",
        "period": "Q3",
        "revenue": 73413000000,
        "costOfRevenue": 40401000000,
        "grossProfit": 33012000000,
        "grossProfitRatio": 0.4496751257,
        "researchAndDevelopmentExpenses": 0,
        "generalAndAdministrativeExpenses": 3472000000,
        "sellingAndMarketingExpenses": 13135000000,
        "sellingGeneralAndAdministrativeExpenses": 16607000000,
        "otherExpenses": 47000000,
        "operatingExpenses": 17270000000,
        "costAndExpenses": 57671000000,
        "interestIncome": 51000000,
        "interestExpense": 12177000000,
        "depreciationAndAmortization": 3813000000,
        "ebitda": 21446000000,
        "ebitdaratio": 0.2921280972,
        "operatingIncome": 15738000000,
        "operatingIncomeRatio": 0.2143762004,
        "totalOtherIncomeExpensesNet": -10279000000,
        "incomeBeforeTax": 5459000000,
        "incomeBeforeTaxRatio": 0.074360127,
        "incomeTaxExpense": -821000000,
        "netIncome": 6120000000,
        "netIncomeRatio": 0.0833639819,
        "eps": 29.4,
        "epsdiluted": 29.4,
        "weightedAverageShsOut": 208135372,
        "weightedAverageShsOutDil": 208135372,
        "link": "http://www.cbr.ru/eng/search/?text=MTLRP&category=Any&time=Any&dateFrom=&dateTo=",
        "finalLink": "http://www.cbr.ru/eng/search/?text=MTLRP&category=Any&time=Any&dateFrom=&dateTo="
    },
    {
        "date": "2017-06-30",
        "symbol": "MTL",
        "reportedCurrency": "RUB",
        "cik": "0001302362",
        "fillingDate": "2017-06-30",
        "acceptedDate": "2017-06-29 20:00:00",
        "calendarYear": "2017",
        "period": "Q2",
        "revenue": 71970000000,
        "costOfRevenue": 40179000000,
        "grossProfit": 31791000000,
        "grossProfitRatio": 0.441725719,
        "researchAndDevelopmentExpenses": 0,
        "generalAndAdministrativeExpenses": 3876000000,
        "sellingAndMarketingExpenses": 13652000000,
        "sellingGeneralAndAdministrativeExpenses": 17528000000,
        "otherExpenses": -18000000,
        "operatingExpenses": 19126000000,
        "costAndExpenses": 59305000000,
        "interestIncome": 315000000,
        "interestExpense": 11704000000,
        "depreciationAndAmortization": 3811000000,
        "ebitda": 8821000000,
        "ebitdaratio": 0.1225649576,
        "operatingIncome": 12588000000,
        "operatingIncomeRatio": 0.1749062109,
        "totalOtherIncomeExpensesNet": -19276000000,
        "incomeBeforeTax": -6688000000,
        "incomeBeforeTaxRatio": -0.0929276087,
        "incomeTaxExpense": 2088000000,
        "netIncome": -8908000000,
        "netIncomeRatio": -0.1237737946,
        "eps": -42.8,
        "epsdiluted": -42.8,
        "weightedAverageShsOut": 208135372,
        "weightedAverageShsOutDil": 208135372,
        "link": "http://www.cbr.ru/eng/search/?text=MTLRP&category=Any&time=Any&dateFrom=&dateTo=",
        "finalLink": "http://www.cbr.ru/eng/search/?text=MTLRP&category=Any&time=Any&dateFrom=&dateTo="
    },
    {
        "date": "2017-03-31",
        "symbol": "MTL",
        "reportedCurrency": "RUB",
        "cik": "0001302362",
        "fillingDate": "2017-03-31",
        "acceptedDate": "2017-03-30 20:00:00",
        "calendarYear": "2017",
        "period": "Q1",
        "revenue": 77414000000,
        "costOfRevenue": 40429000000,
        "grossProfit": 36985000000,
        "grossProfitRatio": 0.4777559615,
        "researchAndDevelopmentExpenses": 0,
        "generalAndAdministrativeExpenses": 3842000000,
        "sellingAndMarketingExpenses": 14071000000,
        "sellingGeneralAndAdministrativeExpenses": 17913000000,
        "otherExpenses": 489000000,
        "operatingExpenses": 18825000000,
        "costAndExpenses": 59254000000,
        "interestIncome": 127000000,
        "interestExpense": 12392000000,
        "depreciationAndAmortization": 3417000000,
        "ebitda": 31801000000,
        "ebitdaratio": 0.4107913297,
        "operatingIncome": 18089000000,
        "operatingIncomeRatio": 0.2336657452,
        "totalOtherIncomeExpensesNet": -2092000000,
        "incomeBeforeTax": 15997000000,
        "incomeBeforeTaxRatio": 0.2066422094,
        "incomeTaxExpense": 1539000000,
        "netIncome": 13902000000,
        "netIncomeRatio": 0.1795799209,
        "eps": 66.8,
        "epsdiluted": 66.8,
        "weightedAverageShsOut": 208135372,
        "weightedAverageShsOutDil": 208135372,
        "link": "http://www.cbr.ru/eng/search/?text=MTLRP&category=Any&time=Any&dateFrom=&dateTo=",
        "finalLink": "http://www.cbr.ru/eng/search/?text=MTLRP&category=Any&time=Any&dateFrom=&dateTo="
    },
    {
        "date": "2016-12-31",
        "symbol": "MTL",
        "reportedCurrency": "RUB",
        "cik": "0001302362",
        "fillingDate": "2016-12-31",
        "acceptedDate": "2016-12-30 19:00:00",
        "calendarYear": "2016",
        "period": "Q4",
        "revenue": 79659000000,
        "costOfRevenue": 38048000000,
        "grossProfit": 41611000000,
        "grossProfitRatio": 0.5223640769,
        "researchAndDevelopmentExpenses": 0,
        "generalAndAdministrativeExpenses": 906000000,
        "sellingAndMarketingExpenses": 14996000000,
        "sellingGeneralAndAdministrativeExpenses": 15902000000,
        "otherExpenses": -110000000,
        "operatingExpenses": 21364000000,
        "costAndExpenses": 59412000000,
        "interestIncome": -3055000000,
        "interestExpense": 3024000000,
        "depreciationAndAmortization": 3692000000,
        "ebitda": 11401000000,
        "ebitdaratio": 0.1431225599,
        "operatingIncome": 13929000000,
        "operatingIncomeRatio": 0.1748578315,
        "totalOtherIncomeExpensesNet": -9244000000,
        "incomeBeforeTax": 4685000000,
        "incomeBeforeTaxRatio": 0.0588131912,
        "incomeTaxExpense": 2466000000,
        "netIncome": 1583000000,
        "netIncomeRatio": 0.0198722053,
        "eps": 7.6,
        "epsdiluted": 7.6,
        "weightedAverageShsOut": 208135372,
        "weightedAverageShsOutDil": 208135372,
        "link": "http://www.cbr.ru/eng/search/?text=MTLRP&category=Any&time=Any&dateFrom=&dateTo=",
        "finalLink": "http://www.cbr.ru/eng/search/?text=MTLRP&category=Any&time=Any&dateFrom=&dateTo="
    },
    {
        "date": "2016-09-30",
        "symbol": "MTL",
        "reportedCurrency": "RUB",
        "cik": "0001302362",
        "fillingDate": "2016-09-30",
        "acceptedDate": "2016-09-29 20:00:00",
        "calendarYear": "2016",
        "period": "Q3",
        "revenue": 66153000000,
        "costOfRevenue": 36099000000,
        "grossProfit": 30054000000,
        "grossProfitRatio": 0.4543104621,
        "researchAndDevelopmentExpenses": 0,
        "generalAndAdministrativeExpenses": 3875000000,
        "sellingAndMarketingExpenses": 13070000000,
        "sellingGeneralAndAdministrativeExpenses": 16945000000,
        "otherExpenses": 198000000,
        "operatingExpenses": 17937000000,
        "costAndExpenses": 54036000000,
        "interestIncome": 76000000,
        "interestExpense": 13447000000,
        "depreciationAndAmortization": 3455000000,
        "ebitda": 15852000000,
        "ebitdaratio": 0.2396263208,
        "operatingIncome": 11561000000,
        "operatingIncomeRatio": 0.1747615376,
        "totalOtherIncomeExpensesNet": -10871000000,
        "incomeBeforeTax": 690000000,
        "incomeBeforeTaxRatio": 0.010430366,
        "incomeTaxExpense": 3057000000,
        "netIncome": -2757000000,
        "netIncomeRatio": -0.0416761145,
        "eps": -13.24,
        "epsdiluted": -13.24,
        "weightedAverageShsOut": 208135372,
        "weightedAverageShsOutDil": 208135372,
        "link": "http://www.cbr.ru/eng/search/?text=MTLRP&category=Any&time=Any&dateFrom=&dateTo=",
        "finalLink": "http://www.cbr.ru/eng/search/?text=MTLRP&category=Any&time=Any&dateFrom=&dateTo="
    },
    {
        "date": "2016-06-30",
        "symbol": "MTL",
        "reportedCurrency": "RUB",
        "cik": "0001302362",
        "fillingDate": "2016-06-30",
        "acceptedDate": "2016-06-29 20:00:00",
        "calendarYear": "2016",
        "period": "Q2",
        "revenue": 67965000000,
        "costOfRevenue": 36256000000,
        "grossProfit": 31709000000,
        "grossProfitRatio": 0.466548959,
        "researchAndDevelopmentExpenses": 0,
        "generalAndAdministrativeExpenses": 4769000000,
        "sellingAndMarketingExpenses": 13989000000,
        "sellingGeneralAndAdministrativeExpenses": 18758000000,
        "otherExpenses": 43000000,
        "operatingExpenses": 20728000000,
        "costAndExpenses": 56984000000,
        "interestIncome": 3432000000,
        "interestExpense": 15886000000,
        "depreciationAndAmortization": 3645000000,
        "ebitda": 18111000000,
        "ebitdaratio": 0.2664753917,
        "operatingIncome": 10867000000,
        "operatingIncomeRatio": 0.1598911204,
        "totalOtherIncomeExpensesNet": -3527000000,
        "incomeBeforeTax": 7340000000,
        "incomeBeforeTaxRatio": 0.107996763,
        "incomeTaxExpense": -1447000000,
        "netIncome": 7988000000,
        "netIncomeRatio": 0.1175310822,
        "eps": 38.38,
        "epsdiluted": 38.38,
        "weightedAverageShsOut": 208135372,
        "weightedAverageShsOutDil": 208135372,
        "link": "http://www.cbr.ru/eng/search/?text=MTLRP&category=Any&time=Any&dateFrom=&dateTo=",
        "finalLink": "http://www.cbr.ru/eng/search/?text=MTLRP&category=Any&time=Any&dateFrom=&dateTo="
    },
    {
        "date": "2016-03-31",
        "symbol": "MTL",
        "reportedCurrency": "RUB",
        "cik": "0001302362",
        "fillingDate": "2016-03-31",
        "acceptedDate": "2016-03-30 20:00:00",
        "calendarYear": "2016",
        "period": "Q1",
        "revenue": 62232000000,
        "costOfRevenue": 35919000000,
        "grossProfit": 26313000000,
        "grossProfitRatio": 0.4228210567,
        "researchAndDevelopmentExpenses": 0,
        "generalAndAdministrativeExpenses": 4331000000,
        "sellingAndMarketingExpenses": 14178000000,
        "sellingGeneralAndAdministrativeExpenses": 18509000000,
        "otherExpenses": -12000000,
        "operatingExpenses": 19973000000,
        "costAndExpenses": 55892000000,
        "interestIncome": 455000000,
        "interestExpense": 13914000000,
        "depreciationAndAmortization": 2922000000,
        "ebitda": 18272000000,
        "ebitdaratio": 0.293611004,
        "operatingIncome": 6333000000,
        "operatingIncomeRatio": 0.1017643656,
        "totalOtherIncomeExpensesNet": -4897000000,
        "incomeBeforeTax": 1436000000,
        "incomeBeforeTaxRatio": 0.0230749454,
        "incomeTaxExpense": 817000000,
        "netIncome": 312000000,
        "netIncomeRatio": 0.0050134979,
        "eps": 1.5,
        "epsdiluted": 1.5,
        "weightedAverageShsOut": 208135372,
        "weightedAverageShsOutDil": 208135372,
        "link": "http://www.cbr.ru/eng/search/?text=MTLRP&category=Any&time=Any&dateFrom=&dateTo=",
        "finalLink": "http://www.cbr.ru/eng/search/?text=MTLRP&category=Any&time=Any&dateFrom=&dateTo="
    },
    {
        "date": "2015-12-31",
        "symbol": "MTL",
        "reportedCurrency": "RUB",
        "cik": "0001302362",
        "fillingDate": "2015-12-31",
        "acceptedDate": "2015-12-30 19:00:00",
        "calendarYear": "2015",
        "period": "Q4",
        "revenue": 37547697675,
        "costOfRevenue": 27286787957,
        "grossProfit": 10260909718,
        "grossProfitRatio": 0.2732766682,
        "researchAndDevelopmentExpenses": 0,
        "generalAndAdministrativeExpenses": -1883691709.69,
        "sellingAndMarketingExpenses": 5225752084,
        "sellingGeneralAndAdministrativeExpenses": 3342060374,
        "otherExpenses": -503973711.74,
        "operatingExpenses": 7733485775,
        "costAndExpenses": 35020273732,
        "interestIncome": 7469377,
        "interestExpense": 12156052079,
        "depreciationAndAmortization": 2222260405,
        "ebitda": -15602281475.09,
        "ebitdaratio": -0.415532308,
        "operatingIncome": -705800536.06,
        "operatingIncomeRatio": -0.0187974385,
        "totalOtherIncomeExpensesNet": -35326802064.130005,
        "incomeBeforeTax": -36032602600.19,
        "incomeBeforeTaxRatio": -0.9596487889,
        "incomeTaxExpense": 12986121505,
        "netIncome": -48549367277.81,
        "netIncomeRatio": -1.2930051717,
        "eps": -233.26,
        "epsdiluted": -233.26,
        "weightedAverageShsOut": 208135372,
        "weightedAverageShsOutDil": 208135372,
        "link": "http://www.cbr.ru/eng/search/?text=MTLRP&category=Any&time=Any&dateFrom=&dateTo=",
        "finalLink": "http://www.cbr.ru/eng/search/?text=MTLRP&category=Any&time=Any&dateFrom=&dateTo="
    },
    {
        "date": "2015-09-30",
        "symbol": "MTL",
        "reportedCurrency": "RUB",
        "cik": "0001302362",
        "fillingDate": "2015-09-30",
        "acceptedDate": "2015-09-29 20:00:00",
        "calendarYear": "2015",
        "period": "Q3",
        "revenue": 89035132602,
        "costOfRevenue": 50278182215,
        "grossProfit": 38756950387,
        "grossProfitRatio": 0.4352995189,
        "researchAndDevelopmentExpenses": 0,
        "generalAndAdministrativeExpenses": 5840833242,
        "sellingAndMarketingExpenses": 18706065103,
        "sellingGeneralAndAdministrativeExpenses": 24546898346,
        "otherExpenses": 193009899,
        "operatingExpenses": 27200029787,
        "costAndExpenses": 77478212002,
        "interestIncome": 55110004,
        "interestExpense": 21025865373,
        "depreciationAndAmortization": 4978895138,
        "ebitda": -33384563708.84,
        "ebitdaratio": -0.3749594428,
        "operatingIncome": 11511738399,
        "operatingIncomeRatio": 0.1292943365,
        "totalOtherIncomeExpensesNet": -70901062620.37,
        "incomeBeforeTax": -59389324221.37,
        "incomeBeforeTaxRatio": -0.6670324678,
        "incomeTaxExpense": -5320444668.03,
        "netIncome": -53285609578.41,
        "netIncomeRatio": -0.598478466,
        "eps": -256.02,
        "epsdiluted": -256.02,
        "weightedAverageShsOut": 208135372,
        "weightedAverageShsOutDil": 208135372,
        "link": "http://www.cbr.ru/eng/search/?text=MTLRP&category=Any&time=Any&dateFrom=&dateTo=",
        "finalLink": "http://www.cbr.ru/eng/search/?text=MTLRP&category=Any&time=Any&dateFrom=&dateTo="
    },
    {
        "date": "2015-06-30",
        "symbol": "MTL",
        "reportedCurrency": "RUB",
        "cik": "0001302362",
        "fillingDate": "2015-06-30",
        "acceptedDate": "2015-06-29 20:00:00",
        "calendarYear": "2015",
        "period": "Q2",
        "revenue": 62464214366,
        "costOfRevenue": 37166723542,
        "grossProfit": 25297490824,
        "grossProfitRatio": 0.4049917394,
        "researchAndDevelopmentExpenses": 0,
        "generalAndAdministrativeExpenses": 4191796021,
        "sellingAndMarketingExpenses": 13774698157,
        "sellingGeneralAndAdministrativeExpenses": 17966494179,
        "otherExpenses": 356537544,
        "operatingExpenses": 19511536269,
        "costAndExpenses": 56678259812,
        "interestIncome": 30003564,
        "interestExpense": 12633263712,
        "depreciationAndAmortization": 3520134581,
        "ebitda": 9697599244,
        "ebitdaratio": 0.1552504797,
        "operatingIncome": 5731934968,
        "operatingIncomeRatio": 0.0917635005,
        "totalOtherIncomeExpensesNet": -1417154677,
        "incomeBeforeTax": 4314780291,
        "incomeBeforeTaxRatio": 0.0690760355,
        "incomeTaxExpense": 1378673434,
        "netIncome": 2409708190,
        "netIncomeRatio": 0.0385774193,
        "eps": -4.84,
        "epsdiluted": -4.84,
        "weightedAverageShsOut": 208135372,
        "weightedAverageShsOutDil": 208135372,
        "link": "http://www.cbr.ru/eng/search/?text=MTLRP&category=Any&time=Any&dateFrom=&dateTo=",
        "finalLink": "http://www.cbr.ru/eng/search/?text=MTLRP&category=Any&time=Any&dateFrom=&dateTo="
    },
    {
        "date": "2015-03-31",
        "symbol": "MTL",
        "reportedCurrency": "RUB",
        "cik": "0001302362",
        "fillingDate": "2015-03-31",
        "acceptedDate": "2015-03-30 20:00:00",
        "calendarYear": "2015",
        "period": "Q1",
        "revenue": 64093955355,
        "costOfRevenue": 36602306285,
        "grossProfit": 27491649070,
        "grossProfitRatio": 0.4289273289,
        "researchAndDevelopmentExpenses": 0,
        "generalAndAdministrativeExpenses": 3997062445,
        "sellingAndMarketingExpenses": 13410484654,
        "sellingGeneralAndAdministrativeExpenses": 17407547099,
        "otherExpenses": 10426267,
        "operatingExpenses": 19921948168,
        "costAndExpenses": 56524254453,
        "interestIncome": 41417053,
        "interestExpense": 14755818834,
        "depreciationAndAmortization": 3363709873,
        "ebitda": 10991705711,
        "ebitdaratio": 0.1714936401,
        "operatingIncome": 7530127167,
        "operatingIncomeRatio": 0.1174857617,
        "totalOtherIncomeExpensesNet": -23550980637.18,
        "incomeBeforeTax": -16020853470.18,
        "incomeBeforeTaxRatio": -0.2499588827,
        "incomeTaxExpense": -722350272.6,
        "netIncome": -15737731333.83,
        "netIncomeRatio": -0.2455415842,
        "eps": -75.62,
        "epsdiluted": -75.62,
        "weightedAverageShsOut": 208135372,
        "weightedAverageShsOutDil": 208135372,
        "link": "http://www.cbr.ru/eng/search/?text=MTLRP&category=Any&time=Any&dateFrom=&dateTo=",
        "finalLink": "http://www.cbr.ru/eng/search/?text=MTLRP&category=Any&time=Any&dateFrom=&dateTo="
    },
    {
        "date": "2014-12-31",
        "symbol": "MTL",
        "reportedCurrency": "RUB",
        "cik": "0001302362",
        "fillingDate": "2014-12-31",
        "acceptedDate": "2014-12-30 19:00:00",
        "calendarYear": "2014",
        "period": "Q4",
        "revenue": 157332831128,
        "costOfRevenue": 94867350299,
        "grossProfit": 62465480829,
        "grossProfitRatio": 0.3970276285,
        "researchAndDevelopmentExpenses": 0,
        "generalAndAdministrativeExpenses": 3285258739,
        "sellingAndMarketingExpenses": 36288635136,
        "sellingGeneralAndAdministrativeExpenses": 39573893875,
        "otherExpenses": -786820639.43,
        "operatingExpenses": 50740349602,
        "costAndExpenses": 145607699902,
        "interestIncome": 25989808,
        "interestExpense": 21444577312,
        "depreciationAndAmortization": 7702395851,
        "ebitda": -93598571247.84,
        "ebitdaratio": -0.5949080721,
        "operatingIncome": 3902958958,
        "operatingIncomeRatio": 0.0248070217,
        "totalOtherIncomeExpensesNet": -126648503369.96,
        "incomeBeforeTax": -122745544411.96,
        "incomeBeforeTaxRatio": -0.7801648488,
        "incomeTaxExpense": -10769947394.9,
        "netIncome": -192704642245.68,
        "netIncomeRatio": -1.224821551,
        "eps": -925.86,
        "epsdiluted": -925.86,
        "weightedAverageShsOut": 208135372,
        "weightedAverageShsOutDil": 208135372,
        "link": "http://www.cbr.ru/eng/search/?text=MTLRP&category=Any&time=Any&dateFrom=&dateTo=",
        "finalLink": "http://www.cbr.ru/eng/search/?text=MTLRP&category=Any&time=Any&dateFrom=&dateTo="
    },
    {
        "date": "2014-09-30",
        "symbol": "MTL",
        "reportedCurrency": "RUB",
        "cik": "0001302362",
        "fillingDate": "2014-09-30",
        "acceptedDate": "2014-09-29 20:00:00",
        "calendarYear": "2014",
        "period": "Q3",
        "revenue": 82508377088,
        "costOfRevenue": 52228216738,
        "grossProfit": 30280160350,
        "grossProfitRatio": 0.3669949818,
        "researchAndDevelopmentExpenses": 0,
        "generalAndAdministrativeExpenses": 6379215950,
        "sellingAndMarketingExpenses": 17459659695,
        "sellingGeneralAndAdministrativeExpenses": 23838875646,
        "otherExpenses": 121764379,
        "operatingExpenses": 26392665477,
        "costAndExpenses": 78620882215,
        "interestIncome": 65423246,
        "interestExpense": 9871193569,
        "depreciationAndAmortization": 5532456343,
        "ebitda": -13456953698.26,
        "ebitdaratio": -0.1630980292,
        "operatingIncome": 3654186888,
        "operatingIncomeRatio": 0.0442886773,
        "totalOtherIncomeExpensesNet": -32514790499.58,
        "incomeBeforeTax": -28860603611.58,
        "incomeBeforeTaxRatio": -0.3497899805,
        "incomeTaxExpense": -2500194439.56,
        "netIncome": -26418214616.76,
        "netIncomeRatio": -0.3201882712,
        "eps": -126.92,
        "epsdiluted": -126.92,
        "weightedAverageShsOut": 208135372,
        "weightedAverageShsOutDil": 208135372,
        "link": "http://www.cbr.ru/eng/search/?text=MTLRP&category=Any&time=Any&dateFrom=&dateTo=",
        "finalLink": "http://www.cbr.ru/eng/search/?text=MTLRP&category=Any&time=Any&dateFrom=&dateTo="
    },
    {
        "date": "2014-06-30",
        "symbol": "MTL",
        "reportedCurrency": "RUB",
        "cik": "0001302362",
        "fillingDate": "2014-06-30",
        "acceptedDate": "2014-06-29 20:00:00",
        "calendarYear": "2014",
        "period": "Q2",
        "revenue": 55582226944,
        "costOfRevenue": 36098188069,
        "grossProfit": 19484038875,
        "grossProfitRatio": 0.3505444086,
        "researchAndDevelopmentExpenses": 0,
        "generalAndAdministrativeExpenses": 3079729677,
        "sellingAndMarketingExpenses": 13397776349,
        "sellingGeneralAndAdministrativeExpenses": 16477506027,
        "otherExpenses": 631724618,
        "operatingExpenses": 18649595335,
        "costAndExpenses": 54747783405,
        "interestIncome": 10505764,
        "interestExpense": 6198487345,
        "depreciationAndAmortization": 3947807463,
        "ebitda": 5426840354,
        "ebitdaratio": 0.0976362527,
        "operatingIncome": 769678082,
        "operatingIncomeRatio": 0.0138475575,
        "totalOtherIncomeExpensesNet": -1080717637.7,
        "incomeBeforeTax": -311039555.7,
        "incomeBeforeTaxRatio": -0.0055960254,
        "incomeTaxExpense": 673325471,
        "netIncome": -951937442.1,
        "netIncomeRatio": -0.0171266517,
        "eps": -4.58,
        "epsdiluted": -4.58,
        "weightedAverageShsOut": 208135372,
        "weightedAverageShsOutDil": 208135372,
        "link": "http://www.cbr.ru/eng/search/?text=MTLRP&category=Any&time=Any&dateFrom=&dateTo=",
        "finalLink": "http://www.cbr.ru/eng/search/?text=MTLRP&category=Any&time=Any&dateFrom=&dateTo="
    },
    {
        "date": "2014-03-31",
        "symbol": "MTL",
        "reportedCurrency": "RUB",
        "cik": "0001302362",
        "fillingDate": "2014-03-31",
        "acceptedDate": "2014-03-30 20:00:00",
        "calendarYear": "2014",
        "period": "Q1",
        "revenue": 60650347837,
        "costOfRevenue": 40911704822,
        "grossProfit": 19738643015,
        "grossProfitRatio": 0.3254497908,
        "researchAndDevelopmentExpenses": 0,
        "generalAndAdministrativeExpenses": 4328336881,
        "sellingAndMarketingExpenses": 14045762126,
        "sellingGeneralAndAdministrativeExpenses": 18374099008,
        "otherExpenses": -219642247.02,
        "operatingExpenses": 21031237102,
        "costAndExpenses": 61942941924,
        "interestIncome": 31377463,
        "interestExpense": 6578462400,
        "depreciationAndAmortization": 3414562164,
        "ebitda": -8732487727.14,
        "ebitdaratio": -0.143980835,
        "operatingIncome": -1299141493.98,
        "operatingIncomeRatio": -0.0214201821,
        "totalOtherIncomeExpensesNet": -17426370798.06,
        "incomeBeforeTax": -18725512292.04,
        "incomeBeforeTaxRatio": -0.3087453405,
        "incomeTaxExpense": 2374025355,
        "netIncome": -20916102918.9,
        "netIncomeRatio": -0.3448636927,
        "eps": -100.5,
        "epsdiluted": -100.5,
        "weightedAverageShsOut": 208135372,
        "weightedAverageShsOutDil": 208135372,
        "link": "http://www.cbr.ru/eng/search/?text=MTLRP&category=Any&time=Any&dateFrom=&dateTo=",
        "finalLink": "http://www.cbr.ru/eng/search/?text=MTLRP&category=Any&time=Any&dateFrom=&dateTo="
    },
    {
        "date": "2013-12-31",
        "symbol": "MTL",
        "reportedCurrency": "RUB",
        "cik": "0001302362",
        "fillingDate": "2013-12-31",
        "acceptedDate": "2013-12-30 19:00:00",
        "calendarYear": "2013",
        "period": "Q4",
        "revenue": 65669575279,
        "costOfRevenue": 45815578143,
        "grossProfit": 19853997136,
        "grossProfitRatio": 0.3023317427,
        "researchAndDevelopmentExpenses": 0,
        "generalAndAdministrativeExpenses": 174744121,
        "sellingAndMarketingExpenses": 14405208873,
        "sellingGeneralAndAdministrativeExpenses": 14579952995,
        "otherExpenses": 3253112274,
        "operatingExpenses": 22146766946,
        "costAndExpenses": 67962345089,
        "interestIncome": 16634152,
        "interestExpense": 6733871901,
        "depreciationAndAmortization": 3708336527,
        "ebitda": -784444136.38,
        "ebitdaratio": -0.0119453207,
        "operatingIncome": -4685982590.15,
        "operatingIncomeRatio": -0.0713569803,
        "totalOtherIncomeExpensesNet": -6540669974.24,
        "incomeBeforeTax": -11226652564.39,
        "incomeBeforeTaxRatio": -0.17095668,
        "incomeTaxExpense": 2754680214,
        "netIncome": -23650695529.26,
        "netIncomeRatio": -0.3601469239,
        "eps": -113.64,
        "epsdiluted": -113.64,
        "weightedAverageShsOut": 208135372,
        "weightedAverageShsOutDil": 208135372,
        "link": "http://www.cbr.ru/eng/search/?text=MTLRP&category=Any&time=Any&dateFrom=&dateTo=",
        "finalLink": "http://www.cbr.ru/eng/search/?text=MTLRP&category=Any&time=Any&dateFrom=&dateTo="
    },
    {
        "date": "2013-09-30",
        "symbol": "MTL",
        "reportedCurrency": "RUB",
        "cik": "0001302362",
        "fillingDate": "2013-09-30",
        "acceptedDate": "2013-09-29 20:00:00",
        "calendarYear": "2013",
        "period": "Q3",
        "revenue": 64529488101,
        "costOfRevenue": 44595765808,
        "grossProfit": 19933722293,
        "grossProfitRatio": 0.3089087312,
        "researchAndDevelopmentExpenses": 0,
        "generalAndAdministrativeExpenses": 2952496379,
        "sellingAndMarketingExpenses": 12671686782,
        "sellingGeneralAndAdministrativeExpenses": 15624183161,
        "otherExpenses": -190662705.48,
        "operatingExpenses": 17673446742,
        "costAndExpenses": 62269212550,
        "interestIncome": 23879933,
        "interestExpense": 6651943561,
        "depreciationAndAmortization": 3413646915,
        "ebitda": 13139195831,
        "ebitdaratio": 0.2036153736,
        "operatingIncome": 8005752430,
        "operatingIncomeRatio": 0.1240634734,
        "totalOtherIncomeExpensesNet": -4932147075,
        "incomeBeforeTax": 3073605355,
        "incomeBeforeTaxRatio": 0.0476310203,
        "incomeTaxExpense": 689607301,
        "netIncome": -3015497092.02,
        "netIncomeRatio": -0.0467305286,
        "eps": -14.48,
        "epsdiluted": -14.48,
        "weightedAverageShsOut": 208135372,
        "weightedAverageShsOutDil": 208135372,
        "link": "http://www.cbr.ru/eng/search/?text=MTLRP&category=Any&time=Any&dateFrom=&dateTo=",
        "finalLink": "http://www.cbr.ru/eng/search/?text=MTLRP&category=Any&time=Any&dateFrom=&dateTo="
    },
    {
        "date": "2013-06-30",
        "symbol": "MTL",
        "reportedCurrency": "RUB",
        "cik": "0001302362",
        "fillingDate": "2013-06-30",
        "acceptedDate": "2013-06-29 20:00:00",
        "calendarYear": "2013",
        "period": "Q2",
        "revenue": 74692059922,
        "costOfRevenue": 51475941164,
        "grossProfit": 23216118758,
        "grossProfitRatio": 0.3108244542,
        "researchAndDevelopmentExpenses": 0,
        "generalAndAdministrativeExpenses": 4778437781,
        "sellingAndMarketingExpenses": 14357023995,
        "sellingGeneralAndAdministrativeExpenses": 19135461777,
        "otherExpenses": -320654342.72,
        "operatingExpenses": 39969781653,
        "costAndExpenses": 91445722817,
        "interestIncome": 54459050,
        "interestExpense": 5631478621,
        "depreciationAndAmortization": 3928841841,
        "ebitda": -23283433823.61,
        "ebitdaratio": -0.3117256888,
        "operatingIncome": -22605563065.94,
        "operatingIncomeRatio": -0.302650149,
        "totalOtherIncomeExpensesNet": -10238191221.300003,
        "incomeBeforeTax": -32843754287.24,
        "incomeBeforeTaxRatio": -0.4397221649,
        "incomeTaxExpense": -3185490098.7,
        "netIncome": -59648079941.75,
        "netIncomeRatio": -0.7985866236,
        "eps": -286.58,
        "epsdiluted": -286.58,
        "weightedAverageShsOut": 208135372,
        "weightedAverageShsOutDil": 208135372,
        "link": "http://www.cbr.ru/eng/search/?text=MTLRP&category=Any&time=Any&dateFrom=&dateTo=",
        "finalLink": "http://www.cbr.ru/eng/search/?text=MTLRP&category=Any&time=Any&dateFrom=&dateTo="
    },
    {
        "date": "2013-03-31",
        "symbol": "MTL",
        "reportedCurrency": "RUB",
        "cik": "0001302362",
        "fillingDate": "2013-03-31",
        "acceptedDate": "2013-03-30 20:00:00",
        "calendarYear": "2013",
        "period": "Q1",
        "revenue": 77135547585,
        "costOfRevenue": 54191111560,
        "grossProfit": 22944436025,
        "grossProfitRatio": 0.2974560594,
        "researchAndDevelopmentExpenses": 0,
        "generalAndAdministrativeExpenses": 4705535224,
        "sellingAndMarketingExpenses": 15300871944,
        "sellingGeneralAndAdministrativeExpenses": 20006407169,
        "otherExpenses": -3026865928.32,
        "operatingExpenses": 20993596307,
        "costAndExpenses": 75184707868,
        "interestIncome": 146361952,
        "interestExpense": 5383955680,
        "depreciationAndAmortization": 4633489198,
        "ebitda": 3745273949,
        "ebitdaratio": 0.0485544482,
        "operatingIncome": 1886878269,
        "operatingIncomeRatio": 0.024461851,
        "totalOtherIncomeExpensesNet": -10569590448.08,
        "incomeBeforeTax": -8682712179.08,
        "incomeBeforeTaxRatio": -0.1125643423,
        "incomeTaxExpense": 1505161819,
        "netIncome": -9970305571.85,
        "netIncomeRatio": -0.1292569494,
        "eps": -47.9,
        "epsdiluted": -47.9,
        "weightedAverageShsOut": 208135372,
        "weightedAverageShsOutDil": 208135372,
        "link": "http://www.cbr.ru/eng/search/?text=MTLRP&category=Any&time=Any&dateFrom=&dateTo=",
        "finalLink": "http://www.cbr.ru/eng/search/?text=MTLRP&category=Any&time=Any&dateFrom=&dateTo="
    },
    {
        "date": "2012-12-31",
        "symbol": "MTL",
        "reportedCurrency": "RUB",
        "cik": "0001302362",
        "fillingDate": "2012-12-31",
        "acceptedDate": "2012-12-30 19:00:00",
        "calendarYear": "2012",
        "period": "Q4",
        "revenue": 69372820180,
        "costOfRevenue": 51588456572,
        "grossProfit": 17784363608,
        "grossProfitRatio": 0.2563592422,
        "researchAndDevelopmentExpenses": 0,
        "generalAndAdministrativeExpenses": 542324634,
        "sellingAndMarketingExpenses": 12297627763,
        "sellingGeneralAndAdministrativeExpenses": 12839952397,
        "otherExpenses": 0,
        "operatingExpenses": 45584521653,
        "costAndExpenses": 97172978226,
        "interestIncome": 504718566,
        "interestExpense": 5204217754,
        "depreciationAndAmortization": 3643241674,
        "ebitda": -20301842664.15,
        "ebitdaratio": -0.2926483688,
        "operatingIncome": -26342242726.93,
        "operatingIncomeRatio": -0.3797199344,
        "totalOtherIncomeExpensesNet": -2807059366.1399994,
        "incomeBeforeTax": -29149302093.07,
        "incomeBeforeTaxRatio": -0.4201833228,
        "incomeTaxExpense": 1181988233,
        "netIncome": -33395054495.5,
        "netIncomeRatio": -0.4813852804,
        "eps": -160.44,
        "epsdiluted": -160.44,
        "weightedAverageShsOut": 208135372,
        "weightedAverageShsOutDil": 208135372,
        "link": "http://www.cbr.ru/eng/search/?text=MTLRP&category=Any&time=Any&dateFrom=&dateTo=",
        "finalLink": "http://www.cbr.ru/eng/search/?text=MTLRP&category=Any&time=Any&dateFrom=&dateTo="
    },
    {
        "date": "2012-09-30",
        "symbol": "MTL",
        "reportedCurrency": "RUB",
        "cik": "0001302362",
        "fillingDate": "2012-09-30",
        "acceptedDate": "2012-09-29 20:00:00",
        "calendarYear": "2012",
        "period": "Q3",
        "revenue": 77593915798,
        "costOfRevenue": 57028349589,
        "grossProfit": 20565566209,
        "grossProfitRatio": 0.2650409636,
        "researchAndDevelopmentExpenses": 0,
        "generalAndAdministrativeExpenses": 3687169903,
        "sellingAndMarketingExpenses": 10634241874,
        "sellingGeneralAndAdministrativeExpenses": 14321411777,
        "otherExpenses": 0,
        "operatingExpenses": 14782547967,
        "costAndExpenses": 71810897556,
        "interestIncome": 452497163,
        "interestExpense": 4596557026,
        "depreciationAndAmortization": 4022806807,
        "ebitda": 13700300532,
        "ebitdaratio": 0.176564108,
        "operatingIncome": 4140028578,
        "operatingIncomeRatio": 0.053355067,
        "totalOtherIncomeExpensesNet": 940908120,
        "incomeBeforeTax": 5080936698,
        "incomeBeforeTaxRatio": 0.0654811224,
        "incomeTaxExpense": 2085443720,
        "netIncome": 2429466792,
        "netIncomeRatio": 0.0313100166,
        "eps": 12.12,
        "epsdiluted": 12.12,
        "weightedAverageShsOut": 208135372,
        "weightedAverageShsOutDil": 208135372,
        "link": "http://www.cbr.ru/eng/search/?text=MTLRP&category=Any&time=Any&dateFrom=&dateTo=",
        "finalLink": "http://www.cbr.ru/eng/search/?text=MTLRP&category=Any&time=Any&dateFrom=&dateTo="
    },
    {
        "date": "2012-06-30",
        "symbol": "MTL",
        "reportedCurrency": "RUB",
        "cik": "0001302362",
        "fillingDate": "2012-06-30",
        "acceptedDate": "2012-06-29 20:00:00",
        "calendarYear": "2012",
        "period": "Q2",
        "revenue": 109016550235,
        "costOfRevenue": 77207815109,
        "grossProfit": 31808735126,
        "grossProfitRatio": 0.2917789552,
        "researchAndDevelopmentExpenses": 0,
        "generalAndAdministrativeExpenses": 6033852980,
        "sellingAndMarketingExpenses": 16146710167,
        "sellingGeneralAndAdministrativeExpenses": 22180563148,
        "otherExpenses": 0,
        "operatingExpenses": 23561193842,
        "costAndExpenses": 100769008952,
        "interestIncome": 634114421,
        "interestExpense": 5808744447,
        "depreciationAndAmortization": 5570716240,
        "ebitda": -16250020136.55,
        "ebitdaratio": -0.1490601207,
        "operatingIncome": -14281240356.57,
        "operatingIncomeRatio": -0.131000663,
        "totalOtherIncomeExpensesNet": -13348240467.330002,
        "incomeBeforeTax": -27629480823.9,
        "incomeBeforeTaxRatio": -0.2534429934,
        "incomeTaxExpense": -851457667.89,
        "netIncome": -25991963490.33,
        "netIncomeRatio": -0.2384221793,
        "eps": -124.88,
        "epsdiluted": -124.88,
        "weightedAverageShsOut": 208135372,
        "weightedAverageShsOutDil": 208135372,
        "link": "http://www.cbr.ru/eng/search/?text=MTLRP&category=Any&time=Any&dateFrom=&dateTo=",
        "finalLink": "http://www.cbr.ru/eng/search/?text=MTLRP&category=Any&time=Any&dateFrom=&dateTo="
    },
    {
        "date": "2012-03-31",
        "symbol": "MTL",
        "reportedCurrency": "RUB",
        "cik": "0001302362",
        "fillingDate": "2012-03-31",
        "acceptedDate": "2012-03-30 20:00:00",
        "calendarYear": "2012",
        "period": "Q1",
        "revenue": 86511632798,
        "costOfRevenue": 57924157909,
        "grossProfit": 28587474889,
        "grossProfitRatio": 0.3304465997,
        "researchAndDevelopmentExpenses": 0,
        "generalAndAdministrativeExpenses": 3987624198,
        "sellingAndMarketingExpenses": 14443928044,
        "sellingGeneralAndAdministrativeExpenses": 18431552243,
        "otherExpenses": 0,
        "operatingExpenses": 19365628387,
        "costAndExpenses": 77289786296,
        "interestIncome": 550498473,
        "interestExpense": 4723195966,
        "depreciationAndAmortization": 4570586012,
        "ebitda": 14363605472,
        "ebitdaratio": 0.1660309141,
        "operatingIncome": 9209001928,
        "operatingIncomeRatio": 0.1064481345,
        "totalOtherIncomeExpensesNet": 639677350,
        "incomeBeforeTax": 9860028250,
        "incomeBeforeTaxRatio": 0.1139734384,
        "incomeTaxExpense": 3026158027,
        "netIncome": 6393518364,
        "netIncomeRatio": 0.0739035683,
        "eps": 30.72,
        "epsdiluted": 30.72,
        "weightedAverageShsOut": 208135372,
        "weightedAverageShsOutDil": 208135372,
        "link": "http://www.cbr.ru/eng/search/?text=MTLRP&category=Any&time=Any&dateFrom=&dateTo=",
        "finalLink": "http://www.cbr.ru/eng/search/?text=MTLRP&category=Any&time=Any&dateFrom=&dateTo="
    },
    {
        "date": "2011-12-31",
        "symbol": "MTL",
        "reportedCurrency": "RUB",
        "cik": "0001302362",
        "fillingDate": "2011-12-31",
        "acceptedDate": "2011-12-30 19:00:00",
        "calendarYear": "2011",
        "period": "Q4",
        "revenue": 94866759224,
        "costOfRevenue": 64569273656,
        "grossProfit": 30297485568,
        "grossProfitRatio": 0.3193688265,
        "researchAndDevelopmentExpenses": 0,
        "generalAndAdministrativeExpenses": 5287010547,
        "sellingAndMarketingExpenses": 12486959786,
        "sellingGeneralAndAdministrativeExpenses": 17773970333,
        "otherExpenses": 0,
        "operatingExpenses": 17770733354,
        "costAndExpenses": 82340007011,
        "interestIncome": 215197548,
        "interestExpense": 3680701818,
        "depreciationAndAmortization": 4514626485,
        "ebitda": 17667808620,
        "ebitdaratio": 0.1862381383,
        "operatingIncome": 12251962658,
        "operatingIncomeRatio": 0.1291491641,
        "totalOtherIncomeExpensesNet": -2779482342,
        "incomeBeforeTax": 9472480316,
        "incomeBeforeTaxRatio": 0.0998503627,
        "incomeTaxExpense": 2247194225,
        "netIncome": 6498592611,
        "netIncomeRatio": 0.0685023149,
        "eps": 31.18,
        "epsdiluted": 31.18,
        "weightedAverageShsOut": 208135372,
        "weightedAverageShsOutDil": 208135372,
        "link": "http://www.cbr.ru/eng/search/?text=MTLRP&category=Any&time=Any&dateFrom=&dateTo=",
        "finalLink": "http://www.cbr.ru/eng/search/?text=MTLRP&category=Any&time=Any&dateFrom=&dateTo="
    },
    {
        "date": "2011-09-30",
        "symbol": "MTL",
        "reportedCurrency": "RUB",
        "cik": "0001302362",
        "fillingDate": "2011-09-30",
        "acceptedDate": "2011-09-29 20:00:00",
        "calendarYear": "2011",
        "period": "Q3",
        "revenue": 126906246743,
        "costOfRevenue": 80667608997,
        "grossProfit": 46238637746,
        "grossProfitRatio": 0.3643527323,
        "researchAndDevelopmentExpenses": 0,
        "generalAndAdministrativeExpenses": 6268760695,
        "sellingAndMarketingExpenses": 18178838231,
        "sellingGeneralAndAdministrativeExpenses": 24447598927,
        "otherExpenses": 0,
        "operatingExpenses": 25815661410,
        "costAndExpenses": 106483270407,
        "interestIncome": 124764290,
        "interestExpense": 6125777908,
        "depreciationAndAmortization": 5620957138,
        "ebitda": 26176267760,
        "ebitdaratio": 0.2062646121,
        "operatingIncome": 20424565542,
        "operatingIncomeRatio": 0.1609421606,
        "totalOtherIncomeExpensesNet": -14690046303,
        "incomeBeforeTax": 5734519239,
        "incomeBeforeTaxRatio": 0.0451870525,
        "incomeTaxExpense": 2605327333,
        "netIncome": 2743432901,
        "netIncomeRatio": 0.0216177924,
        "eps": 11.74,
        "epsdiluted": 11.74,
        "weightedAverageShsOut": 208135372,
        "weightedAverageShsOutDil": 208135372,
        "link": "http://www.cbr.ru/eng/search/?text=MTLRP&category=Any&time=Any&dateFrom=&dateTo=",
        "finalLink": "http://www.cbr.ru/eng/search/?text=MTLRP&category=Any&time=Any&dateFrom=&dateTo="
    },
    {
        "date": "2011-06-30",
        "symbol": "MTL",
        "reportedCurrency": "RUB",
        "cik": "0001302362",
        "fillingDate": "2011-06-30",
        "acceptedDate": "2011-06-29 20:00:00",
        "calendarYear": "2011",
        "period": "Q2",
        "revenue": 95819961767,
        "costOfRevenue": 63152666721,
        "grossProfit": 32667295046,
        "grossProfitRatio": 0.3409236911,
        "researchAndDevelopmentExpenses": 0,
        "generalAndAdministrativeExpenses": 5557610504,
        "sellingAndMarketingExpenses": 13270837563,
        "sellingGeneralAndAdministrativeExpenses": 18828448067,
        "otherExpenses": 0,
        "operatingExpenses": 19624075112,
        "costAndExpenses": 82776741833,
        "interestIncome": 74113034,
        "interestExpense": 4150312075,
        "depreciationAndAmortization": 3812252254,
        "ebitda": 16936682428,
        "ebitdaratio": 0.1767552618,
        "operatingIncome": 13120573654,
        "operatingIncomeRatio": 0.1369294395,
        "totalOtherIncomeExpensesNet": -3952306334,
        "incomeBeforeTax": 9168267320,
        "incomeBeforeTaxRatio": 0.0956822269,
        "incomeTaxExpense": 3483245178,
        "netIncome": 5220295710,
        "netIncomeRatio": 0.0544802525,
        "eps": 14.54,
        "epsdiluted": 14.54,
        "weightedAverageShsOut": 208135372,
        "weightedAverageShsOutDil": 208135372,
        "link": "http://www.cbr.ru/eng/search/?text=MTLRP&category=Any&time=Any&dateFrom=&dateTo=",
        "finalLink": "http://www.cbr.ru/eng/search/?text=MTLRP&category=Any&time=Any&dateFrom=&dateTo="
    },
    {
        "date": "2011-03-31",
        "symbol": "MTL",
        "reportedCurrency": "RUB",
        "cik": "0001302362",
        "fillingDate": "2011-03-31",
        "acceptedDate": "2011-03-30 20:00:00",
        "calendarYear": "2011",
        "period": "Q1",
        "revenue": 83746881095,
        "costOfRevenue": 54597911337,
        "grossProfit": 29148969758,
        "grossProfitRatio": 0.3480603621,
        "researchAndDevelopmentExpenses": 0,
        "generalAndAdministrativeExpenses": 3847687980,
        "sellingAndMarketingExpenses": 11229194109,
        "sellingGeneralAndAdministrativeExpenses": 15076882090,
        "otherExpenses": 0,
        "operatingExpenses": 16197258693,
        "costAndExpenses": 70795170031,
        "interestIncome": 122888115,
        "interestExpense": 4004565819,
        "depreciationAndAmortization": 4001398011,
        "ebitda": 17072515457,
        "ebitdaratio": 0.2038585227,
        "operatingIncome": 12795489618,
        "operatingIncomeRatio": 0.1527876555,
        "totalOtherIncomeExpensesNet": 42608444,
        "incomeBeforeTax": 12838098062,
        "incomeBeforeTaxRatio": 0.153296432,
        "incomeTaxExpense": 3176341014,
        "netIncome": 8821802791,
        "netIncomeRatio": 0.1053388816,
        "eps": 42.38,
        "epsdiluted": 42.38,
        "weightedAverageShsOut": 208135372,
        "weightedAverageShsOutDil": 208135372,
        "link": "http://www.cbr.ru/eng/search/?text=MTLRP&category=Any&time=Any&dateFrom=&dateTo=",
        "finalLink": "http://www.cbr.ru/eng/search/?text=MTLRP&category=Any&time=Any&dateFrom=&dateTo="
    },
    {
        "date": "2010-12-31",
        "symbol": "MTL",
        "reportedCurrency": "RUB",
        "cik": "0001302362",
        "fillingDate": "2010-12-31",
        "acceptedDate": "2010-12-30 19:00:00",
        "calendarYear": "2010",
        "period": "Q4",
        "revenue": 86081168898,
        "costOfRevenue": 54909955448,
        "grossProfit": 31171213450,
        "grossProfitRatio": 0.3621141981,
        "researchAndDevelopmentExpenses": 0,
        "generalAndAdministrativeExpenses": 4026360956,
        "sellingAndMarketingExpenses": 11821665201,
        "sellingGeneralAndAdministrativeExpenses": 15848026157,
        "otherExpenses": 0,
        "operatingExpenses": 15638705651,
        "costAndExpenses": 70548661099,
        "interestIncome": 92869659,
        "interestExpense": 3796457150,
        "depreciationAndAmortization": 3510382377,
        "ebitda": 19130152597,
        "ebitdaratio": 0.2222338851,
        "operatingIncome": 15363149029,
        "operatingIncomeRatio": 0.1784728208,
        "totalOtherIncomeExpensesNet": -4426281701,
        "incomeBeforeTax": 10936867328,
        "incomeBeforeTaxRatio": 0.1270529602,
        "incomeTaxExpense": 4206890556,
        "netIncome": 6052848159,
        "netIncomeRatio": 0.0703155898,
        "eps": 29.08,
        "epsdiluted": 29.08,
        "weightedAverageShsOut": 208135372,
        "weightedAverageShsOutDil": 208135372,
        "link": "http://www.cbr.ru/eng/search/?text=MTLRP&category=Any&time=Any&dateFrom=&dateTo=",
        "finalLink": "http://www.cbr.ru/eng/search/?text=MTLRP&category=Any&time=Any&dateFrom=&dateTo="
    },
    {
        "date": "2010-09-30",
        "symbol": "MTL",
        "reportedCurrency": "RUB",
        "cik": "0001302362",
        "fillingDate": "2010-09-30",
        "acceptedDate": "2010-09-29 20:00:00",
        "calendarYear": "2010",
        "period": "Q3",
        "revenue": 76362119593,
        "costOfRevenue": 46755099890,
        "grossProfit": 29607019703,
        "grossProfitRatio": 0.3877186734,
        "researchAndDevelopmentExpenses": 0,
        "generalAndAdministrativeExpenses": 3742947405,
        "sellingAndMarketingExpenses": 11296841727,
        "sellingGeneralAndAdministrativeExpenses": 15039789133,
        "otherExpenses": 0,
        "operatingExpenses": 15483734075,
        "costAndExpenses": 62238833965,
        "interestIncome": 128923614,
        "interestExpense": 4199416384,
        "depreciationAndAmortization": 3470775010,
        "ebitda": 17726370676,
        "ebitdaratio": 0.2321356554,
        "operatingIncome": 14115884448,
        "operatingIncomeRatio": 0.1848545394,
        "totalOtherIncomeExpensesNet": -1274823352,
        "incomeBeforeTax": 12841061096,
        "incomeBeforeTaxRatio": 0.1681600925,
        "incomeTaxExpense": 2205406647,
        "netIncome": 10266472773,
        "netIncomeRatio": 0.1344445758,
        "eps": 49.36,
        "epsdiluted": 49.36,
        "weightedAverageShsOut": 208135372,
        "weightedAverageShsOutDil": 208135372,
        "link": "http://www.cbr.ru/eng/search/?text=MTLRP&category=Any&time=Any&dateFrom=&dateTo=",
        "finalLink": "http://www.cbr.ru/eng/search/?text=MTLRP&category=Any&time=Any&dateFrom=&dateTo="
    },
    {
        "date": "2010-06-30",
        "symbol": "MTL",
        "reportedCurrency": "RUB",
        "cik": "0001302362",
        "fillingDate": "2010-06-30",
        "acceptedDate": "2010-06-29 20:00:00",
        "calendarYear": "2010",
        "period": "Q2",
        "revenue": 79582763433,
        "costOfRevenue": 49375595372,
        "grossProfit": 30207168061,
        "grossProfitRatio": 0.3795692278,
        "researchAndDevelopmentExpenses": 0,
        "generalAndAdministrativeExpenses": 4779116832,
        "sellingAndMarketingExpenses": 10493162062,
        "sellingGeneralAndAdministrativeExpenses": 15272278895,
        "otherExpenses": 0,
        "operatingExpenses": 17021041255,
        "costAndExpenses": 66396636628,
        "interestIncome": 163611954,
        "interestExpense": 5374111252,
        "depreciationAndAmortization": 3975141836,
        "ebitda": 17377226554,
        "ebitdaratio": 0.2183541486,
        "operatingIncome": 13033244603,
        "operatingIncomeRatio": 0.1637696913,
        "totalOtherIncomeExpensesNet": -10894122452,
        "incomeBeforeTax": 2139122151,
        "incomeBeforeTaxRatio": 0.0268792143,
        "incomeTaxExpense": 796749564,
        "netIncome": 1346942025,
        "netIncomeRatio": 0.0169250472,
        "eps": 5.14,
        "epsdiluted": 5.14,
        "weightedAverageShsOut": 208135372,
        "weightedAverageShsOutDil": 208135372,
        "link": "http://www.cbr.ru/eng/search/?text=MTLRP&category=Any&time=Any&dateFrom=&dateTo=",
        "finalLink": "http://www.cbr.ru/eng/search/?text=MTLRP&category=Any&time=Any&dateFrom=&dateTo="
    },
    {
        "date": "2010-03-31",
        "symbol": "MTL",
        "reportedCurrency": "RUB",
        "cik": "0001302362",
        "fillingDate": "2010-03-31",
        "acceptedDate": "2010-03-30 20:00:00",
        "calendarYear": "2010",
        "period": "Q1",
        "revenue": 56109087729,
        "costOfRevenue": 37069201913,
        "grossProfit": 19039885816,
        "grossProfitRatio": 0.3393369343,
        "researchAndDevelopmentExpenses": 0,
        "generalAndAdministrativeExpenses": 3347386718,
        "sellingAndMarketingExpenses": 10294212092,
        "sellingGeneralAndAdministrativeExpenses": 13641598810,
        "otherExpenses": 0,
        "operatingExpenses": 14681338885,
        "costAndExpenses": 51750540798,
        "interestIncome": 139740168,
        "interestExpense": 3711602800,
        "depreciationAndAmortization": 3561292807,
        "ebitda": 8045673797,
        "ebitdaratio": 0.1433934167,
        "operatingIncome": 4358546931,
        "operatingIncomeRatio": 0.0776798752,
        "totalOtherIncomeExpensesNet": -644818356,
        "incomeBeforeTax": 3713728575,
        "incomeBeforeTaxRatio": 0.0661876485,
        "incomeTaxExpense": 1253970934,
        "netIncome": 2438145597,
        "netIncomeRatio": 0.0434536667,
        "eps": 11.72,
        "epsdiluted": 11.72,
        "weightedAverageShsOut": 208135372,
        "weightedAverageShsOutDil": 208135372,
        "link": "http://www.cbr.ru/eng/search/?text=MTLRP&category=Any&time=Any&dateFrom=&dateTo=",
        "finalLink": "http://www.cbr.ru/eng/search/?text=MTLRP&category=Any&time=Any&dateFrom=&dateTo="
    },
    {
        "date": "2009-12-31",
        "symbol": "MTL",
        "reportedCurrency": "RUB",
        "cik": "0001302362",
        "fillingDate": "2009-12-31",
        "acceptedDate": "2009-12-30 19:00:00",
        "calendarYear": "2009",
        "period": "Q4",
        "revenue": 52306436804,
        "costOfRevenue": 34980230360,
        "grossProfit": 17326206444,
        "grossProfitRatio": 0.3312442503,
        "researchAndDevelopmentExpenses": 0,
        "generalAndAdministrativeExpenses": 2085499719,
        "sellingAndMarketingExpenses": 10174678335,
        "sellingGeneralAndAdministrativeExpenses": 12260178055,
        "otherExpenses": 0,
        "operatingExpenses": 12828926465,
        "costAndExpenses": 47809156826,
        "interestIncome": 399107257,
        "interestExpense": 3885274689,
        "depreciationAndAmortization": 4061777027,
        "ebitda": 8974544896,
        "ebitdaratio": 0.1715763001,
        "operatingIncome": 3972136980,
        "operatingIncomeRatio": 0.0759397356,
        "totalOtherIncomeExpensesNet": 8973682882,
        "incomeBeforeTax": 12945819862,
        "incomeBeforeTaxRatio": 0.2474995556,
        "incomeTaxExpense": 452232656,
        "netIncome": 12420942696,
        "netIncomeRatio": 0.2374648983,
        "eps": 39.96,
        "epsdiluted": 39.96,
        "weightedAverageShsOut": 208135372,
        "weightedAverageShsOutDil": 208135372,
        "link": "http://www.cbr.ru/eng/search/?text=MTLRP&category=Any&time=Any&dateFrom=&dateTo=",
        "finalLink": "http://www.cbr.ru/eng/search/?text=MTLRP&category=Any&time=Any&dateFrom=&dateTo="
    },
    {
        "date": "2009-09-30",
        "symbol": "MTL",
        "reportedCurrency": "RUB",
        "cik": "0001302362",
        "fillingDate": "2009-09-30",
        "acceptedDate": "2009-09-29 20:00:00",
        "calendarYear": "2009",
        "period": "Q3",
        "revenue": 44394651292,
        "costOfRevenue": 29057024010,
        "grossProfit": 15337627282,
        "grossProfitRatio": 0.3454836751,
        "researchAndDevelopmentExpenses": 0,
        "generalAndAdministrativeExpenses": 3146613133,
        "sellingAndMarketingExpenses": 7038660195,
        "sellingGeneralAndAdministrativeExpenses": 10185273329,
        "otherExpenses": 0,
        "operatingExpenses": 10634171670,
        "costAndExpenses": 39691195681,
        "interestIncome": 57487014,
        "interestExpense": 3961588581,
        "depreciationAndAmortization": 3033629157,
        "ebitda": 13350084606,
        "ebitdaratio": 0.3007138071,
        "operatingIncome": 4706481371,
        "operatingIncomeRatio": 0.1060146039,
        "totalOtherIncomeExpensesNet": 1648385495,
        "incomeBeforeTax": 6354866866,
        "incomeBeforeTaxRatio": 0.1431448763,
        "incomeTaxExpense": 1235801417,
        "netIncome": 4495918457,
        "netIncomeRatio": 0.1012716245,
        "eps": 41.74,
        "epsdiluted": 41.74,
        "weightedAverageShsOut": 208135372,
        "weightedAverageShsOutDil": 208135372,
        "link": "http://www.cbr.ru/eng/search/?text=MTLRP&category=Any&time=Any&dateFrom=&dateTo=",
        "finalLink": "http://www.cbr.ru/eng/search/?text=MTLRP&category=Any&time=Any&dateFrom=&dateTo="
    },
    {
        "date": "2009-06-30",
        "symbol": "MTL",
        "reportedCurrency": "RUB",
        "cik": "0001302362",
        "fillingDate": "2009-06-30",
        "acceptedDate": "2009-06-29 20:00:00",
        "calendarYear": "2009",
        "period": "Q2",
        "revenue": 36681178682,
        "costOfRevenue": 28030047929,
        "grossProfit": 8651130753,
        "grossProfitRatio": 0.2358465857,
        "researchAndDevelopmentExpenses": 0,
        "generalAndAdministrativeExpenses": 3114366323,
        "sellingAndMarketingExpenses": 6420438551,
        "sellingGeneralAndAdministrativeExpenses": 9534804874,
        "otherExpenses": 0,
        "operatingExpenses": 10286180169,
        "costAndExpenses": 38316228098,
        "interestIncome": 156145494,
        "interestExpense": 3166356415,
        "depreciationAndAmortization": 2814776170,
        "ebitda": 8230188707,
        "ebitdaratio": 0.22437089,
        "operatingIncome": -1743906305.29,
        "operatingIncomeRatio": -0.0475422647,
        "totalOtherIncomeExpensesNet": 8910065010,
        "incomeBeforeTax": 7166158705,
        "incomeBeforeTaxRatio": 0.1953633706,
        "incomeTaxExpense": -1880983706.94,
        "netIncome": 8738711783,
        "netIncomeRatio": 0.2382342143,
        "eps": 21.84,
        "epsdiluted": 21.84,
        "weightedAverageShsOut": 208135372,
        "weightedAverageShsOutDil": 208135372,
        "link": "http://www.cbr.ru/eng/search/?text=MTLRP&category=Any&time=Any&dateFrom=&dateTo=",
        "finalLink": "http://www.cbr.ru/eng/search/?text=MTLRP&category=Any&time=Any&dateFrom=&dateTo="
    },
    {
        "date": "2009-03-31",
        "symbol": "MTL",
        "reportedCurrency": "RUB",
        "cik": "0001302362",
        "fillingDate": "2009-03-31",
        "acceptedDate": "2009-03-30 20:00:00",
        "calendarYear": "2009",
        "period": "Q1",
        "revenue": 40013744199,
        "costOfRevenue": 27284616630,
        "grossProfit": 12729127569,
        "grossProfitRatio": 0.318118882,
        "researchAndDevelopmentExpenses": 0,
        "generalAndAdministrativeExpenses": 3390059689,
        "sellingAndMarketingExpenses": 8393045738,
        "sellingGeneralAndAdministrativeExpenses": 11783105427,
        "otherExpenses": 0,
        "operatingExpenses": 12261544827,
        "costAndExpenses": 39546161458,
        "interestIncome": 33486008,
        "interestExpense": 4023274337,
        "depreciationAndAmortization": 2556505752,
        "ebitda": -17017541879.52,
        "ebitdaratio": -0.4252924144,
        "operatingIncome": 467548813,
        "operatingIncomeRatio": 0.0116847054,
        "totalOtherIncomeExpensesNet": -24064870781.86,
        "incomeBeforeTax": -23597355895.92,
        "incomeBeforeTaxRatio": -0.5897312628,
        "incomeTaxExpense": 762273184,
        "netIncome": -23433454269.06,
        "netIncomeRatio": -0.5856351296,
        "eps": -112.58,
        "epsdiluted": -112.58,
        "weightedAverageShsOut": 208135372,
        "weightedAverageShsOutDil": 208135372,
        "link": "http://www.cbr.ru/eng/search/?text=MTLRP&category=Any&time=Any&dateFrom=&dateTo=",
        "finalLink": "http://www.cbr.ru/eng/search/?text=MTLRP&category=Any&time=Any&dateFrom=&dateTo="
    },
    {
        "date": "2008-12-31",
        "symbol": "MTL",
        "reportedCurrency": "RUB",
        "cik": "0001302362",
        "fillingDate": "2008-12-31",
        "acceptedDate": "2008-12-30 19:00:00",
        "calendarYear": "2008",
        "period": "Q4",
        "revenue": 73898179955,
        "costOfRevenue": 46833054674,
        "grossProfit": 27065125281,
        "grossProfitRatio": 0.3662488751,
        "researchAndDevelopmentExpenses": 0,
        "generalAndAdministrativeExpenses": 0,
        "sellingAndMarketingExpenses": 0,
        "sellingGeneralAndAdministrativeExpenses": 19703101748,
        "otherExpenses": 0,
        "operatingExpenses": 23492754851,
        "costAndExpenses": 70325809525,
        "interestIncome": 0,
        "interestExpense": 0,
        "depreciationAndAmortization": 4666551517,
        "ebitda": 3838392564,
        "ebitdaratio": 0.0519416387,
        "operatingIncome": 3508535963,
        "operatingIncomeRatio": 0.0474779753,
        "totalOtherIncomeExpensesNet": -26065106969.12,
        "incomeBeforeTax": -22556571006.12,
        "incomeBeforeTaxRatio": -0.305238519,
        "incomeTaxExpense": -13803143261.48,
        "netIncome": -8307107574.64,
        "netIncomeRatio": -0.1124128846,
        "eps": -39.92,
        "epsdiluted": -39.92,
        "weightedAverageShsOut": 208135372,
        "weightedAverageShsOutDil": 208135372,
        "link": "http://www.cbr.ru/eng/search/?text=MTLRP&category=Any&time=Any&dateFrom=&dateTo=",
        "finalLink": "http://www.cbr.ru/eng/search/?text=MTLRP&category=Any&time=Any&dateFrom=&dateTo="
    },
    {
        "date": "2008-09-30",
        "symbol": "MTL",
        "reportedCurrency": "RUB",
        "cik": "0001302362",
        "fillingDate": "2008-09-30",
        "acceptedDate": "2008-09-29 20:00:00",
        "calendarYear": "2008",
        "period": "Q3",
        "revenue": 82901947895,
        "costOfRevenue": 38852767199,
        "grossProfit": 44049180696,
        "grossProfitRatio": 0.5313407201,
        "researchAndDevelopmentExpenses": 0,
        "generalAndAdministrativeExpenses": 0,
        "sellingAndMarketingExpenses": 0,
        "sellingGeneralAndAdministrativeExpenses": 12499474180,
        "otherExpenses": 0,
        "operatingExpenses": 13212704387,
        "costAndExpenses": 52065471586,
        "interestIncome": 0,
        "interestExpense": 0,
        "depreciationAndAmortization": 3597867593,
        "ebitda": 34434343902,
        "ebitdaratio": 0.4153623018,
        "operatingIncome": 30815336720,
        "operatingIncomeRatio": 0.3717082349,
        "totalOtherIncomeExpensesNet": -9846224972,
        "incomeBeforeTax": 20969111748,
        "incomeBeforeTaxRatio": 0.2529387099,
        "incomeTaxExpense": 6329998257,
        "netIncome": 13743323442,
        "netIncomeRatio": 0.1657780522,
        "eps": 66.04,
        "epsdiluted": 66.04,
        "weightedAverageShsOut": 208135372,
        "weightedAverageShsOutDil": 208135372,
        "link": "http://www.cbr.ru/eng/search/?text=MTLRP&category=Any&time=Any&dateFrom=&dateTo=",
        "finalLink": "http://www.cbr.ru/eng/search/?text=MTLRP&category=Any&time=Any&dateFrom=&dateTo="
    },
    {
        "date": "2008-06-30",
        "symbol": "MTL",
        "reportedCurrency": "RUB",
        "cik": "0001302362",
        "fillingDate": "2008-06-30",
        "acceptedDate": "2008-06-29 20:00:00",
        "calendarYear": "2008",
        "period": "Q2",
        "revenue": 70899908160,
        "costOfRevenue": 34588876843,
        "grossProfit": 36311031317,
        "grossProfitRatio": 0.5121449697,
        "researchAndDevelopmentExpenses": 0,
        "generalAndAdministrativeExpenses": 0,
        "sellingAndMarketingExpenses": 0,
        "sellingGeneralAndAdministrativeExpenses": 12178690797,
        "otherExpenses": 0,
        "operatingExpenses": 13661652586,
        "costAndExpenses": 48250529429,
        "interestIncome": 0,
        "interestExpense": 0,
        "depreciationAndAmortization": 2774674288,
        "ebitda": 25462492010,
        "ebitdaratio": 0.3591329336,
        "operatingIncome": 22629547704,
        "operatingIncomeRatio": 0.3191759805,
        "totalOtherIncomeExpensesNet": -1716733211,
        "incomeBeforeTax": 20912814493,
        "incomeBeforeTaxRatio": 0.2949625047,
        "incomeTaxExpense": 5699554258,
        "netIncome": 14122600733,
        "netIncomeRatio": 0.1991906774,
        "eps": 67.86,
        "epsdiluted": 67.86,
        "weightedAverageShsOut": 208135372,
        "weightedAverageShsOutDil": 208135372,
        "link": "http://www.cbr.ru/eng/search/?text=MTLRP&category=Any&time=Any&dateFrom=&dateTo=",
        "finalLink": "http://www.cbr.ru/eng/search/?text=MTLRP&category=Any&time=Any&dateFrom=&dateTo="
    },
    {
        "date": "2008-03-31",
        "symbol": "MTL",
        "reportedCurrency": "RUB",
        "cik": "0001302362",
        "fillingDate": "2008-03-31",
        "acceptedDate": "2008-03-30 20:00:00",
        "calendarYear": "2008",
        "period": "Q1",
        "revenue": 54602622874,
        "costOfRevenue": 29193440901,
        "grossProfit": 25409181973,
        "grossProfitRatio": 0.4653472789,
        "researchAndDevelopmentExpenses": 0,
        "generalAndAdministrativeExpenses": 0,
        "sellingAndMarketingExpenses": 0,
        "sellingGeneralAndAdministrativeExpenses": 9825161063,
        "otherExpenses": 0,
        "operatingExpenses": 10330004099,
        "costAndExpenses": 39523445000,
        "interestIncome": 115786029,
        "interestExpense": 1320950438,
        "depreciationAndAmortization": 2650906716,
        "ebitda": 20906355464,
        "ebitdaratio": 0.3828818903,
        "operatingIncome": 15059899746,
        "operatingIncomeRatio": 0.2758090904,
        "totalOtherIncomeExpensesNet": 1913037555,
        "incomeBeforeTax": 16972937301,
        "incomeBeforeTaxRatio": 0.3108447252,
        "incomeTaxExpense": 4347452305,
        "netIncome": 11726566074,
        "netIncomeRatio": 0.2147619557,
        "eps": 56.28,
        "epsdiluted": 56.28,
        "weightedAverageShsOut": 208135372,
        "weightedAverageShsOutDil": 208135372,
        "link": "http://www.cbr.ru/eng/search/?text=MTLRP&category=Any&time=Any&dateFrom=&dateTo=",
        "finalLink": "http://www.cbr.ru/eng/search/?text=MTLRP&category=Any&time=Any&dateFrom=&dateTo="
    },
    {
        "date": "2007-12-31",
        "symbol": "MTL",
        "reportedCurrency": "RUB",
        "cik": "0001302362",
        "fillingDate": "2007-12-31",
        "acceptedDate": "2007-12-30 19:00:00",
        "calendarYear": "2007",
        "period": "Q4",
        "revenue": 48752461089,
        "costOfRevenue": 32060715672,
        "grossProfit": 16691745417,
        "grossProfitRatio": 0.3423774932,
        "researchAndDevelopmentExpenses": 0,
        "generalAndAdministrativeExpenses": 0,
        "sellingAndMarketingExpenses": 0,
        "sellingGeneralAndAdministrativeExpenses": 8508439742,
        "otherExpenses": 0,
        "operatingExpenses": 8489013952,
        "costAndExpenses": 40549729624,
        "interestIncome": 0,
        "interestExpense": 0,
        "depreciationAndAmortization": 2547170565,
        "ebitda": 10749902030,
        "ebitdaratio": 0.2204996792,
        "operatingIncome": 8208834045,
        "operatingIncomeRatio": 0.168377839,
        "totalOtherIncomeExpensesNet": -897958455,
        "incomeBeforeTax": 7310875590,
        "incomeBeforeTaxRatio": 0.1499591083,
        "incomeTaxExpense": 1827434571,
        "netIncome": 4890765472,
        "netIncomeRatio": 0.1003183298,
        "eps": 23.14,
        "epsdiluted": 23.14,
        "weightedAverageShsOut": 208135372,
        "weightedAverageShsOutDil": 208135372,
        "link": "http://www.cbr.ru/eng/search/?text=MTLRP&category=Any&time=Any&dateFrom=&dateTo=",
        "finalLink": "http://www.cbr.ru/eng/search/?text=MTLRP&category=Any&time=Any&dateFrom=&dateTo="
    },
    {
        "date": "2007-09-30",
        "symbol": "MTL",
        "reportedCurrency": "RUB",
        "cik": "0001302362",
        "fillingDate": "2007-09-30",
        "acceptedDate": "2007-09-29 20:00:00",
        "calendarYear": "2007",
        "period": "Q3",
        "revenue": 41244886472,
        "costOfRevenue": 26545100867,
        "grossProfit": 14699785605,
        "grossProfitRatio": 0.3564026201,
        "researchAndDevelopmentExpenses": 0,
        "generalAndAdministrativeExpenses": 0,
        "sellingAndMarketingExpenses": 0,
        "sellingGeneralAndAdministrativeExpenses": 6237121176,
        "otherExpenses": 0,
        "operatingExpenses": 6903067360,
        "costAndExpenses": 33448168228,
        "interestIncome": 0,
        "interestExpense": 0,
        "depreciationAndAmortization": 1602222596,
        "ebitda": 9398940841,
        "ebitdaratio": 0.2278813605,
        "operatingIncome": 7766556378,
        "operatingIncomeRatio": 0.1883034975,
        "totalOtherIncomeExpensesNet": 434638954,
        "incomeBeforeTax": 8201195332,
        "incomeBeforeTaxRatio": 0.1988415058,
        "incomeTaxExpense": 2238636583,
        "netIncome": 5380166401,
        "netIncomeRatio": 0.1304444468,
        "eps": 25.8,
        "epsdiluted": 25.8,
        "weightedAverageShsOut": 208135372,
        "weightedAverageShsOutDil": 208135372,
        "link": "http://www.cbr.ru/eng/search/?text=MTLRP&category=Any&time=Any&dateFrom=&dateTo=",
        "finalLink": "http://www.cbr.ru/eng/search/?text=MTLRP&category=Any&time=Any&dateFrom=&dateTo="
    },
    {
        "date": "2007-06-30",
        "symbol": "MTL",
        "reportedCurrency": "RUB",
        "cik": "0001302362",
        "fillingDate": "2007-06-30",
        "acceptedDate": "2007-06-29 20:00:00",
        "calendarYear": "2007",
        "period": "Q2",
        "revenue": 40448500564,
        "costOfRevenue": 22810004585,
        "grossProfit": 17638495979,
        "grossProfitRatio": 0.4360729256,
        "researchAndDevelopmentExpenses": 0,
        "generalAndAdministrativeExpenses": 0,
        "sellingAndMarketingExpenses": 0,
        "sellingGeneralAndAdministrativeExpenses": 5900495090,
        "otherExpenses": 0,
        "operatingExpenses": 7018645194,
        "costAndExpenses": 29828649779,
        "interestIncome": 0,
        "interestExpense": 0,
        "depreciationAndAmortization": 1609630500,
        "ebitda": 12877555109,
        "ebitdaratio": 0.318369159,
        "operatingIncome": 10592579458,
        "operatingIncomeRatio": 0.2618781737,
        "totalOtherIncomeExpensesNet": -338251995,
        "incomeBeforeTax": 10902401289,
        "incomeBeforeTaxRatio": 0.2695378354,
        "incomeTaxExpense": 2550705886,
        "netIncome": 7324939006,
        "netIncomeRatio": 0.1810929677,
        "eps": 36.94,
        "epsdiluted": 36.94,
        "weightedAverageShsOut": 208135372,
        "weightedAverageShsOutDil": 208135372,
        "link": "http://www.cbr.ru/eng/search/?text=MTLRP&category=Any&time=Any&dateFrom=&dateTo=",
        "finalLink": "http://www.cbr.ru/eng/search/?text=MTLRP&category=Any&time=Any&dateFrom=&dateTo="
    },
    {
        "date": "2007-03-31",
        "symbol": "MTL",
        "reportedCurrency": "RUB",
        "cik": "0001302362",
        "fillingDate": "2007-03-31",
        "acceptedDate": "2007-03-30 20:00:00",
        "calendarYear": "2007",
        "period": "Q1",
        "revenue": 36795292346,
        "costOfRevenue": 22753349956,
        "grossProfit": 14041942390,
        "grossProfitRatio": 0.3816233408,
        "researchAndDevelopmentExpenses": 0,
        "generalAndAdministrativeExpenses": 0,
        "sellingAndMarketingExpenses": 0,
        "sellingGeneralAndAdministrativeExpenses": 5147982972,
        "otherExpenses": 0,
        "operatingExpenses": 5501706412,
        "costAndExpenses": 28255056369,
        "interestIncome": 0,
        "interestExpense": 0,
        "depreciationAndAmortization": 1373322034,
        "ebitda": 9913558011,
        "ebitdaratio": 0.2694246296,
        "operatingIncome": 8513240336,
        "operatingIncomeRatio": 0.2313676504,
        "totalOtherIncomeExpensesNet": -140122706,
        "incomeBeforeTax": 8373117630,
        "incomeBeforeTaxRatio": 0.227559481,
        "incomeTaxExpense": 2328926149,
        "netIncome": 5326741402,
        "netIncomeRatio": 0.144766927,
        "eps": 8.48,
        "epsdiluted": 8.48,
        "weightedAverageShsOut": 208343716,
        "weightedAverageShsOutDil": 208343716,
        "link": "http://www.cbr.ru/eng/search/?text=MTLRP&category=Any&time=Any&dateFrom=&dateTo=",
        "finalLink": "http://www.cbr.ru/eng/search/?text=MTLRP&category=Any&time=Any&dateFrom=&dateTo="
    },
    {
        "date": "2006-12-31",
        "symbol": "MTL",
        "reportedCurrency": "RUB",
        "cik": "0001302362",
        "fillingDate": "2006-12-31",
        "acceptedDate": "2006-12-30 19:00:00",
        "calendarYear": "2006",
        "period": "Q4",
        "revenue": 31582510786,
        "costOfRevenue": 20056755532,
        "grossProfit": 11525755254,
        "grossProfitRatio": 0.3649410692,
        "researchAndDevelopmentExpenses": 0,
        "generalAndAdministrativeExpenses": 0,
        "sellingAndMarketingExpenses": 0,
        "sellingGeneralAndAdministrativeExpenses": 4724307535,
        "otherExpenses": 0,
        "operatingExpenses": 5165663760,
        "costAndExpenses": 25222419292,
        "interestIncome": 0,
        "interestExpense": 0,
        "depreciationAndAmortization": 1487943767,
        "ebitda": 7848035260,
        "ebitdaratio": 0.2484930762,
        "operatingIncome": 6161012308,
        "operatingIncomeRatio": 0.1950767103,
        "totalOtherIncomeExpensesNet": 3181941621,
        "incomeBeforeTax": 9342953929,
        "incomeBeforeTaxRatio": 0.2958268262,
        "incomeTaxExpense": 2794869552,
        "netIncome": 5908173431,
        "netIncomeRatio": 0.1870710493,
        "eps": 28.66,
        "epsdiluted": 28.66,
        "weightedAverageShsOut": 207565041,
        "weightedAverageShsOutDil": 207565041,
        "link": "http://www.cbr.ru/eng/search/?text=MTLRP&category=Any&time=Any&dateFrom=&dateTo=",
        "finalLink": "http://www.cbr.ru/eng/search/?text=MTLRP&category=Any&time=Any&dateFrom=&dateTo="
    },
    {
        "date": "2006-09-30",
        "symbol": "MTL",
        "reportedCurrency": "RUB",
        "cik": "0001302362",
        "fillingDate": "2006-09-30",
        "acceptedDate": "2006-09-29 20:00:00",
        "calendarYear": "2006",
        "period": "Q3",
        "revenue": 32554711064,
        "costOfRevenue": 20112310177,
        "grossProfit": 12442400887,
        "grossProfitRatio": 0.3821997026,
        "researchAndDevelopmentExpenses": 0,
        "generalAndAdministrativeExpenses": 0,
        "sellingAndMarketingExpenses": 0,
        "sellingGeneralAndAdministrativeExpenses": 4559235394,
        "otherExpenses": 0,
        "operatingExpenses": 5096287379,
        "costAndExpenses": 25208597557,
        "interestIncome": 0,
        "interestExpense": 0,
        "depreciationAndAmortization": 1468221219,
        "ebitda": 8752822636,
        "ebitdaratio": 0.2688650075,
        "operatingIncome": 7327333030,
        "operatingIncomeRatio": 0.2250775016,
        "totalOtherIncomeExpensesNet": -275250529,
        "incomeBeforeTax": 7052082501,
        "incomeBeforeTaxRatio": 0.2166224878,
        "incomeTaxExpense": 1803943847,
        "netIncome": 5102395722,
        "netIncomeRatio": 0.1567329445,
        "eps": 25.16,
        "epsdiluted": 25.16,
        "weightedAverageShsOut": 203464557,
        "weightedAverageShsOutDil": 203464557,
        "link": "http://www.cbr.ru/eng/search/?text=MTLRP&category=Any&time=Any&dateFrom=&dateTo=",
        "finalLink": "http://www.cbr.ru/eng/search/?text=MTLRP&category=Any&time=Any&dateFrom=&dateTo="
    },
    {
        "date": "2006-06-30",
        "symbol": "MTL",
        "reportedCurrency": "RUB",
        "cik": "0001302362",
        "fillingDate": "2006-06-30",
        "acceptedDate": "2006-06-29 20:00:00",
        "calendarYear": "2006",
        "period": "Q2",
        "revenue": 28824664182,
        "costOfRevenue": 19531446182,
        "grossProfit": 9293218000,
        "grossProfitRatio": 0.3224050744,
        "researchAndDevelopmentExpenses": 0,
        "generalAndAdministrativeExpenses": 0,
        "sellingAndMarketingExpenses": 0,
        "sellingGeneralAndAdministrativeExpenses": 4662619747,
        "otherExpenses": 0,
        "operatingExpenses": 5231672868,
        "costAndExpenses": 24763119051,
        "interestIncome": 0,
        "interestExpense": 0,
        "depreciationAndAmortization": 1157955588,
        "ebitda": 5219500719,
        "ebitdaratio": 0.1810775899,
        "operatingIncome": 4042418197,
        "operatingIncomeRatio": 0.1402416407,
        "totalOtherIncomeExpensesNet": 213619904,
        "incomeBeforeTax": 4256038101,
        "incomeBeforeTaxRatio": 0.1476526517,
        "incomeTaxExpense": 973109582,
        "netIncome": 3190974177,
        "netIncomeRatio": 0.110702909,
        "eps": 15.82,
        "epsdiluted": 15.82,
        "weightedAverageShsOut": 201811094,
        "weightedAverageShsOutDil": 201811094,
        "link": "http://www.cbr.ru/eng/search/?text=MTLRP&category=Any&time=Any&dateFrom=&dateTo=",
        "finalLink": "http://www.cbr.ru/eng/search/?text=MTLRP&category=Any&time=Any&dateFrom=&dateTo="
    },
    {
        "date": "2006-03-31",
        "symbol": "MTL",
        "reportedCurrency": "RUB",
        "cik": "0001302362",
        "fillingDate": "2006-03-31",
        "acceptedDate": "2006-03-30 19:00:00",
        "calendarYear": "2006",
        "period": "Q1",
        "revenue": 23640536719,
        "costOfRevenue": 16389567827,
        "grossProfit": 7250968892,
        "grossProfitRatio": 0.3067176087,
        "researchAndDevelopmentExpenses": 0,
        "generalAndAdministrativeExpenses": 0,
        "sellingAndMarketingExpenses": 0,
        "sellingGeneralAndAdministrativeExpenses": 4607134607,
        "otherExpenses": 0,
        "operatingExpenses": 5593811911,
        "costAndExpenses": 21983379738,
        "interestIncome": 0,
        "interestExpense": 0,
        "depreciationAndAmortization": 1160674632,
        "ebitda": 2817831613,
        "ebitdaratio": 0.1191949086,
        "operatingIncome": 1634057048,
        "operatingIncomeRatio": 0.0691209792,
        "totalOtherIncomeExpensesNet": 560658058,
        "incomeBeforeTax": 2194715106,
        "incomeBeforeTaxRatio": 0.0928369407,
        "incomeTaxExpense": 517006388,
        "netIncome": 1741635148,
        "netIncomeRatio": 0.073671557,
        "eps": 8.86,
        "epsdiluted": 8.86,
        "weightedAverageShsOut": 201839106,
        "weightedAverageShsOutDil": 201839106,
        "link": "http://www.cbr.ru/eng/search/?text=MTLRP&category=Any&time=Any&dateFrom=&dateTo=",
        "finalLink": "http://www.cbr.ru/eng/search/?text=MTLRP&category=Any&time=Any&dateFrom=&dateTo="
    },
    {
        "date": "2005-12-31",
        "symbol": "MTL",
        "reportedCurrency": "RUB",
        "cik": "0001302362",
        "fillingDate": "2005-12-31",
        "acceptedDate": "2005-12-30 19:00:00",
        "calendarYear": "2005",
        "period": "Q4",
        "revenue": 26413340052,
        "costOfRevenue": 18181878872,
        "grossProfit": 8231461180,
        "grossProfitRatio": 0.3116402986,
        "researchAndDevelopmentExpenses": 0,
        "generalAndAdministrativeExpenses": 0,
        "sellingAndMarketingExpenses": 0,
        "sellingGeneralAndAdministrativeExpenses": 5234971092,
        "otherExpenses": 0,
        "operatingExpenses": 6198166645,
        "costAndExpenses": 24380045517,
        "interestIncome": 0,
        "interestExpense": 0,
        "depreciationAndAmortization": 1540040462,
        "ebitda": 3573334997,
        "ebitdaratio": 0.1352852381,
        "operatingIncome": 1939950198,
        "operatingIncomeRatio": 0.0734458495,
        "totalOtherIncomeExpensesNet": 1370434769,
        "incomeBeforeTax": 3310384967,
        "incomeBeforeTaxRatio": 0.1253300401,
        "incomeTaxExpense": 1212471788,
        "netIncome": 1986142290,
        "netIncomeRatio": 0.0751946663,
        "eps": 10.2,
        "epsdiluted": 10.2,
        "weightedAverageShsOut": 200954058,
        "weightedAverageShsOutDil": 200954058,
        "link": "http://www.cbr.ru/eng/search/?text=MTLRP&category=Any&time=Any&dateFrom=&dateTo=",
        "finalLink": "http://www.cbr.ru/eng/search/?text=MTLRP&category=Any&time=Any&dateFrom=&dateTo="
    },
    {
        "date": "2005-09-30",
        "symbol": "MTL",
        "reportedCurrency": "RUB",
        "cik": "0001302362",
        "fillingDate": "2005-09-30",
        "acceptedDate": "2005-09-29 20:00:00",
        "calendarYear": "2005",
        "period": "Q3",
        "revenue": 21858742160,
        "costOfRevenue": 14508622735,
        "grossProfit": 7350119425,
        "grossProfitRatio": 0.3362553696,
        "researchAndDevelopmentExpenses": 0,
        "generalAndAdministrativeExpenses": 0,
        "sellingAndMarketingExpenses": 0,
        "sellingGeneralAndAdministrativeExpenses": 4281582848,
        "otherExpenses": 0,
        "operatingExpenses": 4795874343,
        "costAndExpenses": 19304497078,
        "interestIncome": 0,
        "interestExpense": 0,
        "depreciationAndAmortization": 1069445447,
        "ebitda": 3641586858,
        "ebitdaratio": 0.1665963591,
        "operatingIncome": 2554245081,
        "operatingIncomeRatio": 0.1168523359,
        "totalOtherIncomeExpensesNet": 127782073,
        "incomeBeforeTax": 2682027154,
        "incomeBeforeTaxRatio": 0.1226981468,
        "incomeTaxExpense": 616853421,
        "netIncome": 2025961392,
        "netIncomeRatio": 0.0926842623,
        "eps": 10.24,
        "epsdiluted": 10.24,
        "weightedAverageShsOut": 201761100,
        "weightedAverageShsOutDil": 201761100,
        "link": "http://www.cbr.ru/eng/search/?text=MTLRP&category=Any&time=Any&dateFrom=&dateTo=",
        "finalLink": "http://www.cbr.ru/eng/search/?text=MTLRP&category=Any&time=Any&dateFrom=&dateTo="
    },
    {
        "date": "2005-06-30",
        "symbol": "MTL",
        "reportedCurrency": "RUB",
        "cik": "0001302362",
        "fillingDate": "2005-06-30",
        "acceptedDate": "2005-06-29 20:00:00",
        "calendarYear": "2005",
        "period": "Q2",
        "revenue": 31345735987,
        "costOfRevenue": 21303957776,
        "grossProfit": 10041778211,
        "grossProfitRatio": 0.3203554772,
        "researchAndDevelopmentExpenses": 0,
        "generalAndAdministrativeExpenses": 0,
        "sellingAndMarketingExpenses": 0,
        "sellingGeneralAndAdministrativeExpenses": 5705129909,
        "otherExpenses": 0,
        "operatingExpenses": 6155731705,
        "costAndExpenses": 27459689481,
        "interestIncome": 0,
        "interestExpense": 0,
        "depreciationAndAmortization": 1106736034,
        "ebitda": 5012324090,
        "ebitdaratio": 0.1599044952,
        "operatingIncome": 3886046505,
        "operatingIncomeRatio": 0.1239736884,
        "totalOtherIncomeExpensesNet": -1160172117,
        "incomeBeforeTax": 2725874388,
        "incomeBeforeTaxRatio": 0.0869615692,
        "incomeTaxExpense": 591031619,
        "netIncome": 2123553369,
        "netIncomeRatio": 0.0677461639,
        "eps": 10.3,
        "epsdiluted": 10.3,
        "weightedAverageShsOut": 201761100,
        "weightedAverageShsOutDil": 201761100,
        "link": "http://www.cbr.ru/eng/search/?text=MTLRP&category=Any&time=Any&dateFrom=&dateTo=",
        "finalLink": "http://www.cbr.ru/eng/search/?text=MTLRP&category=Any&time=Any&dateFrom=&dateTo="
    },
    {
        "date": "2005-03-31",
        "symbol": "MTL",
        "reportedCurrency": "RUB",
        "cik": "0001302362",
        "fillingDate": "2005-03-31",
        "acceptedDate": "2005-03-30 19:00:00",
        "calendarYear": "2005",
        "period": "Q1",
        "revenue": 29230720872,
        "costOfRevenue": 16697045433,
        "grossProfit": 12533675439,
        "grossProfitRatio": 0.4287843428,
        "researchAndDevelopmentExpenses": 0,
        "generalAndAdministrativeExpenses": 0,
        "sellingAndMarketingExpenses": 0,
        "sellingGeneralAndAdministrativeExpenses": 5288328082,
        "otherExpenses": 0,
        "operatingExpenses": 6216879507,
        "costAndExpenses": 22913924941,
        "interestIncome": 0,
        "interestExpense": 0,
        "depreciationAndAmortization": 1145069506,
        "ebitda": 7475681591,
        "ebitdaratio": 0.2557474249,
        "operatingIncome": 6316795930,
        "operatingIncomeRatio": 0.2161012709,
        "totalOtherIncomeExpensesNet": -52005565,
        "incomeBeforeTax": 6264790365,
        "incomeBeforeTaxRatio": 0.2143221302,
        "incomeTaxExpense": 1475821557,
        "netIncome": 4721782186,
        "netIncomeRatio": 0.161534921,
        "eps": 23.38,
        "epsdiluted": 23.38,
        "weightedAverageShsOut": 208343716,
        "weightedAverageShsOutDil": 208343716,
        "link": "http://www.cbr.ru/eng/search/?text=MTLRP&category=Any&time=Any&dateFrom=&dateTo=",
        "finalLink": "http://www.cbr.ru/eng/search/?text=MTLRP&category=Any&time=Any&dateFrom=&dateTo="
    },
    {
        "date": "2004-12-31",
        "symbol": "MTL",
        "reportedCurrency": "RUB",
        "cik": "0001302362",
        "fillingDate": "2004-12-31",
        "acceptedDate": "2004-12-30 19:00:00",
        "calendarYear": "2004",
        "period": "Q4",
        "revenue": 23730393774,
        "costOfRevenue": 0,
        "grossProfit": 23730393774,
        "grossProfitRatio": 1,
        "researchAndDevelopmentExpenses": 0,
        "generalAndAdministrativeExpenses": 0,
        "sellingAndMarketingExpenses": 0,
        "sellingGeneralAndAdministrativeExpenses": 0,
        "otherExpenses": -79920994272.12,
        "operatingExpenses": -79920994272.12,
        "costAndExpenses": -79920994272.12,
        "interestIncome": 0,
        "interestExpense": 0,
        "depreciationAndAmortization": 0,
        "ebitda": -56190600498.12,
        "ebitdaratio": -2.3678747615,
        "operatingIncome": -56190600498.12,
        "operatingIncomeRatio": -2.3678747615,
        "totalOtherIncomeExpensesNet": 56190600498,
        "incomeBeforeTax": 0,
        "incomeBeforeTaxRatio": 0,
        "incomeTaxExpense": -13843745879.61,
        "netIncome": 13843745879,
        "netIncomeRatio": 0.5833761551,
        "eps": 73.88,
        "epsdiluted": 73.88,
        "weightedAverageShsOut": 187629273,
        "weightedAverageShsOutDil": 187629273,
        "link": "http://www.cbr.ru/eng/search/?text=MTLRP&category=Any&time=Any&dateFrom=&dateTo=",
        "finalLink": "http://www.cbr.ru/eng/search/?text=MTLRP&category=Any&time=Any&dateFrom=&dateTo="
    },
    {
        "date": "2004-09-30",
        "symbol": "MTL",
        "reportedCurrency": "RUB",
        "cik": "0001302362",
        "fillingDate": "2004-09-30",
        "acceptedDate": "2004-09-29 20:00:00",
        "calendarYear": "2004",
        "period": "Q3",
        "revenue": 29325910362,
        "costOfRevenue": 0,
        "grossProfit": 29325910362,
        "grossProfitRatio": 1,
        "researchAndDevelopmentExpenses": 0,
        "generalAndAdministrativeExpenses": 0,
        "sellingAndMarketingExpenses": 0,
        "sellingGeneralAndAdministrativeExpenses": 0,
        "otherExpenses": 0,
        "operatingExpenses": 0,
        "costAndExpenses": 0,
        "interestIncome": 0,
        "interestExpense": 0,
        "depreciationAndAmortization": 0,
        "ebitda": 29325910362,
        "ebitdaratio": 1,
        "operatingIncome": 29325910362,
        "operatingIncomeRatio": 1,
        "totalOtherIncomeExpensesNet": -29325910362.42,
        "incomeBeforeTax": 0,
        "incomeBeforeTaxRatio": 0,
        "incomeTaxExpense": -15910089851.25,
        "netIncome": 15910089851,
        "netIncomeRatio": 0.5425267163,
        "eps": 84.72,
        "epsdiluted": 84.72,
        "weightedAverageShsOut": 187817127,
        "weightedAverageShsOutDil": 187817127,
        "link": "http://www.cbr.ru/eng/search/?text=MTLRP&category=Any&time=Any&dateFrom=&dateTo=",
        "finalLink": "http://www.cbr.ru/eng/search/?text=MTLRP&category=Any&time=Any&dateFrom=&dateTo="
    },
    {
        "date": "2004-06-30",
        "symbol": "MTL",
        "reportedCurrency": "RUB",
        "cik": "0001302362",
        "fillingDate": "2004-06-30",
        "acceptedDate": "2004-06-29 20:00:00",
        "calendarYear": "2004",
        "period": "Q2",
        "revenue": 23971533726,
        "costOfRevenue": 14490737902,
        "grossProfit": 9480795824,
        "grossProfitRatio": 0.3955022625,
        "researchAndDevelopmentExpenses": 0,
        "generalAndAdministrativeExpenses": 0,
        "sellingAndMarketingExpenses": 0,
        "sellingGeneralAndAdministrativeExpenses": 3942412474,
        "otherExpenses": 0,
        "operatingExpenses": 4346883135,
        "costAndExpenses": 18837621037,
        "interestIncome": 0,
        "interestExpense": 0,
        "depreciationAndAmortization": -207882390.3600006,
        "ebitda": 8061207333,
        "ebitdaratio": 0.3362825018,
        "operatingIncome": 5133912688,
        "operatingIncomeRatio": 0.2141670511,
        "totalOtherIncomeExpensesNet": -179647091,
        "incomeBeforeTax": 4948177361,
        "incomeBeforeTaxRatio": 0.2064188891,
        "incomeTaxExpense": 1089706078,
        "netIncome": 3742000673,
        "netIncomeRatio": 0.1561018463,
        "eps": 31.14,
        "epsdiluted": 31.14,
        "weightedAverageShsOut": 183759243,
        "weightedAverageShsOutDil": 183759243,
        "link": "http://www.cbr.ru/eng/search/?text=MTLRP&category=Any&time=Any&dateFrom=&dateTo=",
        "finalLink": "http://www.cbr.ru/eng/search/?text=MTLRP&category=Any&time=Any&dateFrom=&dateTo="
    },
    {
        "date": "2004-03-31",
        "symbol": "MTL",
        "reportedCurrency": "RUB",
        "cik": "0001302362",
        "fillingDate": "2004-03-31",
        "acceptedDate": "2004-03-30 19:00:00",
        "calendarYear": "2004",
        "period": "Q1",
        "revenue": 23286629735,
        "costOfRevenue": 0,
        "grossProfit": 23286629735,
        "grossProfitRatio": 1,
        "researchAndDevelopmentExpenses": 0,
        "generalAndAdministrativeExpenses": 0,
        "sellingAndMarketingExpenses": 0,
        "sellingGeneralAndAdministrativeExpenses": 0,
        "otherExpenses": 0,
        "operatingExpenses": 0,
        "costAndExpenses": 0,
        "interestIncome": 0,
        "interestExpense": 0,
        "depreciationAndAmortization": 0,
        "ebitda": 23286629735,
        "ebitdaratio": 1,
        "operatingIncome": 23286629735,
        "operatingIncomeRatio": 1,
        "totalOtherIncomeExpensesNet": -23286629735.76,
        "incomeBeforeTax": 0,
        "incomeBeforeTaxRatio": 0,
        "incomeTaxExpense": -3635085896.04,
        "netIncome": 3635085896,
        "netIncomeRatio": 0.1561018463,
        "eps": 19.7,
        "epsdiluted": 19.7,
        "weightedAverageShsOut": 184572979,
        "weightedAverageShsOutDil": 184572979,
        "link": "http://www.cbr.ru/eng/search/?text=MTLRP&category=Any&time=Any&dateFrom=&dateTo=",
        "finalLink": "http://www.cbr.ru/eng/search/?text=MTLRP&category=Any&time=Any&dateFrom=&dateTo="
    },
    {
        "date": "2003-12-31",
        "symbol": "MTL",
        "reportedCurrency": "RUB",
        "cik": "0001302362",
        "fillingDate": "2003-12-31",
        "acceptedDate": "2003-12-30 19:00:00",
        "calendarYear": "2003",
        "period": "Q4",
        "revenue": 15199310485,
        "costOfRevenue": 0,
        "grossProfit": 15199310485,
        "grossProfitRatio": 1,
        "researchAndDevelopmentExpenses": 0,
        "generalAndAdministrativeExpenses": 0,
        "sellingAndMarketingExpenses": 0,
        "sellingGeneralAndAdministrativeExpenses": 0,
        "otherExpenses": -54626833361.48,
        "operatingExpenses": -54626833361.48,
        "costAndExpenses": -54626833361.48,
        "interestIncome": 0,
        "interestExpense": 0,
        "depreciationAndAmortization": 0,
        "ebitda": -39427522876.48,
        "ebitdaratio": -2.5940336514,
        "operatingIncome": -39427522876.48,
        "operatingIncomeRatio": -2.5940336514,
        "totalOtherIncomeExpensesNet": 39427522876,
        "incomeBeforeTax": 0,
        "incomeBeforeTaxRatio": 0,
        "incomeTaxExpense": -1001699289.16,
        "netIncome": 1001699289,
        "netIncomeRatio": 0.0659042586,
        "eps": 5.46,
        "epsdiluted": 5.46,
        "weightedAverageShsOut": 179955227,
        "weightedAverageShsOutDil": 179955227,
        "link": "http://www.cbr.ru/eng/search/?text=MTLRP&category=Any&time=Any&dateFrom=&dateTo=",
        "finalLink": "http://www.cbr.ru/eng/search/?text=MTLRP&category=Any&time=Any&dateFrom=&dateTo="
    },
    {
        "date": "2003-09-30",
        "symbol": "MTL",
        "reportedCurrency": "RUB",
        "cik": "0001302362",
        "fillingDate": "2003-09-30",
        "acceptedDate": "2003-09-29 20:00:00",
        "calendarYear": "2003",
        "period": "Q3",
        "revenue": 16016312500,
        "costOfRevenue": 0,
        "grossProfit": 16016312500,
        "grossProfitRatio": 1,
        "researchAndDevelopmentExpenses": 0,
        "generalAndAdministrativeExpenses": 0,
        "sellingAndMarketingExpenses": 0,
        "sellingGeneralAndAdministrativeExpenses": 0,
        "otherExpenses": 0,
        "operatingExpenses": 0,
        "costAndExpenses": 0,
        "interestIncome": 0,
        "interestExpense": 0,
        "depreciationAndAmortization": 0,
        "ebitda": 16016312500,
        "ebitdaratio": 1,
        "operatingIncome": 16016312500,
        "operatingIncomeRatio": 1,
        "totalOtherIncomeExpensesNet": -16016312500,
        "incomeBeforeTax": 0,
        "incomeBeforeTaxRatio": 0,
        "incomeTaxExpense": -1102250000,
        "netIncome": 1102250000,
        "netIncomeRatio": 0.0688204604,
        "eps": 6.08,
        "epsdiluted": 6.08,
        "weightedAverageShsOut": 181064044,
        "weightedAverageShsOutDil": 181064044,
        "link": "http://www.cbr.ru/eng/search/?text=MTLRP&category=Any&time=Any&dateFrom=&dateTo=",
        "finalLink": "http://www.cbr.ru/eng/search/?text=MTLRP&category=Any&time=Any&dateFrom=&dateTo="
    },
    {
        "date": "2003-06-30",
        "symbol": "MTL",
        "reportedCurrency": "RUB",
        "cik": "0001302362",
        "fillingDate": "2003-06-30",
        "acceptedDate": "2003-06-29 20:00:00",
        "calendarYear": "2003",
        "period": "Q2",
        "revenue": 14540562500,
        "costOfRevenue": 0,
        "grossProfit": 14540562500,
        "grossProfitRatio": 1,
        "researchAndDevelopmentExpenses": 0,
        "generalAndAdministrativeExpenses": 0,
        "sellingAndMarketingExpenses": 0,
        "sellingGeneralAndAdministrativeExpenses": 0,
        "otherExpenses": 0,
        "operatingExpenses": 0,
        "costAndExpenses": 0,
        "interestIncome": 0,
        "interestExpense": 0,
        "depreciationAndAmortization": 0,
        "ebitda": 14540562500,
        "ebitdaratio": 1,
        "operatingIncome": 14540562500,
        "operatingIncomeRatio": 1,
        "totalOtherIncomeExpensesNet": -14540562500,
        "incomeBeforeTax": 0,
        "incomeBeforeTaxRatio": 0,
        "incomeTaxExpense": -1058437500,
        "netIncome": 1058437500,
        "netIncomeRatio": 0.0727920601,
        "eps": 5.94,
        "epsdiluted": 5.94,
        "weightedAverageShsOut": 168257665,
        "weightedAverageShsOutDil": 168257665,
        "link": "http://www.cbr.ru/eng/search/?text=MTLRP&category=Any&time=Any&dateFrom=&dateTo=",
        "finalLink": "http://www.cbr.ru/eng/search/?text=MTLRP&category=Any&time=Any&dateFrom=&dateTo="
    },
    {
        "date": "2003-03-31",
        "symbol": "MTL",
        "reportedCurrency": "RUB",
        "cik": "0001302362",
        "fillingDate": "2003-03-31",
        "acceptedDate": "2003-03-30 19:00:00",
        "calendarYear": "2003",
        "period": "Q1",
        "revenue": 15009615454,
        "costOfRevenue": 0,
        "grossProfit": 15009615454,
        "grossProfitRatio": 1,
        "researchAndDevelopmentExpenses": 0,
        "generalAndAdministrativeExpenses": 0,
        "sellingAndMarketingExpenses": 0,
        "sellingGeneralAndAdministrativeExpenses": 0,
        "otherExpenses": 0,
        "operatingExpenses": 0,
        "costAndExpenses": 0,
        "interestIncome": 0,
        "interestExpense": 0,
        "depreciationAndAmortization": 0,
        "ebitda": 15009615454,
        "ebitdaratio": 1,
        "operatingIncome": 15009615454,
        "operatingIncomeRatio": 1,
        "totalOtherIncomeExpensesNet": -15009615454.86,
        "incomeBeforeTax": 0,
        "incomeBeforeTaxRatio": 0,
        "incomeTaxExpense": -1092580830.9,
        "netIncome": 1092580830,
        "netIncomeRatio": 0.0727920601,
        "eps": 6.12,
        "epsdiluted": 6.12,
        "weightedAverageShsOut": 178441599,
        "weightedAverageShsOutDil": 178441599,
        "link": "http://www.cbr.ru/eng/search/?text=MTLRP&category=Any&time=Any&dateFrom=&dateTo=",
        "finalLink": "http://www.cbr.ru/eng/search/?text=MTLRP&category=Any&time=Any&dateFrom=&dateTo="
    },
    {
        "date": "2002-12-31",
        "symbol": "MTL",
        "reportedCurrency": "RUB",
        "cik": "0001302362",
        "fillingDate": "2002-12-31",
        "acceptedDate": "2002-12-30 19:00:00",
        "calendarYear": "2002",
        "period": "Q4",
        "revenue": 10671522591,
        "costOfRevenue": 0,
        "grossProfit": 10671522591,
        "grossProfitRatio": 1,
        "researchAndDevelopmentExpenses": 0,
        "generalAndAdministrativeExpenses": 0,
        "sellingAndMarketingExpenses": 0,
        "sellingGeneralAndAdministrativeExpenses": 0,
        "otherExpenses": -39114421899.92,
        "operatingExpenses": -39114421899.92,
        "costAndExpenses": -39114421899.92,
        "interestIncome": 0,
        "interestExpense": 0,
        "depreciationAndAmortization": 0,
        "ebitda": -28442899308.92,
        "ebitdaratio": -2.6653084474,
        "operatingIncome": -28442899308.92,
        "operatingIncomeRatio": -2.6653084474,
        "totalOtherIncomeExpensesNet": 28442899308,
        "incomeBeforeTax": 0,
        "incomeBeforeTaxRatio": 0,
        "incomeTaxExpense": -724769934.33,
        "netIncome": 724769934,
        "netIncomeRatio": 0.0679162629,
        "eps": 4.38,
        "epsdiluted": 4.38,
        "weightedAverageShsOut": 170807080,
        "weightedAverageShsOutDil": 170807080,
        "link": "http://www.cbr.ru/eng/search/?text=MTLRP&category=Any&time=Any&dateFrom=&dateTo=",
        "finalLink": "http://www.cbr.ru/eng/search/?text=MTLRP&category=Any&time=Any&dateFrom=&dateTo="
    },
    {
        "date": "2002-09-30",
        "symbol": "MTL",
        "reportedCurrency": "RUB",
        "cik": "0001302362",
        "fillingDate": "2002-09-30",
        "acceptedDate": "2002-09-29 20:00:00",
        "calendarYear": "2002",
        "period": "Q3",
        "revenue": 10429745458,
        "costOfRevenue": 0,
        "grossProfit": 10429745458,
        "grossProfitRatio": 1,
        "researchAndDevelopmentExpenses": 0,
        "generalAndAdministrativeExpenses": 0,
        "sellingAndMarketingExpenses": 0,
        "sellingGeneralAndAdministrativeExpenses": 0,
        "otherExpenses": 0,
        "operatingExpenses": 0,
        "costAndExpenses": 0,
        "interestIncome": 0,
        "interestExpense": 0,
        "depreciationAndAmortization": 0,
        "ebitda": 10429745458,
        "ebitdaratio": 1,
        "operatingIncome": 10429745458,
        "operatingIncomeRatio": 1,
        "totalOtherIncomeExpensesNet": -10429745458.11,
        "incomeBeforeTax": 0,
        "incomeBeforeTaxRatio": 0,
        "incomeTaxExpense": -708349167.39,
        "netIncome": 708349167,
        "netIncomeRatio": 0.0679162468,
        "eps": 4.28,
        "epsdiluted": 4.28,
        "weightedAverageShsOut": 165445701,
        "weightedAverageShsOutDil": 165445701,
        "link": "http://www.cbr.ru/eng/search/?text=MTLRP&category=Any&time=Any&dateFrom=&dateTo=",
        "finalLink": "http://www.cbr.ru/eng/search/?text=MTLRP&category=Any&time=Any&dateFrom=&dateTo="
    },
    {
        "date": "2002-06-30",
        "symbol": "MTL",
        "reportedCurrency": "RUB",
        "cik": "0001302362",
        "fillingDate": "2002-06-30",
        "acceptedDate": "2002-06-29 20:00:00",
        "calendarYear": "2002",
        "period": "Q2",
        "revenue": 10353035353,
        "costOfRevenue": 0,
        "grossProfit": 10353035353,
        "grossProfitRatio": 1,
        "researchAndDevelopmentExpenses": 0,
        "generalAndAdministrativeExpenses": 0,
        "sellingAndMarketingExpenses": 0,
        "sellingGeneralAndAdministrativeExpenses": 0,
        "otherExpenses": 0,
        "operatingExpenses": 0,
        "costAndExpenses": 0,
        "interestIncome": 0,
        "interestExpense": 0,
        "depreciationAndAmortization": 0,
        "ebitda": 10353035353,
        "ebitdaratio": 1,
        "operatingIncome": 10353035353,
        "operatingIncomeRatio": 1,
        "totalOtherIncomeExpensesNet": -10353035353.98,
        "incomeBeforeTax": 0,
        "incomeBeforeTaxRatio": 0,
        "incomeTaxExpense": -703139305.02,
        "netIncome": 703139305,
        "netIncomeRatio": 0.0679162469,
        "eps": 4.24,
        "epsdiluted": 4.24,
        "weightedAverageShsOut": 165445701,
        "weightedAverageShsOutDil": 165445701,
        "link": "http://www.cbr.ru/eng/search/?text=MTLRP&category=Any&time=Any&dateFrom=&dateTo=",
        "finalLink": "http://www.cbr.ru/eng/search/?text=MTLRP&category=Any&time=Any&dateFrom=&dateTo="
    },
    {
        "date": "2002-03-31",
        "symbol": "MTL",
        "reportedCurrency": "RUB",
        "cik": "0001302362",
        "fillingDate": "2002-03-31",
        "acceptedDate": "2002-03-30 19:00:00",
        "calendarYear": "2002",
        "period": "Q1",
        "revenue": 10253643055,
        "costOfRevenue": 0,
        "grossProfit": 10253643055,
        "grossProfitRatio": 1,
        "researchAndDevelopmentExpenses": 0,
        "generalAndAdministrativeExpenses": 0,
        "sellingAndMarketingExpenses": 0,
        "sellingGeneralAndAdministrativeExpenses": 0,
        "otherExpenses": 0,
        "operatingExpenses": 0,
        "costAndExpenses": 0,
        "interestIncome": 0,
        "interestExpense": 0,
        "depreciationAndAmortization": 0,
        "ebitda": 10253643055,
        "ebitdaratio": 1,
        "operatingIncome": 10253643055,
        "operatingIncomeRatio": 1,
        "totalOtherIncomeExpensesNet": -10253643055.37,
        "incomeBeforeTax": 0,
        "incomeBeforeTaxRatio": 0,
        "incomeTaxExpense": -696388953.13,
        "netIncome": 696388953,
        "netIncomeRatio": 0.0679162469,
        "eps": 4.2,
        "epsdiluted": 4.2,
        "weightedAverageShsOut": 165445701,
        "weightedAverageShsOutDil": 165445701,
        "link": "http://www.cbr.ru/eng/search/?text=MTLRP&category=Any&time=Any&dateFrom=&dateTo=",
        "finalLink": "http://www.cbr.ru/eng/search/?text=MTLRP&category=Any&time=Any&dateFrom=&dateTo="
    }
]