[
    {
        "date": "2025-06-30",
        "symbol": "MTW",
        "reportedCurrency": "USD",
        "cik": "0000061986",
        "fillingDate": "2025-08-08",
        "acceptedDate": "2025-08-08 16:11:52",
        "calendarYear": "2025",
        "period": "Q2",
        "revenue": 539500000,
        "costOfRevenue": 440500000,
        "grossProfit": 99000000,
        "grossProfitRatio": 0.1835032437,
        "researchAndDevelopmentExpenses": 0,
        "generalAndAdministrativeExpenses": 0,
        "sellingAndMarketingExpenses": 0,
        "sellingGeneralAndAdministrativeExpenses": 87400000,
        "otherExpenses": 0,
        "operatingExpenses": 87400000,
        "costAndExpenses": 527900000,
        "interestIncome": 0,
        "interestExpense": 9500000,
        "depreciationAndAmortization": 15500000,
        "ebitda": 26300000,
        "ebitdaratio": 0.0487488415,
        "operatingIncome": 12300000,
        "operatingIncomeRatio": 0.0227988879,
        "totalOtherIncomeExpensesNet": 0,
        "incomeBeforeTax": 1300000,
        "incomeBeforeTaxRatio": 0.0024096386,
        "incomeTaxExpense": -200000,
        "netIncome": 1500000,
        "netIncomeRatio": 0.0027803522,
        "eps": 0.0423,
        "epsdiluted": 0.0419,
        "weightedAverageShsOut": 35452594,
        "weightedAverageShsOutDil": 35823866,
        "link": "https://www.sec.gov/Archives/edgar/data/61986/000095017025105838/0000950170-25-105838-index.htm",
        "finalLink": "https://www.sec.gov/Archives/edgar/data/61986/000095017025105838/mtw-20250630.htm"
    },
    {
        "date": "2025-03-31",
        "symbol": "MTW",
        "reportedCurrency": "USD",
        "cik": "0000061986",
        "fillingDate": "2025-05-07",
        "acceptedDate": "2025-05-07 16:06:25",
        "calendarYear": "2025",
        "period": "Q1",
        "revenue": 470900000,
        "costOfRevenue": 381100000,
        "grossProfit": 89800000,
        "grossProfitRatio": 0.1906986621,
        "researchAndDevelopmentExpenses": 0,
        "generalAndAdministrativeExpenses": 0,
        "sellingAndMarketingExpenses": 0,
        "sellingGeneralAndAdministrativeExpenses": 82900000,
        "otherExpenses": 1600000,
        "operatingExpenses": 84500000,
        "costAndExpenses": 464000000,
        "interestIncome": 0,
        "interestExpense": 9100000,
        "depreciationAndAmortization": 15600000,
        "ebitda": 15900000,
        "ebitdaratio": 0.0337651306,
        "operatingIncome": 5300000,
        "operatingIncomeRatio": 0.0112550435,
        "totalOtherIncomeExpensesNet": -14100000,
        "incomeBeforeTax": -8800000,
        "incomeBeforeTaxRatio": -0.0186876195,
        "incomeTaxExpense": -2500000,
        "netIncome": -6300000,
        "netIncomeRatio": -0.0133786367,
        "eps": -0.18,
        "epsdiluted": -0.18,
        "weightedAverageShsOut": 35273783,
        "weightedAverageShsOutDil": 35273783,
        "link": "https://www.sec.gov/Archives/edgar/data/61986/000095017025065630/0000950170-25-065630-index.htm",
        "finalLink": "https://www.sec.gov/Archives/edgar/data/61986/000095017025065630/mtw-20250331.htm"
    },
    {
        "date": "2024-12-31",
        "symbol": "MTW",
        "reportedCurrency": "USD",
        "cik": "0000061986",
        "fillingDate": "2025-02-21",
        "acceptedDate": "2025-02-21 16:07:15",
        "calendarYear": "2024",
        "period": "Q4",
        "revenue": 596000000,
        "costOfRevenue": 500800000,
        "grossProfit": 95200000,
        "grossProfitRatio": 0.1597315436,
        "researchAndDevelopmentExpenses": 41100000,
        "generalAndAdministrativeExpenses": 0,
        "sellingAndMarketingExpenses": 0,
        "sellingGeneralAndAdministrativeExpenses": 80000000,
        "otherExpenses": -42100000,
        "operatingExpenses": 79000000,
        "costAndExpenses": 579800000,
        "interestIncome": 0,
        "interestExpense": 10300000,
        "depreciationAndAmortization": 16500000,
        "ebitda": 36200000,
        "ebitdaratio": 0.060738255,
        "operatingIncome": 16200000,
        "operatingIncomeRatio": 0.0271812081,
        "totalOtherIncomeExpensesNet": -6800000,
        "incomeBeforeTax": 9400000,
        "incomeBeforeTaxRatio": 0.0157718121,
        "incomeTaxExpense": -47300000,
        "netIncome": 56700000,
        "netIncomeRatio": 0.0951342282,
        "eps": 1.61,
        "epsdiluted": 1.59,
        "weightedAverageShsOut": 35132145,
        "weightedAverageShsOutDil": 35583662,
        "link": "https://www.sec.gov/Archives/edgar/data/61986/000095017025024838/0000950170-25-024838-index.htm",
        "finalLink": "https://www.sec.gov/Archives/edgar/data/61986/000095017025024838/mtw-20241231.htm"
    },
    {
        "date": "2024-09-30",
        "symbol": "MTW",
        "reportedCurrency": "USD",
        "cik": "0000061986",
        "fillingDate": "2024-10-31",
        "acceptedDate": "2024-10-31 16:11:06",
        "calendarYear": "2024",
        "period": "Q3",
        "revenue": 524800000,
        "costOfRevenue": 437200000,
        "grossProfit": 87600000,
        "grossProfitRatio": 0.1669207317,
        "researchAndDevelopmentExpenses": 0,
        "generalAndAdministrativeExpenses": 0,
        "sellingAndMarketingExpenses": 0,
        "sellingGeneralAndAdministrativeExpenses": 78900000,
        "otherExpenses": 1200000,
        "operatingExpenses": 80100000,
        "costAndExpenses": 517300000,
        "interestIncome": 0,
        "interestExpense": 9900000,
        "depreciationAndAmortization": 15600000,
        "ebitda": 18200000,
        "ebitdaratio": 0.034679878,
        "operatingIncome": 7500000,
        "operatingIncomeRatio": 0.0142911585,
        "totalOtherIncomeExpensesNet": -14800000,
        "incomeBeforeTax": -7300000,
        "incomeBeforeTaxRatio": -0.013910061,
        "incomeTaxExpense": -300000,
        "netIncome": -7000000,
        "netIncomeRatio": -0.0133384146,
        "eps": -0.2,
        "epsdiluted": -0.2,
        "weightedAverageShsOut": 35123015,
        "weightedAverageShsOutDil": 35123015,
        "link": "https://www.sec.gov/Archives/edgar/data/61986/000095017024119534/0000950170-24-119534-index.htm",
        "finalLink": "https://www.sec.gov/Archives/edgar/data/61986/000095017024119534/mtw-20240930.htm"
    },
    {
        "date": "2024-06-30",
        "symbol": "MTW",
        "reportedCurrency": "USD",
        "cik": "0000061986",
        "fillingDate": "2024-08-08",
        "acceptedDate": "2024-08-08 16:19:10",
        "calendarYear": "2024",
        "period": "Q2",
        "revenue": 562100000,
        "costOfRevenue": 462800000,
        "grossProfit": 99300000,
        "grossProfitRatio": 0.1766589575,
        "researchAndDevelopmentExpenses": 0,
        "generalAndAdministrativeExpenses": 0,
        "sellingAndMarketingExpenses": 0,
        "sellingGeneralAndAdministrativeExpenses": 78300000,
        "otherExpenses": 0,
        "operatingExpenses": 78300000,
        "costAndExpenses": 549200000,
        "interestIncome": 0,
        "interestExpense": 10000000,
        "depreciationAndAmortization": 15400000,
        "ebitda": 28600000,
        "ebitdaratio": 0.0508806262,
        "operatingIncome": 12900000,
        "operatingIncomeRatio": 0.0229496531,
        "totalOtherIncomeExpensesNet": -9700000,
        "incomeBeforeTax": 3200000,
        "incomeBeforeTaxRatio": 0.0056929372,
        "incomeTaxExpense": 1600000,
        "netIncome": 1600000,
        "netIncomeRatio": 0.0028464686,
        "eps": 0.0452,
        "epsdiluted": 0.0448,
        "weightedAverageShsOut": 35368492,
        "weightedAverageShsOutDil": 35738322,
        "link": "https://www.sec.gov/Archives/edgar/data/61986/000095017024094032/0000950170-24-094032-index.htm",
        "finalLink": "https://www.sec.gov/Archives/edgar/data/61986/000095017024094032/mtw-20240630.htm"
    },
    {
        "date": "2024-03-31",
        "symbol": "MTW",
        "reportedCurrency": "USD",
        "cik": "0000061986",
        "fillingDate": "2024-05-08",
        "acceptedDate": "2024-05-08 16:12:50",
        "calendarYear": "2024",
        "period": "Q1",
        "revenue": 495100000,
        "costOfRevenue": 402400000,
        "grossProfit": 92700000,
        "grossProfitRatio": 0.187234902,
        "researchAndDevelopmentExpenses": 0,
        "generalAndAdministrativeExpenses": 0,
        "sellingAndMarketingExpenses": 0,
        "sellingGeneralAndAdministrativeExpenses": 75900000,
        "otherExpenses": 1400000,
        "operatingExpenses": 77300000,
        "costAndExpenses": 478300000,
        "interestIncome": 0,
        "interestExpense": 9500000,
        "depreciationAndAmortization": 15400000,
        "ebitda": 31200000,
        "ebitdaratio": 0.0630175722,
        "operatingIncome": 15200000,
        "operatingIncomeRatio": 0.0307008685,
        "totalOtherIncomeExpensesNet": -8800000,
        "incomeBeforeTax": 6400000,
        "incomeBeforeTaxRatio": 0.0129266815,
        "incomeTaxExpense": 1900000,
        "netIncome": 4500000,
        "netIncomeRatio": 0.0090890729,
        "eps": 0.13,
        "epsdiluted": 0.12,
        "weightedAverageShsOut": 35265449,
        "weightedAverageShsOutDil": 36060640,
        "link": "https://www.sec.gov/Archives/edgar/data/61986/000095017024055669/0000950170-24-055669-index.htm",
        "finalLink": "https://www.sec.gov/Archives/edgar/data/61986/000095017024055669/mtw-20240331.htm"
    },
    {
        "date": "2023-12-31",
        "symbol": "MTW",
        "reportedCurrency": "USD",
        "cik": "0000061986",
        "fillingDate": "2024-02-23",
        "acceptedDate": "2024-02-23 17:00:17",
        "calendarYear": "2023",
        "period": "Q4",
        "revenue": 595800000,
        "costOfRevenue": 497500000,
        "grossProfit": 98300000,
        "grossProfitRatio": 0.1649882511,
        "researchAndDevelopmentExpenses": 35300000,
        "generalAndAdministrativeExpenses": 0,
        "sellingAndMarketingExpenses": 0,
        "sellingGeneralAndAdministrativeExpenses": 77800000,
        "otherExpenses": -23800000,
        "operatingExpenses": 89300000,
        "costAndExpenses": 585700000,
        "interestIncome": 0,
        "interestExpense": 8700000,
        "depreciationAndAmortization": 15600000,
        "ebitda": 22400000,
        "ebitdaratio": 0.0375965089,
        "operatingIncome": 9800000,
        "operatingIncomeRatio": 0.0164484726,
        "totalOtherIncomeExpensesNet": -11700000,
        "incomeBeforeTax": -1900000,
        "incomeBeforeTaxRatio": -0.0031889896,
        "incomeTaxExpense": 6000000,
        "netIncome": -7900000,
        "netIncomeRatio": -0.013259483,
        "eps": -0.23,
        "epsdiluted": -0.23,
        "weightedAverageShsOut": 35090259,
        "weightedAverageShsOutDil": 35090259,
        "link": "https://www.sec.gov/Archives/edgar/data/61986/000095017024019452/0000950170-24-019452-index.htm",
        "finalLink": "https://www.sec.gov/Archives/edgar/data/61986/000095017024019452/mtw-20231231.htm"
    },
    {
        "date": "2023-09-30",
        "symbol": "MTW",
        "reportedCurrency": "USD",
        "cik": "0000061986",
        "fillingDate": "2023-11-02",
        "acceptedDate": "2023-11-02 17:00:40",
        "calendarYear": "2023",
        "period": "Q3",
        "revenue": 520900000,
        "costOfRevenue": 424100000,
        "grossProfit": 96800000,
        "grossProfitRatio": 0.1858322135,
        "researchAndDevelopmentExpenses": 0,
        "generalAndAdministrativeExpenses": 0,
        "sellingAndMarketingExpenses": 0,
        "sellingGeneralAndAdministrativeExpenses": 77400000,
        "otherExpenses": 1400000,
        "operatingExpenses": 78800000,
        "costAndExpenses": 502200000,
        "interestIncome": 0,
        "interestExpense": 8700000,
        "depreciationAndAmortization": 14400000,
        "ebitda": 33500000,
        "ebitdaratio": 0.0643117681,
        "operatingIncome": 18000000,
        "operatingIncomeRatio": 0.0345555769,
        "totalOtherIncomeExpensesNet": -7600000,
        "incomeBeforeTax": 10400000,
        "incomeBeforeTaxRatio": 0.0199654444,
        "incomeTaxExpense": 0,
        "netIncome": 10400000,
        "netIncomeRatio": 0.0199654444,
        "eps": 0.3,
        "epsdiluted": 0.29,
        "weightedAverageShsOut": 35080037,
        "weightedAverageShsOutDil": 35787704,
        "link": "https://www.sec.gov/Archives/edgar/data/61986/000095017023058333/0000950170-23-058333-index.htm",
        "finalLink": "https://www.sec.gov/Archives/edgar/data/61986/000095017023058333/mtw-20230930.htm"
    },
    {
        "date": "2023-06-30",
        "symbol": "MTW",
        "reportedCurrency": "USD",
        "cik": "0000061986",
        "fillingDate": "2023-08-08",
        "acceptedDate": "2023-08-08 16:16:13",
        "calendarYear": "2023",
        "period": "Q2",
        "revenue": 602800000,
        "costOfRevenue": 479800000,
        "grossProfit": 123000000,
        "grossProfitRatio": 0.204047777,
        "researchAndDevelopmentExpenses": 0,
        "generalAndAdministrativeExpenses": 0,
        "sellingAndMarketingExpenses": 0,
        "sellingGeneralAndAdministrativeExpenses": 87600000,
        "otherExpenses": 0,
        "operatingExpenses": 88300000,
        "costAndExpenses": 568100000,
        "interestIncome": 9400000,
        "interestExpense": 9000000,
        "depreciationAndAmortization": 14900000,
        "ebitda": 58900000,
        "ebitdaratio": 0.0977106835,
        "operatingIncome": 34400000,
        "operatingIncomeRatio": 0.0570670206,
        "totalOtherIncomeExpensesNet": -19400000,
        "incomeBeforeTax": 15000000,
        "incomeBeforeTaxRatio": 0.0248838752,
        "incomeTaxExpense": -5200000,
        "netIncome": 20200000,
        "netIncomeRatio": 0.0335102853,
        "eps": 0.58,
        "epsdiluted": 0.57,
        "weightedAverageShsOut": 35084580,
        "weightedAverageShsOutDil": 35650143,
        "link": "https://www.sec.gov/Archives/edgar/data/61986/000095017023039834/0000950170-23-039834-index.htm",
        "finalLink": "https://www.sec.gov/Archives/edgar/data/61986/000095017023039834/mtw-20230630.htm"
    },
    {
        "date": "2023-03-31",
        "symbol": "MTW",
        "reportedCurrency": "USD",
        "cik": "0000061986",
        "fillingDate": "2023-05-03",
        "acceptedDate": "2023-05-03 16:44:14",
        "calendarYear": "2023",
        "period": "Q1",
        "revenue": 508300000,
        "costOfRevenue": 402000000,
        "grossProfit": 106300000,
        "grossProfitRatio": 0.2091284674,
        "researchAndDevelopmentExpenses": 0,
        "generalAndAdministrativeExpenses": 0,
        "sellingAndMarketingExpenses": 0,
        "sellingGeneralAndAdministrativeExpenses": 75100000,
        "otherExpenses": 1000000,
        "operatingExpenses": 76100000,
        "costAndExpenses": 478100000,
        "interestIncome": -300000,
        "interestExpense": 8100000,
        "depreciationAndAmortization": 14900000,
        "ebitda": 43700000,
        "ebitdaratio": 0.0859728507,
        "operatingIncome": 30200000,
        "operatingIncomeRatio": 0.059413732,
        "totalOtherIncomeExpensesNet": -9500000,
        "incomeBeforeTax": 20700000,
        "incomeBeforeTaxRatio": 0.0407239819,
        "incomeTaxExpense": 4200000,
        "netIncome": 16500000,
        "netIncomeRatio": 0.032461145,
        "eps": 0.47,
        "epsdiluted": 0.46,
        "weightedAverageShsOut": 35121473,
        "weightedAverageShsOutDil": 35748021,
        "link": "https://www.sec.gov/Archives/edgar/data/61986/000095017023017268/0000950170-23-017268-index.htm",
        "finalLink": "https://www.sec.gov/Archives/edgar/data/61986/000095017023017268/mtw-20230331.htm"
    },
    {
        "date": "2022-12-31",
        "symbol": "MTW",
        "reportedCurrency": "USD",
        "cik": "0000061986",
        "fillingDate": "2023-02-24",
        "acceptedDate": "2023-02-24 07:32:06",
        "calendarYear": "2022",
        "period": "Q4",
        "revenue": 621600000,
        "costOfRevenue": 505100000,
        "grossProfit": 116500000,
        "grossProfitRatio": 0.1874195624,
        "researchAndDevelopmentExpenses": 0,
        "generalAndAdministrativeExpenses": 0,
        "sellingAndMarketingExpenses": 0,
        "sellingGeneralAndAdministrativeExpenses": 79400000,
        "otherExpenses": 173600000,
        "operatingExpenses": 253000000,
        "costAndExpenses": 758100000,
        "interestIncome": -400000,
        "interestExpense": 8300000,
        "depreciationAndAmortization": 15100000,
        "ebitda": -116400000,
        "ebitdaratio": -0.1872586873,
        "operatingIncome": -136500000,
        "operatingIncomeRatio": -0.2195945946,
        "totalOtherIncomeExpensesNet": -3300000,
        "incomeBeforeTax": -139800000,
        "incomeBeforeTaxRatio": -0.2249034749,
        "incomeTaxExpense": 4300000,
        "netIncome": -144100000,
        "netIncomeRatio": -0.2318211068,
        "eps": -4.1,
        "epsdiluted": -4.1,
        "weightedAverageShsOut": 35140170,
        "weightedAverageShsOutDil": 35140166,
        "link": "https://www.sec.gov/Archives/edgar/data/61986/000095017023004241/0000950170-23-004241-index.htm",
        "finalLink": "https://www.sec.gov/Archives/edgar/data/61986/000095017023004241/mtw-20221231.htm"
    },
    {
        "date": "2022-09-30",
        "symbol": "MTW",
        "reportedCurrency": "USD",
        "cik": "0000061986",
        "fillingDate": "2022-11-08",
        "acceptedDate": "2022-11-08 16:49:39",
        "calendarYear": "2022",
        "period": "Q3",
        "revenue": 454700000,
        "costOfRevenue": 380400000,
        "grossProfit": 74300000,
        "grossProfitRatio": 0.1634044425,
        "researchAndDevelopmentExpenses": 0,
        "generalAndAdministrativeExpenses": 0,
        "sellingAndMarketingExpenses": 0,
        "sellingGeneralAndAdministrativeExpenses": 65800000,
        "otherExpenses": 2700000,
        "operatingExpenses": 66600000,
        "costAndExpenses": 447000000,
        "interestIncome": 0,
        "interestExpense": 8000000,
        "depreciationAndAmortization": 15300000,
        "ebitda": 23900000,
        "ebitdaratio": 0.0525621289,
        "operatingIncome": 7600000,
        "operatingIncomeRatio": 0.0167143171,
        "totalOtherIncomeExpensesNet": -5600000,
        "incomeBeforeTax": 2000000,
        "incomeBeforeTaxRatio": 0.0043985045,
        "incomeTaxExpense": -300000,
        "netIncome": 2300000,
        "netIncomeRatio": 0.0050582802,
        "eps": 0.07,
        "epsdiluted": 0.07,
        "weightedAverageShsOut": 35181262,
        "weightedAverageShsOutDil": 35374194,
        "link": "https://www.sec.gov/Archives/edgar/data/61986/000095017022023296/0000950170-22-023296-index.htm",
        "finalLink": "https://www.sec.gov/Archives/edgar/data/61986/000095017022023296/mtw-20220930.htm"
    },
    {
        "date": "2022-06-30",
        "symbol": "MTW",
        "reportedCurrency": "USD",
        "cik": "0000061986",
        "fillingDate": "2022-08-05",
        "acceptedDate": "2022-08-05 16:48:00",
        "calendarYear": "2022",
        "period": "Q2",
        "revenue": 497200000,
        "costOfRevenue": 408500000,
        "grossProfit": 88700000,
        "grossProfitRatio": 0.1783990346,
        "researchAndDevelopmentExpenses": 0,
        "generalAndAdministrativeExpenses": 0,
        "sellingAndMarketingExpenses": 0,
        "sellingGeneralAndAdministrativeExpenses": 69300000,
        "otherExpenses": 800000,
        "operatingExpenses": 70100000,
        "costAndExpenses": 478600000,
        "interestIncome": 0,
        "interestExpense": 8200000,
        "depreciationAndAmortization": 16400000,
        "ebitda": 36700000,
        "ebitdaratio": 0.0738133548,
        "operatingIncome": 18300000,
        "operatingIncomeRatio": 0.0368061142,
        "totalOtherIncomeExpensesNet": -10300000,
        "incomeBeforeTax": 8000000,
        "incomeBeforeTaxRatio": 0.0160901046,
        "incomeTaxExpense": -7100000,
        "netIncome": 15100000,
        "netIncomeRatio": 0.0303700724,
        "eps": 0.43,
        "epsdiluted": 0.42,
        "weightedAverageShsOut": 35283969,
        "weightedAverageShsOutDil": 35550942,
        "link": "https://www.sec.gov/Archives/edgar/data/61986/000095017022015140/0000950170-22-015140-index.htm",
        "finalLink": "https://www.sec.gov/Archives/edgar/data/61986/000095017022015140/mtw-20220630.htm"
    },
    {
        "date": "2022-03-31",
        "symbol": "MTW",
        "reportedCurrency": "USD",
        "cik": "0000061986",
        "fillingDate": "2022-05-05",
        "acceptedDate": "2022-05-04 17:51:58",
        "calendarYear": "2022",
        "period": "Q1",
        "revenue": 459000000,
        "costOfRevenue": 374000000,
        "grossProfit": 85000000,
        "grossProfitRatio": 0.1851851852,
        "researchAndDevelopmentExpenses": 0,
        "generalAndAdministrativeExpenses": 0,
        "sellingAndMarketingExpenses": 0,
        "sellingGeneralAndAdministrativeExpenses": 66500000,
        "otherExpenses": 800000,
        "operatingExpenses": 67300000,
        "costAndExpenses": 441300000,
        "interestIncome": 0,
        "interestExpense": 7400000,
        "depreciationAndAmortization": 16900000,
        "ebitda": 30600000,
        "ebitdaratio": 0.0666666667,
        "operatingIncome": 17600000,
        "operatingIncomeRatio": 0.0383442266,
        "totalOtherIncomeExpensesNet": -8000000,
        "incomeBeforeTax": 9600000,
        "incomeBeforeTaxRatio": 0.0209150327,
        "incomeTaxExpense": 6500000,
        "netIncome": 3100000,
        "netIncomeRatio": 0.0067538126,
        "eps": 0.0882,
        "epsdiluted": 0.0872,
        "weightedAverageShsOut": 35131889,
        "weightedAverageShsOutDil": 35565935,
        "link": "https://www.sec.gov/Archives/edgar/data/61986/000095017022007463/0000950170-22-007463-index.htm",
        "finalLink": "https://www.sec.gov/Archives/edgar/data/61986/000095017022007463/mtw-20220331.htm"
    },
    {
        "date": "2021-12-31",
        "symbol": "MTW",
        "reportedCurrency": "USD",
        "cik": "0000061986",
        "fillingDate": "2022-02-22",
        "acceptedDate": "2022-02-22 16:26:50",
        "calendarYear": "2021",
        "period": "Q4",
        "revenue": 497800000,
        "costOfRevenue": 418400000,
        "grossProfit": 79400000,
        "grossProfitRatio": 0.159501808,
        "researchAndDevelopmentExpenses": 29100000,
        "generalAndAdministrativeExpenses": 0,
        "sellingAndMarketingExpenses": 0,
        "sellingGeneralAndAdministrativeExpenses": 77500000,
        "otherExpenses": 1200000,
        "operatingExpenses": 78200000,
        "costAndExpenses": 496600000,
        "interestIncome": 0,
        "interestExpense": 7400000,
        "depreciationAndAmortization": 16700000,
        "ebitda": 52200000,
        "ebitdaratio": 0.1048613901,
        "operatingIncome": 1800000,
        "operatingIncomeRatio": 0.00361591,
        "totalOtherIncomeExpensesNet": -6600000,
        "incomeBeforeTax": -4800000,
        "incomeBeforeTaxRatio": -0.0096424267,
        "incomeTaxExpense": -1200000,
        "netIncome": -3600000,
        "netIncomeRatio": -0.00723182,
        "eps": -0.1,
        "epsdiluted": -0.1,
        "weightedAverageShsOut": 34867789,
        "weightedAverageShsOutDil": 35029175,
        "link": "https://www.sec.gov/Archives/edgar/data/61986/000095017022001624/0000950170-22-001624-index.htm",
        "finalLink": "https://www.sec.gov/Archives/edgar/data/61986/000095017022001624/mtw-20211231.htm"
    },
    {
        "date": "2021-09-30",
        "symbol": "MTW",
        "reportedCurrency": "USD",
        "cik": "0000061986",
        "fillingDate": "2021-11-04",
        "acceptedDate": "2021-11-04 16:32:51",
        "calendarYear": "2021",
        "period": "Q3",
        "revenue": 404500000,
        "costOfRevenue": 335500000,
        "grossProfit": 69000000,
        "grossProfitRatio": 0.1705809642,
        "researchAndDevelopmentExpenses": 0,
        "generalAndAdministrativeExpenses": 0,
        "sellingAndMarketingExpenses": 0,
        "sellingGeneralAndAdministrativeExpenses": 59700000,
        "otherExpenses": 0,
        "operatingExpenses": 60200000,
        "costAndExpenses": 395700000,
        "interestIncome": 0,
        "interestExpense": 7100000,
        "depreciationAndAmortization": 10300000,
        "ebitda": 19800000,
        "ebitdaratio": 0.0489493201,
        "operatingIncome": 7300000,
        "operatingIncomeRatio": 0.0180469716,
        "totalOtherIncomeExpensesNet": -8400000,
        "incomeBeforeTax": -1100000,
        "incomeBeforeTaxRatio": -0.0027194067,
        "incomeTaxExpense": -900000,
        "netIncome": -200000,
        "netIncomeRatio": -0.0004944376,
        "eps": -0.0057,
        "epsdiluted": -0.0057,
        "weightedAverageShsOut": 35029175,
        "weightedAverageShsOutDil": 35029175,
        "link": "https://www.sec.gov/Archives/edgar/data/61986/000095017021003089/0000950170-21-003089-index.htm",
        "finalLink": "https://www.sec.gov/Archives/edgar/data/61986/000095017021003089/mtw-20210930.htm"
    },
    {
        "date": "2021-06-30",
        "symbol": "MTW",
        "reportedCurrency": "USD",
        "cik": "0000061986",
        "fillingDate": "2021-08-06",
        "acceptedDate": "2021-08-06 11:19:35",
        "calendarYear": "2021",
        "period": "Q2",
        "revenue": 463600000,
        "costOfRevenue": 373200000,
        "grossProfit": 90400000,
        "grossProfitRatio": 0.1949956859,
        "researchAndDevelopmentExpenses": 0,
        "generalAndAdministrativeExpenses": 0,
        "sellingAndMarketingExpenses": 0,
        "sellingGeneralAndAdministrativeExpenses": 63600000,
        "otherExpenses": 0,
        "operatingExpenses": 63700000,
        "costAndExpenses": 436900000,
        "interestIncome": 0,
        "interestExpense": 7300000,
        "depreciationAndAmortization": 9800000,
        "ebitda": 40700000,
        "ebitdaratio": 0.0877911993,
        "operatingIncome": 26700000,
        "operatingIncomeRatio": 0.0575927524,
        "totalOtherIncomeExpensesNet": -4800000,
        "incomeBeforeTax": 21900000,
        "incomeBeforeTaxRatio": 0.0472389991,
        "incomeTaxExpense": 4000000,
        "netIncome": 17900000,
        "netIncomeRatio": 0.0386108714,
        "eps": 0.51,
        "epsdiluted": 0.5,
        "weightedAverageShsOut": 34903657,
        "weightedAverageShsOutDil": 35602042,
        "link": "https://www.sec.gov/Archives/edgar/data/61986/000156459021041982/0001564590-21-041982-index.htm",
        "finalLink": "https://www.sec.gov/Archives/edgar/data/61986/000156459021041982/mtw-10q_20210630.htm"
    },
    {
        "date": "2021-03-31",
        "symbol": "MTW",
        "reportedCurrency": "USD",
        "cik": "0000061986",
        "fillingDate": "2021-05-06",
        "acceptedDate": "2021-05-06 13:01:38",
        "calendarYear": "2021",
        "period": "Q1",
        "revenue": 354300000,
        "costOfRevenue": 285900000,
        "grossProfit": 68400000,
        "grossProfitRatio": 0.1930567316,
        "researchAndDevelopmentExpenses": 0,
        "generalAndAdministrativeExpenses": 57700000,
        "sellingAndMarketingExpenses": 0,
        "sellingGeneralAndAdministrativeExpenses": 57700000,
        "otherExpenses": 0,
        "operatingExpenses": 57800000,
        "costAndExpenses": 343700000,
        "interestIncome": 0,
        "interestExpense": 7100000,
        "depreciationAndAmortization": 10100000,
        "ebitda": 20900000,
        "ebitdaratio": 0.0589895569,
        "operatingIncome": 10700000,
        "operatingIncomeRatio": 0.0302003951,
        "totalOtherIncomeExpensesNet": -9600000,
        "incomeBeforeTax": 1100000,
        "incomeBeforeTaxRatio": 0.0031047135,
        "incomeTaxExpense": 4200000,
        "netIncome": -3100000,
        "netIncomeRatio": -0.0087496472,
        "eps": -0.09,
        "epsdiluted": -0.0891,
        "weightedAverageShsOut": 34444827,
        "weightedAverageShsOutDil": 34809725,
        "link": "https://www.sec.gov/Archives/edgar/data/61986/000156459021024730/0001564590-21-024730-index.htm",
        "finalLink": "https://www.sec.gov/Archives/edgar/data/61986/000156459021024730/mtw-10q_20210331.htm"
    },
    {
        "date": "2020-12-31",
        "symbol": "MTW",
        "reportedCurrency": "USD",
        "cik": "0000061986",
        "fillingDate": "2021-02-12",
        "acceptedDate": "2021-02-12 10:51:14",
        "calendarYear": "2020",
        "period": "Q4",
        "revenue": 430300000,
        "costOfRevenue": 352300000,
        "grossProfit": 78000000,
        "grossProfitRatio": 0.1812688822,
        "researchAndDevelopmentExpenses": 30600000,
        "generalAndAdministrativeExpenses": 53700000,
        "sellingAndMarketingExpenses": 0,
        "sellingGeneralAndAdministrativeExpenses": 53700000,
        "otherExpenses": -5700000,
        "operatingExpenses": 53800000,
        "costAndExpenses": 406100000,
        "interestIncome": 0,
        "interestExpense": 7400000,
        "depreciationAndAmortization": 10000000,
        "ebitda": 33800000,
        "ebitdaratio": 0.0785498489,
        "operatingIncome": 22800000,
        "operatingIncomeRatio": 0.0529862886,
        "totalOtherIncomeExpensesNet": -13500000,
        "incomeBeforeTax": 9300000,
        "incomeBeforeTaxRatio": 0.0216128283,
        "incomeTaxExpense": 7500000,
        "netIncome": 1800000,
        "netIncomeRatio": 0.0041831281,
        "eps": 0.05,
        "epsdiluted": 0.05,
        "weightedAverageShsOut": 34573243,
        "weightedAverageShsOutDil": 34711032,
        "link": "https://www.sec.gov/Archives/edgar/data/61986/000156459021005680/0001564590-21-005680-index.htm",
        "finalLink": "https://www.sec.gov/Archives/edgar/data/61986/000156459021005680/mtw-10k_20201231.htm"
    },
    {
        "date": "2020-09-30",
        "symbol": "MTW",
        "reportedCurrency": "USD",
        "cik": "0000061986",
        "fillingDate": "2020-11-05",
        "acceptedDate": "2020-11-05 14:44:33",
        "calendarYear": "2020",
        "period": "Q3",
        "revenue": 355600000,
        "costOfRevenue": 290500000,
        "grossProfit": 65100000,
        "grossProfitRatio": 0.1830708661,
        "researchAndDevelopmentExpenses": 0,
        "generalAndAdministrativeExpenses": 0,
        "sellingAndMarketingExpenses": 0,
        "sellingGeneralAndAdministrativeExpenses": 49500000,
        "otherExpenses": 0,
        "operatingExpenses": 49500000,
        "costAndExpenses": 340000000,
        "interestIncome": 0,
        "interestExpense": 7300000,
        "depreciationAndAmortization": 9200000,
        "ebitda": 24400000,
        "ebitdaratio": 0.0686164229,
        "operatingIncome": 11700000,
        "operatingIncomeRatio": 0.0329021372,
        "totalOtherIncomeExpensesNet": -5100000,
        "incomeBeforeTax": 6600000,
        "incomeBeforeTaxRatio": 0.01856018,
        "incomeTaxExpense": 7000000,
        "netIncome": -400000,
        "netIncomeRatio": -0.0011248594,
        "eps": -0.0116,
        "epsdiluted": -0.0116,
        "weightedAverageShsOut": 34538814,
        "weightedAverageShsOutDil": 34538814,
        "link": "https://www.sec.gov/Archives/edgar/data/61986/000156459020051190/0001564590-20-051190-index.htm",
        "finalLink": "https://www.sec.gov/Archives/edgar/data/61986/000156459020051190/mtw-10q_20200930.htm"
    },
    {
        "date": "2020-06-30",
        "symbol": "MTW",
        "reportedCurrency": "USD",
        "cik": "0000061986",
        "fillingDate": "2020-08-06",
        "acceptedDate": "2020-08-06 16:16:02",
        "calendarYear": "2020",
        "period": "Q2",
        "revenue": 328300000,
        "costOfRevenue": 279900000,
        "grossProfit": 48400000,
        "grossProfitRatio": 0.1474261346,
        "researchAndDevelopmentExpenses": 0,
        "generalAndAdministrativeExpenses": 49700000,
        "sellingAndMarketingExpenses": 0,
        "sellingGeneralAndAdministrativeExpenses": 49700000,
        "otherExpenses": 0,
        "operatingExpenses": 49800000,
        "costAndExpenses": 329700000,
        "interestIncome": 0,
        "interestExpense": 7200000,
        "depreciationAndAmortization": 9200000,
        "ebitda": 4700000,
        "ebitdaratio": 0.0143161742,
        "operatingIncome": -1600000,
        "operatingIncomeRatio": -0.0048735912,
        "totalOtherIncomeExpensesNet": -10400000,
        "incomeBeforeTax": -12000000,
        "incomeBeforeTaxRatio": -0.0365519342,
        "incomeTaxExpense": 700000,
        "netIncome": -12700000,
        "netIncomeRatio": -0.0386841304,
        "eps": -0.37,
        "epsdiluted": -0.37,
        "weightedAverageShsOut": 34324324,
        "weightedAverageShsOutDil": 34519889,
        "link": "https://www.sec.gov/Archives/edgar/data/61986/000156459020037753/0001564590-20-037753-index.htm",
        "finalLink": "https://www.sec.gov/Archives/edgar/data/61986/000156459020037753/mtw-10q_20200630.htm"
    },
    {
        "date": "2020-03-31",
        "symbol": "MTW",
        "reportedCurrency": "USD",
        "cik": "0000061986",
        "fillingDate": "2020-05-08",
        "acceptedDate": "2020-05-08 12:22:57",
        "calendarYear": "2020",
        "period": "Q1",
        "revenue": 329200000,
        "costOfRevenue": 266000000,
        "grossProfit": 63200000,
        "grossProfitRatio": 0.1919805589,
        "researchAndDevelopmentExpenses": 0,
        "generalAndAdministrativeExpenses": 55900000,
        "sellingAndMarketingExpenses": 0,
        "sellingGeneralAndAdministrativeExpenses": 55900000,
        "otherExpenses": 0,
        "operatingExpenses": 56000000,
        "costAndExpenses": 322000000,
        "interestIncome": 0,
        "interestExpense": 7200000,
        "depreciationAndAmortization": 9100000,
        "ebitda": 15900000,
        "ebitdaratio": 0.0482989064,
        "operatingIncome": 5700000,
        "operatingIncomeRatio": 0.0173147023,
        "totalOtherIncomeExpensesNet": -11600000,
        "incomeBeforeTax": -5900000,
        "incomeBeforeTaxRatio": -0.0179222357,
        "incomeTaxExpense": 1900000,
        "netIncome": -7800000,
        "netIncomeRatio": -0.0236938032,
        "eps": -0.22,
        "epsdiluted": -0.22,
        "weightedAverageShsOut": 35135525,
        "weightedAverageShsOutDil": 35135525,
        "link": "https://www.sec.gov/Archives/edgar/data/61986/000156459020023364/0001564590-20-023364-index.htm",
        "finalLink": "https://www.sec.gov/Archives/edgar/data/61986/000156459020023364/mtw-10q_20200331.htm"
    },
    {
        "date": "2019-12-31",
        "symbol": "MTW",
        "reportedCurrency": "USD",
        "cik": "0000061986",
        "fillingDate": "2020-02-14",
        "acceptedDate": "2020-02-14 12:32:12",
        "calendarYear": "2019",
        "period": "Q4",
        "revenue": 463400000,
        "costOfRevenue": 383100000,
        "grossProfit": 80300000,
        "grossProfitRatio": 0.1732844195,
        "researchAndDevelopmentExpenses": 31100000,
        "generalAndAdministrativeExpenses": 60900000,
        "sellingAndMarketingExpenses": 0,
        "sellingGeneralAndAdministrativeExpenses": 60900000,
        "otherExpenses": 900000,
        "operatingExpenses": 61000000,
        "costAndExpenses": 444100000,
        "interestIncome": 0,
        "interestExpense": 7100000,
        "depreciationAndAmortization": 8800000,
        "ebitda": 29600000,
        "ebitdaratio": 0.0638757013,
        "operatingIncome": 17800000,
        "operatingIncomeRatio": 0.0384117393,
        "totalOtherIncomeExpensesNet": -6400000,
        "incomeBeforeTax": 11300000,
        "incomeBeforeTaxRatio": 0.0243849806,
        "incomeTaxExpense": 2100000,
        "netIncome": 9300000,
        "netIncomeRatio": 0.0200690548,
        "eps": 0.26,
        "epsdiluted": 0.26,
        "weightedAverageShsOut": 35366843,
        "weightedAverageShsOutDil": 35499167,
        "link": "https://www.sec.gov/Archives/edgar/data/61986/000156459020004745/0001564590-20-004745-index.htm",
        "finalLink": "https://www.sec.gov/Archives/edgar/data/61986/000156459020004745/mtw-10k_20191231.htm"
    },
    {
        "date": "2019-09-30",
        "symbol": "MTW",
        "reportedCurrency": "USD",
        "cik": "0000061986",
        "fillingDate": "2019-11-08",
        "acceptedDate": "2019-11-08 11:48:10",
        "calendarYear": "2019",
        "period": "Q3",
        "revenue": 448000000,
        "costOfRevenue": 359600000,
        "grossProfit": 88400000,
        "grossProfitRatio": 0.1973214286,
        "researchAndDevelopmentExpenses": 0,
        "generalAndAdministrativeExpenses": 54800000,
        "sellingAndMarketingExpenses": 0,
        "sellingGeneralAndAdministrativeExpenses": 54800000,
        "otherExpenses": 0,
        "operatingExpenses": 54800000,
        "costAndExpenses": 414400000,
        "interestIncome": 0,
        "interestExpense": 7200000,
        "depreciationAndAmortization": 8900000,
        "ebitda": 41800000,
        "ebitdaratio": 0.0933035714,
        "operatingIncome": 32500000,
        "operatingIncomeRatio": 0.0725446429,
        "totalOtherIncomeExpensesNet": -11300000,
        "incomeBeforeTax": 21200000,
        "incomeBeforeTaxRatio": 0.0473214286,
        "incomeTaxExpense": 3100000,
        "netIncome": 18000000,
        "netIncomeRatio": 0.0401785714,
        "eps": 0.51,
        "epsdiluted": 0.51,
        "weightedAverageShsOut": 35348597,
        "weightedAverageShsOutDil": 35458956,
        "link": "https://www.sec.gov/Archives/edgar/data/61986/000156459019042088/0001564590-19-042088-index.htm",
        "finalLink": "https://www.sec.gov/Archives/edgar/data/61986/000156459019042088/mtw-10q_20190930.htm"
    },
    {
        "date": "2019-06-30",
        "symbol": "MTW",
        "reportedCurrency": "USD",
        "cik": "0000061986",
        "fillingDate": "2019-08-09",
        "acceptedDate": "2019-08-09 12:25:17",
        "calendarYear": "2019",
        "period": "Q2",
        "revenue": 504700000,
        "costOfRevenue": 409500000,
        "grossProfit": 95200000,
        "grossProfitRatio": 0.1886269071,
        "researchAndDevelopmentExpenses": 0,
        "generalAndAdministrativeExpenses": 50500000,
        "sellingAndMarketingExpenses": 0,
        "sellingGeneralAndAdministrativeExpenses": 50500000,
        "otherExpenses": 0,
        "operatingExpenses": 50600000,
        "costAndExpenses": 460100000,
        "interestIncome": 0,
        "interestExpense": 7500000,
        "depreciationAndAmortization": 8700000,
        "ebitda": 42900000,
        "ebitdaratio": 0.0850009907,
        "operatingIncome": 41900000,
        "operatingIncomeRatio": 0.0830196156,
        "totalOtherIncomeExpensesNet": 8000000,
        "incomeBeforeTax": 49900000,
        "incomeBeforeTaxRatio": 0.0988706162,
        "incomeTaxExpense": 3900000,
        "netIncome": 46000000,
        "netIncomeRatio": 0.0911432534,
        "eps": 1.29,
        "epsdiluted": 1.29,
        "weightedAverageShsOut": 35595718,
        "weightedAverageShsOutDil": 35725908,
        "link": "https://www.sec.gov/Archives/edgar/data/61986/000156459019031117/0001564590-19-031117-index.htm",
        "finalLink": "https://www.sec.gov/Archives/edgar/data/61986/000156459019031117/mtw-10q_20190630.htm"
    },
    {
        "date": "2019-03-31",
        "symbol": "MTW",
        "reportedCurrency": "USD",
        "cik": "0000061986",
        "fillingDate": "2019-05-10",
        "acceptedDate": "2019-05-10 12:32:24",
        "calendarYear": "2019",
        "period": "Q1",
        "revenue": 418000000,
        "costOfRevenue": 337800000,
        "grossProfit": 80200000,
        "grossProfitRatio": 0.1918660287,
        "researchAndDevelopmentExpenses": 0,
        "generalAndAdministrativeExpenses": 59400000,
        "sellingAndMarketingExpenses": 0,
        "sellingGeneralAndAdministrativeExpenses": 59400000,
        "otherExpenses": 0,
        "operatingExpenses": 59500000,
        "costAndExpenses": 397300000,
        "interestIncome": 0,
        "interestExpense": 10900000,
        "depreciationAndAmortization": 8900000,
        "ebitda": -3200000,
        "ebitdaratio": -0.0076555024,
        "operatingIncome": 16200000,
        "operatingIncomeRatio": 0.0387559809,
        "totalOtherIncomeExpensesNet": -39600000,
        "incomeBeforeTax": -23400000,
        "incomeBeforeTaxRatio": -0.0559808612,
        "incomeTaxExpense": 3300000,
        "netIncome": -26700000,
        "netIncomeRatio": -0.0638755981,
        "eps": -0.75,
        "epsdiluted": -0.75,
        "weightedAverageShsOut": 35600000,
        "weightedAverageShsOutDil": 35642832,
        "link": "https://www.sec.gov/Archives/edgar/data/61986/000156459019018379/0001564590-19-018379-index.htm",
        "finalLink": "https://www.sec.gov/Archives/edgar/data/61986/000156459019018379/mtw-10q_20190331.htm"
    },
    {
        "date": "2018-12-31",
        "symbol": "MTW",
        "reportedCurrency": "USD",
        "cik": "0000061986",
        "fillingDate": "2019-02-13",
        "acceptedDate": "2019-02-13 16:04:12",
        "calendarYear": "2018",
        "period": "Q4",
        "revenue": 515300000,
        "costOfRevenue": 426100000,
        "grossProfit": 89200000,
        "grossProfitRatio": 0.1731030468,
        "researchAndDevelopmentExpenses": 0,
        "generalAndAdministrativeExpenses": 67000000,
        "sellingAndMarketingExpenses": 0,
        "sellingGeneralAndAdministrativeExpenses": 67000000,
        "otherExpenses": 0,
        "operatingExpenses": 67100000,
        "costAndExpenses": 493200000,
        "interestIncome": 0,
        "interestExpense": 9800000,
        "depreciationAndAmortization": 100000,
        "ebitda": -55900000,
        "ebitdaratio": -0.1084804968,
        "operatingIncome": -62000000,
        "operatingIncomeRatio": -0.1203182612,
        "totalOtherIncomeExpensesNet": -13100000,
        "incomeBeforeTax": -75100000,
        "incomeBeforeTaxRatio": -0.1457403454,
        "incomeTaxExpense": 3200000,
        "netIncome": -78300000,
        "netIncomeRatio": -0.1519503202,
        "eps": -2.2,
        "epsdiluted": -2.2,
        "weightedAverageShsOut": 35529410,
        "weightedAverageShsOutDil": 35587023,
        "link": "https://www.sec.gov/Archives/edgar/data/61986/000156459019002823/0001564590-19-002823-index.htm",
        "finalLink": "https://www.sec.gov/Archives/edgar/data/61986/000156459019002823/mtw-10k_20181231.htm"
    },
    {
        "date": "2018-09-30",
        "symbol": "MTW",
        "reportedCurrency": "USD",
        "cik": "0000061986",
        "fillingDate": "2018-11-06",
        "acceptedDate": "2018-11-06 11:32:52",
        "calendarYear": "2018",
        "period": "Q3",
        "revenue": 450100000,
        "costOfRevenue": 370100000,
        "grossProfit": 80000000,
        "grossProfitRatio": 0.1777382804,
        "researchAndDevelopmentExpenses": 0,
        "generalAndAdministrativeExpenses": 62100000,
        "sellingAndMarketingExpenses": 0,
        "sellingGeneralAndAdministrativeExpenses": 62100000,
        "otherExpenses": 0,
        "operatingExpenses": 62100000,
        "costAndExpenses": 432200000,
        "interestIncome": 0,
        "interestExpense": 9900000,
        "depreciationAndAmortization": 9000000,
        "ebitda": 25200000,
        "ebitdaratio": 0.0559875583,
        "operatingIncome": 16900000,
        "operatingIncomeRatio": 0.0375472117,
        "totalOtherIncomeExpensesNet": -16100000,
        "incomeBeforeTax": 800000,
        "incomeBeforeTaxRatio": 0.0017773828,
        "incomeTaxExpense": -10700000,
        "netIncome": 11500000,
        "netIncomeRatio": 0.0255498778,
        "eps": 0.32,
        "epsdiluted": 0.32,
        "weightedAverageShsOut": 35564946,
        "weightedAverageShsOutDil": 35928327,
        "link": "https://www.sec.gov/Archives/edgar/data/61986/000156459018027185/0001564590-18-027185-index.htm",
        "finalLink": "https://www.sec.gov/Archives/edgar/data/61986/000156459018027185/mtw-10q_20180930.htm"
    },
    {
        "date": "2018-06-30",
        "symbol": "MTW",
        "reportedCurrency": "USD",
        "cik": "0000061986",
        "fillingDate": "2018-08-07",
        "acceptedDate": "2018-08-07 11:54:56",
        "calendarYear": "2018",
        "period": "Q2",
        "revenue": 495300000,
        "costOfRevenue": 404800000,
        "grossProfit": 90500000,
        "grossProfitRatio": 0.1827175449,
        "researchAndDevelopmentExpenses": 0,
        "generalAndAdministrativeExpenses": 62100000,
        "sellingAndMarketingExpenses": 0,
        "sellingGeneralAndAdministrativeExpenses": 62100000,
        "otherExpenses": 0,
        "operatingExpenses": 62200000,
        "costAndExpenses": 467000000,
        "interestIncome": 0,
        "interestExpense": 9400000,
        "depreciationAndAmortization": 9100000,
        "ebitda": 36700000,
        "ebitdaratio": 0.0740965072,
        "operatingIncome": 24100000,
        "operatingIncomeRatio": 0.0486573794,
        "totalOtherIncomeExpensesNet": -15400000,
        "incomeBeforeTax": 8700000,
        "incomeBeforeTaxRatio": 0.0175651121,
        "incomeTaxExpense": -1200000,
        "netIncome": 9700000,
        "netIncomeRatio": 0.0195840905,
        "eps": 0.27,
        "epsdiluted": 0.27,
        "weightedAverageShsOut": 35530356,
        "weightedAverageShsOutDil": 36064108,
        "link": "https://www.sec.gov/Archives/edgar/data/61986/000156459018019722/0001564590-18-019722-index.htm",
        "finalLink": "https://www.sec.gov/Archives/edgar/data/61986/000156459018019722/mtw-10q_20180630.htm"
    },
    {
        "date": "2018-03-31",
        "symbol": "MTW",
        "reportedCurrency": "USD",
        "cik": "0000061986",
        "fillingDate": "2018-05-08",
        "acceptedDate": "2018-05-08 12:56:04",
        "calendarYear": "2018",
        "period": "Q1",
        "revenue": 386100000,
        "costOfRevenue": 317700000,
        "grossProfit": 68400000,
        "grossProfitRatio": 0.1771561772,
        "researchAndDevelopmentExpenses": 0,
        "generalAndAdministrativeExpenses": 60400000,
        "sellingAndMarketingExpenses": 0,
        "sellingGeneralAndAdministrativeExpenses": 60400000,
        "otherExpenses": 0,
        "operatingExpenses": 60500000,
        "costAndExpenses": 378200000,
        "interestIncome": 0,
        "interestExpense": 10000000,
        "depreciationAndAmortization": 9100000,
        "ebitda": 16300000,
        "ebitdaratio": 0.0422170422,
        "operatingIncome": 1700000,
        "operatingIncomeRatio": 0.0044030044,
        "totalOtherIncomeExpensesNet": -7800000,
        "incomeBeforeTax": -6100000,
        "incomeBeforeTaxRatio": -0.0157990158,
        "incomeTaxExpense": 3900000,
        "netIncome": -10000000,
        "netIncomeRatio": -0.0259000259,
        "eps": -0.28,
        "epsdiluted": -0.28,
        "weightedAverageShsOut": 35367340,
        "weightedAverageShsOutDil": 35367340,
        "link": "https://www.sec.gov/Archives/edgar/data/61986/000156459018011618/0001564590-18-011618-index.htm",
        "finalLink": "https://www.sec.gov/Archives/edgar/data/61986/000156459018011618/mtw-10q_20180331.htm"
    },
    {
        "date": "2017-12-31",
        "symbol": "MTW",
        "reportedCurrency": "USD",
        "cik": "0000061986",
        "fillingDate": "2018-02-23",
        "acceptedDate": "2018-02-23 10:39:27",
        "calendarYear": "2017",
        "period": "Q4",
        "revenue": 481500000,
        "costOfRevenue": 400300000,
        "grossProfit": 81200000,
        "grossProfitRatio": 0.1686396677,
        "researchAndDevelopmentExpenses": 37900000,
        "generalAndAdministrativeExpenses": 68000000,
        "sellingAndMarketingExpenses": 0,
        "sellingGeneralAndAdministrativeExpenses": 68000000,
        "otherExpenses": -1300000,
        "operatingExpenses": 68200000,
        "costAndExpenses": 468500000,
        "interestIncome": 0,
        "interestExpense": 9800000,
        "depreciationAndAmortization": 9000000,
        "ebitda": 24100000,
        "ebitdaratio": 0.0500519211,
        "operatingIncome": 7000000,
        "operatingIncomeRatio": 0.0145379024,
        "totalOtherIncomeExpensesNet": -13100000,
        "incomeBeforeTax": -4600000,
        "incomeBeforeTaxRatio": -0.0095534787,
        "incomeTaxExpense": -40200000,
        "netIncome": 35300000,
        "netIncomeRatio": 0.0733125649,
        "eps": 1,
        "epsdiluted": 0.97,
        "weightedAverageShsOut": 35181685,
        "weightedAverageShsOutDil": 36211371,
        "link": "https://www.sec.gov/Archives/edgar/data/61986/000156459018002976/0001564590-18-002976-index.htm",
        "finalLink": "https://www.sec.gov/Archives/edgar/data/61986/000156459018002976/mtw-10k_20171231.htm"
    },
    {
        "date": "2017-09-30",
        "symbol": "MTW",
        "reportedCurrency": "USD",
        "cik": "0000061986",
        "fillingDate": "2017-11-07",
        "acceptedDate": "2017-11-07 10:31:13",
        "calendarYear": "2017",
        "period": "Q3",
        "revenue": 399400000,
        "costOfRevenue": 326900000,
        "grossProfit": 72500000,
        "grossProfitRatio": 0.1815222834,
        "researchAndDevelopmentExpenses": 0,
        "generalAndAdministrativeExpenses": 60900000,
        "sellingAndMarketingExpenses": 0,
        "sellingGeneralAndAdministrativeExpenses": 60900000,
        "otherExpenses": 0,
        "operatingExpenses": 60900000,
        "costAndExpenses": 387800000,
        "interestIncome": 0,
        "interestExpense": 9600000,
        "depreciationAndAmortization": 9200000,
        "ebitda": 21200000,
        "ebitdaratio": 0.0530796194,
        "operatingIncome": 7900000,
        "operatingIncomeRatio": 0.0197796695,
        "totalOtherIncomeExpensesNet": -13200000,
        "incomeBeforeTax": -3400000,
        "incomeBeforeTaxRatio": -0.0085127692,
        "incomeTaxExpense": -13100000,
        "netIncome": 9600000,
        "netIncomeRatio": 0.0240360541,
        "eps": 0.27,
        "epsdiluted": 0.27,
        "weightedAverageShsOut": 35132857,
        "weightedAverageShsOutDil": 35834295,
        "link": "https://www.sec.gov/Archives/edgar/data/61986/000156459017022044/0001564590-17-022044-index.htm",
        "finalLink": "https://www.sec.gov/Archives/edgar/data/61986/000156459017022044/mtw-10q_20170930.htm"
    },
    {
        "date": "2017-06-30",
        "symbol": "MTW",
        "reportedCurrency": "USD",
        "cik": "0000061986",
        "fillingDate": "2017-08-08",
        "acceptedDate": "2017-08-08 11:14:22",
        "calendarYear": "2017",
        "period": "Q2",
        "revenue": 394600000,
        "costOfRevenue": 318300000,
        "grossProfit": 76300000,
        "grossProfitRatio": 0.1933603649,
        "researchAndDevelopmentExpenses": 0,
        "generalAndAdministrativeExpenses": 60400000,
        "sellingAndMarketingExpenses": 0,
        "sellingGeneralAndAdministrativeExpenses": 60400000,
        "otherExpenses": 0,
        "operatingExpenses": 60500000,
        "costAndExpenses": 378800000,
        "interestIncome": 0,
        "interestExpense": 9700000,
        "depreciationAndAmortization": 9300000,
        "ebitda": 27900000,
        "ebitdaratio": 0.0707045109,
        "operatingIncome": 9900000,
        "operatingIncomeRatio": 0.0250886974,
        "totalOtherIncomeExpensesNet": -6900000,
        "incomeBeforeTax": 3000000,
        "incomeBeforeTaxRatio": 0.0076026356,
        "incomeTaxExpense": 2300000,
        "netIncome": 500000,
        "netIncomeRatio": 0.0012671059,
        "eps": 0.01,
        "epsdiluted": 0.01,
        "weightedAverageShsOut": 35109426,
        "weightedAverageShsOutDil": 35654672,
        "link": "https://www.sec.gov/Archives/edgar/data/61986/000006198617000037/0000061986-17-000037-index.htm",
        "finalLink": "https://www.sec.gov/Archives/edgar/data/61986/000006198617000037/mtw-20170630x10q.htm"
    },
    {
        "date": "2017-03-31",
        "symbol": "MTW",
        "reportedCurrency": "USD",
        "cik": "0000061986",
        "fillingDate": "2017-05-09",
        "acceptedDate": "2017-05-09 11:16:35",
        "calendarYear": "2017",
        "period": "Q1",
        "revenue": 305800000,
        "costOfRevenue": 253900000,
        "grossProfit": 51900000,
        "grossProfitRatio": 0.1697187704,
        "researchAndDevelopmentExpenses": 0,
        "generalAndAdministrativeExpenses": 63300000,
        "sellingAndMarketingExpenses": 0,
        "sellingGeneralAndAdministrativeExpenses": 63300000,
        "otherExpenses": 0,
        "operatingExpenses": 63900000,
        "costAndExpenses": 317800000,
        "interestIncome": 0,
        "interestExpense": 10100000,
        "depreciationAndAmortization": 11000000,
        "ebitda": -12900000,
        "ebitdaratio": -0.0421844343,
        "operatingIncome": -23700000,
        "operatingIncomeRatio": -0.0775016351,
        "totalOtherIncomeExpensesNet": -10800000,
        "incomeBeforeTax": -34500000,
        "incomeBeforeTaxRatio": -0.1128188358,
        "incomeTaxExpense": 1500000,
        "netIncome": -36000000,
        "netIncomeRatio": -0.1177240026,
        "eps": -1.03,
        "epsdiluted": -1.03,
        "weightedAverageShsOut": 34951456,
        "weightedAverageShsOutDil": 35020428,
        "link": "https://www.sec.gov/Archives/edgar/data/61986/000006198617000013/0000061986-17-000013-index.htm",
        "finalLink": "https://www.sec.gov/Archives/edgar/data/61986/000006198617000013/mtw-20170331x10q.htm"
    },
    {
        "date": "2016-12-31",
        "symbol": "MTW",
        "reportedCurrency": "USD",
        "cik": "0000061986",
        "fillingDate": "2017-02-28",
        "acceptedDate": "2017-02-27 18:10:39",
        "calendarYear": "2016",
        "period": "Q4",
        "revenue": 378200000,
        "costOfRevenue": 332700000,
        "grossProfit": 45500000,
        "grossProfitRatio": 0.120306716,
        "researchAndDevelopmentExpenses": 44500000,
        "generalAndAdministrativeExpenses": 61900000,
        "sellingAndMarketingExpenses": 0,
        "sellingGeneralAndAdministrativeExpenses": 61900000,
        "otherExpenses": -400000,
        "operatingExpenses": 63000000,
        "costAndExpenses": 395700000,
        "interestIncome": 0,
        "interestExpense": 10000000,
        "depreciationAndAmortization": 800000,
        "ebitda": -12700000,
        "ebitdaratio": -0.0335801163,
        "operatingIncome": -23800000,
        "operatingIncomeRatio": -0.0629296668,
        "totalOtherIncomeExpensesNet": -10800000,
        "incomeBeforeTax": -34600000,
        "incomeBeforeTaxRatio": -0.0914859863,
        "incomeTaxExpense": -2600000,
        "netIncome": -33400000,
        "netIncomeRatio": -0.0883130619,
        "eps": -0.96,
        "epsdiluted": -0.96,
        "weightedAverageShsOut": 34721957,
        "weightedAverageShsOutDil": 34721957,
        "link": "https://www.sec.gov/Archives/edgar/data/61986/000006198617000007/0000061986-17-000007-index.htm",
        "finalLink": "https://www.sec.gov/Archives/edgar/data/61986/000006198617000007/mtw-20161231x10k.htm"
    },
    {
        "date": "2016-09-30",
        "symbol": "MTW",
        "reportedCurrency": "USD",
        "cik": "0000061986",
        "fillingDate": "2016-11-03",
        "acceptedDate": "2016-11-02 17:32:52",
        "calendarYear": "2016",
        "period": "Q3",
        "revenue": 349800000,
        "costOfRevenue": 308300000,
        "grossProfit": 41500000,
        "grossProfitRatio": 0.1186392224,
        "researchAndDevelopmentExpenses": 0,
        "generalAndAdministrativeExpenses": 73000000,
        "sellingAndMarketingExpenses": 0,
        "sellingGeneralAndAdministrativeExpenses": 73000000,
        "otherExpenses": 500000,
        "operatingExpenses": 74200000,
        "costAndExpenses": 382500000,
        "interestIncome": 0,
        "interestExpense": 10000000,
        "depreciationAndAmortization": 700000,
        "ebitda": -121000000,
        "ebitdaratio": -0.3459119497,
        "operatingIncome": -133500000,
        "operatingIncomeRatio": -0.3816466552,
        "totalOtherIncomeExpensesNet": -10000000,
        "incomeBeforeTax": -143500000,
        "incomeBeforeTaxRatio": -0.4102344197,
        "incomeTaxExpense": -5300000,
        "netIncome": -140000000,
        "netIncomeRatio": -0.4002287021,
        "eps": -4.07,
        "epsdiluted": -4.05,
        "weightedAverageShsOut": 34381188,
        "weightedAverageShsOutDil": 34605738,
        "link": "https://www.sec.gov/Archives/edgar/data/61986/000006198616000128/0000061986-16-000128-index.htm",
        "finalLink": "https://www.sec.gov/Archives/edgar/data/61986/000006198616000128/mtw-20160930x10q.htm"
    },
    {
        "date": "2016-06-30",
        "symbol": "MTW",
        "reportedCurrency": "USD",
        "cik": "0000061986",
        "fillingDate": "2016-08-09",
        "acceptedDate": "2016-08-09 16:20:05",
        "calendarYear": "2016",
        "period": "Q2",
        "revenue": 457700000,
        "costOfRevenue": 369500000,
        "grossProfit": 88200000,
        "grossProfitRatio": 0.1927026437,
        "researchAndDevelopmentExpenses": 0,
        "generalAndAdministrativeExpenses": 73400000,
        "sellingAndMarketingExpenses": 0,
        "sellingGeneralAndAdministrativeExpenses": 73400000,
        "otherExpenses": 2100000,
        "operatingExpenses": 74600000,
        "costAndExpenses": 444100000,
        "interestIncome": 0,
        "interestExpense": 10300000,
        "depreciationAndAmortization": 12200000,
        "ebitda": 24900000,
        "ebitdaratio": 0.054402447,
        "operatingIncome": 4800000,
        "operatingIncomeRatio": 0.0104872187,
        "totalOtherIncomeExpensesNet": -8200000,
        "incomeBeforeTax": -3400000,
        "incomeBeforeTaxRatio": -0.0074284466,
        "incomeTaxExpense": 700000,
        "netIncome": -4900000,
        "netIncomeRatio": -0.0107057024,
        "eps": -0.14,
        "epsdiluted": -0.14,
        "weightedAverageShsOut": 34284555,
        "weightedAverageShsOutDil": 34284555,
        "link": "https://www.sec.gov/Archives/edgar/data/61986/000006198616000116/0000061986-16-000116-index.htm",
        "finalLink": "https://www.sec.gov/Archives/edgar/data/61986/000006198616000116/mtw-20160630x10q.htm"
    },
    {
        "date": "2016-03-31",
        "symbol": "MTW",
        "reportedCurrency": "USD",
        "cik": "0000061986",
        "fillingDate": "2016-05-10",
        "acceptedDate": "2016-05-10 16:04:28",
        "calendarYear": "2016",
        "period": "Q1",
        "revenue": 427400000,
        "costOfRevenue": 345500000,
        "grossProfit": 81900000,
        "grossProfitRatio": 0.1916237716,
        "researchAndDevelopmentExpenses": 0,
        "generalAndAdministrativeExpenses": 72400000,
        "sellingAndMarketingExpenses": 0,
        "sellingGeneralAndAdministrativeExpenses": 72400000,
        "otherExpenses": 1100000,
        "operatingExpenses": 74500000,
        "costAndExpenses": 420000000,
        "interestIncome": 0,
        "interestExpense": 10600000,
        "depreciationAndAmortization": 700000,
        "ebitda": -62400000,
        "ebitdaratio": -0.1459990641,
        "operatingIncome": 3000000,
        "operatingIncomeRatio": 0.0070191858,
        "totalOtherIncomeExpensesNet": -79300000,
        "incomeBeforeTax": -78500000,
        "incomeBeforeTaxRatio": -0.1836686944,
        "incomeTaxExpense": 122300000,
        "netIncome": -204000000,
        "netIncomeRatio": -0.4773046327,
        "eps": -5.97,
        "epsdiluted": -5.97,
        "weightedAverageShsOut": 34149978,
        "weightedAverageShsOutDil": 34149978,
        "link": "https://www.sec.gov/Archives/edgar/data/61986/000006198616000094/0000061986-16-000094-index.htm",
        "finalLink": "https://www.sec.gov/Archives/edgar/data/61986/000006198616000094/mtw-20160331x10q.htm"
    },
    {
        "date": "2015-12-31",
        "symbol": "MTW",
        "reportedCurrency": "USD",
        "cik": "0000061986",
        "fillingDate": "2016-02-29",
        "acceptedDate": "2016-02-29 16:49:30",
        "calendarYear": "2015",
        "period": "Q4",
        "revenue": 934800000,
        "costOfRevenue": 712300000,
        "grossProfit": 222500000,
        "grossProfitRatio": 0.2380188276,
        "researchAndDevelopmentExpenses": 57600000,
        "generalAndAdministrativeExpenses": 159500000,
        "sellingAndMarketingExpenses": 0,
        "sellingGeneralAndAdministrativeExpenses": 159500000,
        "otherExpenses": 21100000,
        "operatingExpenses": 168100000,
        "costAndExpenses": 880400000,
        "interestIncome": 0,
        "interestExpense": 25300000,
        "depreciationAndAmortization": 8600000,
        "ebitda": 64200000,
        "ebitdaratio": 0.068677792,
        "operatingIncome": 17600000,
        "operatingIncomeRatio": 0.0188275567,
        "totalOtherIncomeExpensesNet": -4800000,
        "incomeBeforeTax": 12400000,
        "incomeBeforeTaxRatio": 0.0132648695,
        "incomeTaxExpense": -31300000,
        "netIncome": 43800000,
        "netIncomeRatio": 0.0468549422,
        "eps": 1.28,
        "epsdiluted": 1.28,
        "weightedAverageShsOut": 34048061,
        "weightedAverageShsOutDil": 34376076,
        "link": "https://www.sec.gov/Archives/edgar/data/61986/000006198616000073/0000061986-16-000073-index.htm",
        "finalLink": "https://www.sec.gov/Archives/edgar/data/61986/000006198616000073/mtw-20151231x10k.htm"
    },
    {
        "date": "2015-09-30",
        "symbol": "MTW",
        "reportedCurrency": "USD",
        "cik": "0000061986",
        "fillingDate": "2015-11-03",
        "acceptedDate": "2015-11-02 18:30:56",
        "calendarYear": "2015",
        "period": "Q3",
        "revenue": 863500000,
        "costOfRevenue": 657800000,
        "grossProfit": 205700000,
        "grossProfitRatio": 0.2382165605,
        "researchAndDevelopmentExpenses": 0,
        "generalAndAdministrativeExpenses": 154400000,
        "sellingAndMarketingExpenses": 0,
        "sellingGeneralAndAdministrativeExpenses": 154400000,
        "otherExpenses": -1000000,
        "operatingExpenses": 163100000,
        "costAndExpenses": 820900000,
        "interestIncome": 0,
        "interestExpense": 25100000,
        "depreciationAndAmortization": 8600000,
        "ebitda": 4700000,
        "ebitdaratio": 0.0054429647,
        "operatingIncome": 42200000,
        "operatingIncomeRatio": 0.0488708743,
        "totalOtherIncomeExpensesNet": -27500000,
        "incomeBeforeTax": 15800000,
        "incomeBeforeTaxRatio": 0.0182976259,
        "incomeTaxExpense": 11100000,
        "netIncome": 4800000,
        "netIncomeRatio": 0.0055587724,
        "eps": 0.16,
        "epsdiluted": 0.16,
        "weightedAverageShsOut": 33636401,
        "weightedAverageShsOutDil": 34041013,
        "link": "https://www.sec.gov/Archives/edgar/data/61986/000006198615000059/0000061986-15-000059-index.htm",
        "finalLink": "https://www.sec.gov/Archives/edgar/data/61986/000006198615000059/mtw-20150930x10q.htm"
    },
    {
        "date": "2015-06-30",
        "symbol": "MTW",
        "reportedCurrency": "USD",
        "cik": "0000061986",
        "fillingDate": "2015-08-07",
        "acceptedDate": "2015-08-07 16:56:59",
        "calendarYear": "2015",
        "period": "Q2",
        "revenue": 885400000,
        "costOfRevenue": 662900000,
        "grossProfit": 222500000,
        "grossProfitRatio": 0.251298848,
        "researchAndDevelopmentExpenses": 0,
        "generalAndAdministrativeExpenses": 153000000,
        "sellingAndMarketingExpenses": 0,
        "sellingGeneralAndAdministrativeExpenses": 153000000,
        "otherExpenses": 2900000,
        "operatingExpenses": 162000000,
        "costAndExpenses": 824900000,
        "interestIncome": 0,
        "interestExpense": 25000000,
        "depreciationAndAmortization": 8600000,
        "ebitda": 27700000,
        "ebitdaratio": 0.0312852948,
        "operatingIncome": 60400000,
        "operatingIncomeRatio": 0.0682177547,
        "totalOtherIncomeExpensesNet": -22200000,
        "incomeBeforeTax": 37900000,
        "incomeBeforeTaxRatio": 0.0428055116,
        "incomeTaxExpense": 14700000,
        "netIncome": 23300000,
        "netIncomeRatio": 0.0263157895,
        "eps": 0.68,
        "epsdiluted": 0.68,
        "weightedAverageShsOut": 34032715,
        "weightedAverageShsOutDil": 34496474,
        "link": "https://www.sec.gov/Archives/edgar/data/61986/000006198615000042/0000061986-15-000042-index.htm",
        "finalLink": "https://www.sec.gov/Archives/edgar/data/61986/000006198615000042/mtw-20150630x10q.htm"
    },
    {
        "date": "2015-03-31",
        "symbol": "MTW",
        "reportedCurrency": "USD",
        "cik": "0000061986",
        "fillingDate": "2015-05-06",
        "acceptedDate": "2015-05-06 17:11:38",
        "calendarYear": "2015",
        "period": "Q1",
        "revenue": 752100000,
        "costOfRevenue": 569600000,
        "grossProfit": 182500000,
        "grossProfitRatio": 0.2426539024,
        "researchAndDevelopmentExpenses": 0,
        "generalAndAdministrativeExpenses": 160100000,
        "sellingAndMarketingExpenses": 0,
        "sellingGeneralAndAdministrativeExpenses": 160100000,
        "otherExpenses": 2500000,
        "operatingExpenses": 168700000,
        "costAndExpenses": 738300000,
        "interestIncome": 0,
        "interestExpense": 24400000,
        "depreciationAndAmortization": 8600000,
        "ebitda": 3000000,
        "ebitdaratio": 0.0039888313,
        "operatingIncome": 12700000,
        "operatingIncomeRatio": 0.0168860524,
        "totalOtherIncomeExpensesNet": -1200000,
        "incomeBeforeTax": -9500000,
        "incomeBeforeTaxRatio": -0.012631299,
        "incomeTaxExpense": -1200000,
        "netIncome": -8400000,
        "netIncomeRatio": -0.0111687276,
        "eps": -0.25,
        "epsdiluted": -0.25,
        "weightedAverageShsOut": 33552675,
        "weightedAverageShsOutDil": 33910478,
        "link": "https://www.sec.gov/Archives/edgar/data/61986/000006198615000030/0000061986-15-000030-index.htm",
        "finalLink": "https://www.sec.gov/Archives/edgar/data/61986/000006198615000030/mtw-20150331x10q.htm"
    },
    {
        "date": "2014-12-31",
        "symbol": "MTW",
        "reportedCurrency": "USD",
        "cik": "0000061986",
        "fillingDate": "2015-02-20",
        "acceptedDate": "2015-02-20 16:53:59",
        "calendarYear": "2014",
        "period": "Q4",
        "revenue": 1037400000,
        "costOfRevenue": 795900000,
        "grossProfit": 241500000,
        "grossProfitRatio": 0.2327935223,
        "researchAndDevelopmentExpenses": 87400000,
        "generalAndAdministrativeExpenses": 158500000,
        "sellingAndMarketingExpenses": 0,
        "sellingGeneralAndAdministrativeExpenses": 158500000,
        "otherExpenses": -3900000,
        "operatingExpenses": 166800000,
        "costAndExpenses": 962700000,
        "interestIncome": 0,
        "interestExpense": 26000000,
        "depreciationAndAmortization": 8700000,
        "ebitda": 100300000,
        "ebitdaratio": 0.0966840177,
        "operatingIncome": 71500000,
        "operatingIncomeRatio": 0.0689223058,
        "totalOtherIncomeExpensesNet": -30100000,
        "incomeBeforeTax": 38400000,
        "incomeBeforeTaxRatio": 0.037015616,
        "incomeTaxExpense": 4900000,
        "netIncome": 33600000,
        "netIncomeRatio": 0.032388664,
        "eps": 1,
        "epsdiluted": 1,
        "weightedAverageShsOut": 33830985,
        "weightedAverageShsOutDil": 34249680,
        "link": "https://www.sec.gov/Archives/edgar/data/61986/000006198615000014/0000061986-15-000014-index.htm",
        "finalLink": "https://www.sec.gov/Archives/edgar/data/61986/000006198615000014/mtw-20141231x10k.htm"
    },
    {
        "date": "2014-09-30",
        "symbol": "MTW",
        "reportedCurrency": "USD",
        "cik": "0000061986",
        "fillingDate": "2014-10-31",
        "acceptedDate": "2014-10-31 16:10:19",
        "calendarYear": "2014",
        "period": "Q3",
        "revenue": 986300000,
        "costOfRevenue": 741100000,
        "grossProfit": 245200000,
        "grossProfitRatio": 0.2486059008,
        "researchAndDevelopmentExpenses": 0,
        "generalAndAdministrativeExpenses": 153400000,
        "sellingAndMarketingExpenses": 0,
        "sellingGeneralAndAdministrativeExpenses": 153400000,
        "otherExpenses": 700000,
        "operatingExpenses": 162200000,
        "costAndExpenses": 903300000,
        "interestIncome": 0,
        "interestExpense": 25700000,
        "depreciationAndAmortization": 8800000,
        "ebitda": 109600000,
        "ebitdaratio": 0.1111223766,
        "operatingIncome": 81300000,
        "operatingIncomeRatio": 0.0824292812,
        "totalOtherIncomeExpensesNet": -25000000,
        "incomeBeforeTax": 56300000,
        "incomeBeforeTaxRatio": 0.0570820237,
        "incomeTaxExpense": -18100000,
        "netIncome": 73100000,
        "netIncomeRatio": 0.0741153807,
        "eps": 2.16,
        "epsdiluted": 2.12,
        "weightedAverageShsOut": 33805602,
        "weightedAverageShsOutDil": 34399451,
        "link": "https://www.sec.gov/Archives/edgar/data/61986/000006198614000048/0000061986-14-000048-index.htm",
        "finalLink": "https://www.sec.gov/Archives/edgar/data/61986/000006198614000048/mtw-20140930x10q.htm"
    },
    {
        "date": "2014-06-30",
        "symbol": "MTW",
        "reportedCurrency": "USD",
        "cik": "0000061986",
        "fillingDate": "2014-08-01",
        "acceptedDate": "2014-08-01 14:52:10",
        "calendarYear": "2014",
        "period": "Q2",
        "revenue": 1012800000,
        "costOfRevenue": 740500000,
        "grossProfit": 272300000,
        "grossProfitRatio": 0.2688586098,
        "researchAndDevelopmentExpenses": 0,
        "generalAndAdministrativeExpenses": 167000000,
        "sellingAndMarketingExpenses": 0,
        "sellingGeneralAndAdministrativeExpenses": 167000000,
        "otherExpenses": -3100000,
        "operatingExpenses": 175900000,
        "costAndExpenses": 916400000,
        "interestIncome": 0,
        "interestExpense": 26200000,
        "depreciationAndAmortization": 8800000,
        "ebitda": 123700000,
        "ebitdaratio": 0.1221366509,
        "operatingIncome": 95400000,
        "operatingIncomeRatio": 0.0941943128,
        "totalOtherIncomeExpensesNet": -29300000,
        "incomeBeforeTax": 66100000,
        "incomeBeforeTaxRatio": 0.065264613,
        "incomeTaxExpense": 19200000,
        "netIncome": 46600000,
        "netIncomeRatio": 0.0460110585,
        "eps": 1.4,
        "epsdiluted": 1.36,
        "weightedAverageShsOut": 33747595,
        "weightedAverageShsOutDil": 34356660,
        "link": "https://www.sec.gov/Archives/edgar/data/61986/000006198614000036/0000061986-14-000036-index.htm",
        "finalLink": "https://www.sec.gov/Archives/edgar/data/61986/000006198614000036/mtw-20140630x10q.htm"
    },
    {
        "date": "2014-03-31",
        "symbol": "MTW",
        "reportedCurrency": "USD",
        "cik": "0000061986",
        "fillingDate": "2014-05-06",
        "acceptedDate": "2014-05-06 16:10:01",
        "calendarYear": "2014",
        "period": "Q1",
        "revenue": 850000000,
        "costOfRevenue": 622900000,
        "grossProfit": 227100000,
        "grossProfitRatio": 0.2671764706,
        "researchAndDevelopmentExpenses": 0,
        "generalAndAdministrativeExpenses": 162700000,
        "sellingAndMarketingExpenses": 0,
        "sellingGeneralAndAdministrativeExpenses": 162700000,
        "otherExpenses": 800000,
        "operatingExpenses": 171500000,
        "costAndExpenses": 794400000,
        "interestIncome": 0,
        "interestExpense": 20500000,
        "depreciationAndAmortization": 8800000,
        "ebitda": 78800000,
        "ebitdaratio": 0.0927058824,
        "operatingIncome": 53600000,
        "operatingIncomeRatio": 0.0630588235,
        "totalOtherIncomeExpensesNet": -45000000,
        "incomeBeforeTax": 8600000,
        "incomeBeforeTaxRatio": 0.0101176471,
        "incomeTaxExpense": 2600000,
        "netIncome": -8800000,
        "netIncomeRatio": -0.0103529412,
        "eps": -0.26,
        "epsdiluted": -0.26,
        "weightedAverageShsOut": 33546792,
        "weightedAverageShsOutDil": 34261927,
        "link": "https://www.sec.gov/Archives/edgar/data/61986/000006198614000019/0000061986-14-000019-index.htm",
        "finalLink": "https://www.sec.gov/Archives/edgar/data/61986/000006198614000019/mtw-2014331x10q.htm"
    },
    {
        "date": "2013-12-31",
        "symbol": "MTW",
        "reportedCurrency": "USD",
        "cik": "0000061986",
        "fillingDate": "2014-02-21",
        "acceptedDate": "2014-02-21 15:33:31",
        "calendarYear": "2013",
        "period": "Q4",
        "revenue": 1104300000,
        "costOfRevenue": 842700000,
        "grossProfit": 261600000,
        "grossProfitRatio": 0.2368921489,
        "researchAndDevelopmentExpenses": 86400000,
        "generalAndAdministrativeExpenses": 151900000,
        "sellingAndMarketingExpenses": 0,
        "sellingGeneralAndAdministrativeExpenses": 151900000,
        "otherExpenses": -1900000,
        "operatingExpenses": 161500000,
        "costAndExpenses": 1004200000,
        "interestIncome": 0,
        "interestExpense": 33300000,
        "depreciationAndAmortization": 8800000,
        "ebitda": 125800000,
        "ebitdaratio": 0.1139183193,
        "operatingIncome": 96900000,
        "operatingIncomeRatio": 0.0877478946,
        "totalOtherIncomeExpensesNet": -24400000,
        "incomeBeforeTax": 60700000,
        "incomeBeforeTaxRatio": 0.0549669474,
        "incomeTaxExpense": 1300000,
        "netIncome": 20900000,
        "netIncomeRatio": 0.0189260165,
        "eps": 0.64,
        "epsdiluted": 0.6,
        "weightedAverageShsOut": 33294831,
        "weightedAverageShsOutDil": 33904418,
        "link": "https://www.sec.gov/Archives/edgar/data/61986/000006198614000009/0000061986-14-000009-index.htm",
        "finalLink": "https://www.sec.gov/Archives/edgar/data/61986/000006198614000009/mtw-20131231x10k.htm"
    },
    {
        "date": "2013-09-30",
        "symbol": "MTW",
        "reportedCurrency": "USD",
        "cik": "0000061986",
        "fillingDate": "2013-11-01",
        "acceptedDate": "2013-11-01 12:03:25",
        "calendarYear": "2013",
        "period": "Q3",
        "revenue": 1014500000,
        "costOfRevenue": 754400000,
        "grossProfit": 260100000,
        "grossProfitRatio": 0.2563824544,
        "researchAndDevelopmentExpenses": 0,
        "generalAndAdministrativeExpenses": 151000000,
        "sellingAndMarketingExpenses": 0,
        "sellingGeneralAndAdministrativeExpenses": 151000000,
        "otherExpenses": 900000,
        "operatingExpenses": 159900000,
        "costAndExpenses": 914300000,
        "interestIncome": 0,
        "interestExpense": 33400000,
        "depreciationAndAmortization": 8700000,
        "ebitda": 128000000,
        "ebitdaratio": 0.1261705274,
        "operatingIncome": 99800000,
        "operatingIncomeRatio": 0.098373583,
        "totalOtherIncomeExpensesNet": -32500000,
        "incomeBeforeTax": 66900000,
        "incomeBeforeTaxRatio": 0.0659438147,
        "incomeTaxExpense": 17000000,
        "netIncome": 52900000,
        "netIncomeRatio": 0.0521439133,
        "eps": 1.6,
        "epsdiluted": 1.56,
        "weightedAverageShsOut": 33269813,
        "weightedAverageShsOutDil": 33826125,
        "link": "https://www.sec.gov/Archives/edgar/data/61986/000006198613000039/0000061986-13-000039-index.htm",
        "finalLink": "https://www.sec.gov/Archives/edgar/data/61986/000006198613000039/mtw-2013930x10q.htm"
    },
    {
        "date": "2013-06-30",
        "symbol": "MTW",
        "reportedCurrency": "USD",
        "cik": "0000061986",
        "fillingDate": "2013-08-02",
        "acceptedDate": "2013-08-02 12:56:53",
        "calendarYear": "2013",
        "period": "Q2",
        "revenue": 1046600000,
        "costOfRevenue": 773800000,
        "grossProfit": 272800000,
        "grossProfitRatio": 0.2606535448,
        "researchAndDevelopmentExpenses": 0,
        "generalAndAdministrativeExpenses": 161300000,
        "sellingAndMarketingExpenses": 0,
        "sellingGeneralAndAdministrativeExpenses": 161300000,
        "otherExpenses": -1400000,
        "operatingExpenses": 170300000,
        "costAndExpenses": 944100000,
        "interestIncome": 33900000,
        "interestExpense": 0,
        "depreciationAndAmortization": 9000000,
        "ebitda": 130200000,
        "ebitdaratio": 0.1244028282,
        "operatingIncome": 101600000,
        "operatingIncomeRatio": 0.0970762469,
        "totalOtherIncomeExpensesNet": -30200000,
        "incomeBeforeTax": 65900000,
        "incomeBeforeTaxRatio": 0.062965794,
        "incomeTaxExpense": 9300000,
        "netIncome": 57600000,
        "netIncomeRatio": 0.0550353526,
        "eps": 1.72,
        "epsdiluted": 1.72,
        "weightedAverageShsOut": 33249945,
        "weightedAverageShsOutDil": 33778182,
        "link": "https://www.sec.gov/Archives/edgar/data/61986/000006198613000030/0000061986-13-000030-index.htm",
        "finalLink": "https://www.sec.gov/Archives/edgar/data/61986/000006198613000030/mtw-2013630x10q.htm"
    },
    {
        "date": "2013-03-31",
        "symbol": "MTW",
        "reportedCurrency": "USD",
        "cik": "0000061986",
        "fillingDate": "2013-05-07",
        "acceptedDate": "2013-05-07 12:30:00",
        "calendarYear": "2013",
        "period": "Q1",
        "revenue": 898000000,
        "costOfRevenue": 678000000,
        "grossProfit": 220000000,
        "grossProfitRatio": 0.2449888641,
        "researchAndDevelopmentExpenses": 0,
        "generalAndAdministrativeExpenses": 158100000,
        "sellingAndMarketingExpenses": 0,
        "sellingGeneralAndAdministrativeExpenses": 158100000,
        "otherExpenses": 1600000,
        "operatingExpenses": 166900000,
        "costAndExpenses": 844900000,
        "interestIncome": 34800000,
        "interestExpense": 0,
        "depreciationAndAmortization": 9100000,
        "ebitda": 84100000,
        "ebitdaratio": 0.0936525612,
        "operatingIncome": 52200000,
        "operatingIncomeRatio": 0.0581291759,
        "totalOtherIncomeExpensesNet": -29900000,
        "incomeBeforeTax": 18300000,
        "incomeBeforeTaxRatio": 0.0203786192,
        "incomeTaxExpense": 8500000,
        "netIncome": 10400000,
        "netIncomeRatio": 0.0115812918,
        "eps": 0.32,
        "epsdiluted": 0.32,
        "weightedAverageShsOut": 33076683,
        "weightedAverageShsOutDil": 33748264,
        "link": "https://www.sec.gov/Archives/edgar/data/61986/000006198613000017/0000061986-13-000017-index.htm",
        "finalLink": "https://www.sec.gov/Archives/edgar/data/61986/000006198613000017/mtw-2013331x10q.htm"
    },
    {
        "date": "2012-12-31",
        "symbol": "MTW",
        "reportedCurrency": "USD",
        "cik": "0000061986",
        "fillingDate": "2013-02-28",
        "acceptedDate": "2013-02-28 12:53:19",
        "calendarYear": "2012",
        "period": "Q4",
        "revenue": 1130400000,
        "costOfRevenue": 883900000,
        "grossProfit": 246500000,
        "grossProfitRatio": 0.218064402,
        "researchAndDevelopmentExpenses": 87700000,
        "generalAndAdministrativeExpenses": 154500000,
        "sellingAndMarketingExpenses": 0,
        "sellingGeneralAndAdministrativeExpenses": 154500000,
        "otherExpenses": 100000,
        "operatingExpenses": 164200000,
        "costAndExpenses": 1048100000,
        "interestIncome": 34100000,
        "interestExpense": 0,
        "depreciationAndAmortization": 9200000,
        "ebitda": 90900000,
        "ebitdaratio": 0.0804140127,
        "operatingIncome": 74400000,
        "operatingIncomeRatio": 0.0658174098,
        "totalOtherIncomeExpensesNet": -44300000,
        "incomeBeforeTax": 30200000,
        "incomeBeforeTaxRatio": 0.0267162067,
        "incomeTaxExpense": -2800000,
        "netIncome": 34500000,
        "netIncomeRatio": 0.0305201699,
        "eps": 1.04,
        "epsdiluted": 1.04,
        "weightedAverageShsOut": 32945545,
        "weightedAverageShsOutDil": 33432648,
        "link": "https://www.sec.gov/Archives/edgar/data/61986/000006198613000007/0000061986-13-000007-index.htm",
        "finalLink": "https://www.sec.gov/Archives/edgar/data/61986/000006198613000007/mtw-20121231x10k.htm"
    },
    {
        "date": "2012-09-30",
        "symbol": "MTW",
        "reportedCurrency": "USD",
        "cik": "0000061986",
        "fillingDate": "2012-11-05",
        "acceptedDate": "2012-11-05 16:28:08",
        "calendarYear": "2012",
        "period": "Q3",
        "revenue": 955700000,
        "costOfRevenue": 719700000,
        "grossProfit": 236000000,
        "grossProfitRatio": 0.2469394161,
        "researchAndDevelopmentExpenses": 0,
        "generalAndAdministrativeExpenses": 154000000,
        "sellingAndMarketingExpenses": 0,
        "sellingGeneralAndAdministrativeExpenses": 154000000,
        "otherExpenses": 11400000,
        "operatingExpenses": 165400000,
        "costAndExpenses": 885100000,
        "interestIncome": 0,
        "interestExpense": 34100000,
        "depreciationAndAmortization": 26500000,
        "ebitda": 93500000,
        "ebitdaratio": 0.0978340483,
        "operatingIncome": 69900000,
        "operatingIncomeRatio": 0.0731401067,
        "totalOtherIncomeExpensesNet": -37000000,
        "incomeBeforeTax": 33300000,
        "incomeBeforeTaxRatio": 0.0348435702,
        "incomeTaxExpense": 13700000,
        "netIncome": 22200000,
        "netIncomeRatio": 0.0232290468,
        "eps": 0.68,
        "epsdiluted": 0.68,
        "weightedAverageShsOut": 32676223,
        "weightedAverageShsOutDil": 33150573,
        "link": "https://www.sec.gov/Archives/edgar/data/61986/000110465912074211/0001104659-12-074211-index.htm",
        "finalLink": "https://www.sec.gov/Archives/edgar/data/61986/000110465912074211/a12-19903_110q.htm"
    },
    {
        "date": "2012-06-30",
        "symbol": "MTW",
        "reportedCurrency": "USD",
        "cik": "0000061986",
        "fillingDate": "2012-08-07",
        "acceptedDate": "2012-08-07 15:13:15",
        "calendarYear": "2012",
        "period": "Q2",
        "revenue": 1005900000,
        "costOfRevenue": 756200000,
        "grossProfit": 249700000,
        "grossProfitRatio": 0.2482354111,
        "researchAndDevelopmentExpenses": 0,
        "generalAndAdministrativeExpenses": 151100000,
        "sellingAndMarketingExpenses": 0,
        "sellingGeneralAndAdministrativeExpenses": 151100000,
        "otherExpenses": 9500000,
        "operatingExpenses": 160700000,
        "costAndExpenses": 916900000,
        "interestIncome": -2100000,
        "interestExpense": 33800000,
        "depreciationAndAmortization": 9500000,
        "ebitda": 98500000,
        "ebitdaratio": 0.0979222587,
        "operatingIncome": 88800000,
        "operatingIncomeRatio": 0.088279153,
        "totalOtherIncomeExpensesNet": -30700000,
        "incomeBeforeTax": 54800000,
        "incomeBeforeTaxRatio": 0.0544785764,
        "incomeTaxExpense": 14400000,
        "netIncome": 45300000,
        "netIncomeRatio": 0.0450342976,
        "eps": 1.4,
        "epsdiluted": 1.36,
        "weightedAverageShsOut": 32643791,
        "weightedAverageShsOutDil": 33348019,
        "link": "https://www.sec.gov/Archives/edgar/data/61986/000110465912055179/0001104659-12-055179-index.htm",
        "finalLink": "https://www.sec.gov/Archives/edgar/data/61986/000110465912055179/a12-13694_110q.htm"
    },
    {
        "date": "2012-03-31",
        "symbol": "MTW",
        "reportedCurrency": "USD",
        "cik": "0000061986",
        "fillingDate": "2012-05-04",
        "acceptedDate": "2012-05-04 15:06:04",
        "calendarYear": "2012",
        "period": "Q1",
        "revenue": 860100000,
        "costOfRevenue": 653900000,
        "grossProfit": 206200000,
        "grossProfitRatio": 0.2397395652,
        "researchAndDevelopmentExpenses": 0,
        "generalAndAdministrativeExpenses": 148400000,
        "sellingAndMarketingExpenses": 0,
        "sellingGeneralAndAdministrativeExpenses": 148400000,
        "otherExpenses": 9600000,
        "operatingExpenses": 158000000,
        "costAndExpenses": 811900000,
        "interestIncome": -2000000,
        "interestExpense": 33000000,
        "depreciationAndAmortization": 9600000,
        "ebitda": 69700000,
        "ebitdaratio": 0.0810370887,
        "operatingIncome": 47600000,
        "operatingIncomeRatio": 0.055342402,
        "totalOtherIncomeExpensesNet": -36700000,
        "incomeBeforeTax": 10900000,
        "incomeBeforeTaxRatio": 0.012672945,
        "incomeTaxExpense": 12400000,
        "netIncome": 100000,
        "netIncomeRatio": 0.0001162656,
        "eps": 0.0031,
        "epsdiluted": 0.003,
        "weightedAverageShsOut": 32637670,
        "weightedAverageShsOutDil": 33420444,
        "link": "https://www.sec.gov/Archives/edgar/data/61986/000110465912033154/0001104659-12-033154-index.htm",
        "finalLink": "https://www.sec.gov/Archives/edgar/data/61986/000110465912033154/a12-7354_110q.htm"
    },
    {
        "date": "2011-12-31",
        "symbol": "MTW",
        "reportedCurrency": "USD",
        "cik": "0000061986",
        "fillingDate": "2012-02-29",
        "acceptedDate": "2012-02-29 11:14:02",
        "calendarYear": "2011",
        "period": "Q4",
        "revenue": 1034500000,
        "costOfRevenue": 825400000,
        "grossProfit": 209100000,
        "grossProfitRatio": 0.2021266312,
        "researchAndDevelopmentExpenses": 0,
        "generalAndAdministrativeExpenses": 143300000,
        "sellingAndMarketingExpenses": 0,
        "sellingGeneralAndAdministrativeExpenses": 143300000,
        "otherExpenses": 8700000,
        "operatingExpenses": 152100000,
        "costAndExpenses": 977500000,
        "interestIncome": 0,
        "interestExpense": 35000000,
        "depreciationAndAmortization": 9600000,
        "ebitda": 79800000,
        "ebitdaratio": 0.0771387144,
        "operatingIncome": 55200000,
        "operatingIncomeRatio": 0.0533591107,
        "totalOtherIncomeExpensesNet": -39900000,
        "incomeBeforeTax": 15300000,
        "incomeBeforeTaxRatio": 0.0147897535,
        "incomeTaxExpense": 600000,
        "netIncome": 15500000,
        "netIncomeRatio": 0.0149830836,
        "eps": 0.48,
        "epsdiluted": 0.48,
        "weightedAverageShsOut": 32633924,
        "weightedAverageShsOutDil": 33185049,
        "link": "https://www.sec.gov/Archives/edgar/data/61986/000110465912014383/0001104659-12-014383-index.htm",
        "finalLink": "https://www.sec.gov/Archives/edgar/data/61986/000110465912014383/a11-32229_110k.htm"
    },
    {
        "date": "2011-09-30",
        "symbol": "MTW",
        "reportedCurrency": "USD",
        "cik": "0000061986",
        "fillingDate": "2011-11-08",
        "acceptedDate": "2011-11-08 09:47:55",
        "calendarYear": "2011",
        "period": "Q3",
        "revenue": 935400000,
        "costOfRevenue": 711900000,
        "grossProfit": 223500000,
        "grossProfitRatio": 0.2389352149,
        "researchAndDevelopmentExpenses": 0,
        "generalAndAdministrativeExpenses": 143200000,
        "sellingAndMarketingExpenses": 0,
        "sellingGeneralAndAdministrativeExpenses": 143200000,
        "otherExpenses": 10200000,
        "operatingExpenses": 153400000,
        "costAndExpenses": 865300000,
        "interestIncome": 0,
        "interestExpense": 34000000,
        "depreciationAndAmortization": 9900000,
        "ebitda": 80000000,
        "ebitdaratio": 0.0855249091,
        "operatingIncome": 69200000,
        "operatingIncomeRatio": 0.0739790464,
        "totalOtherIncomeExpensesNet": -34200000,
        "incomeBeforeTax": 35000000,
        "incomeBeforeTaxRatio": 0.0374171477,
        "incomeTaxExpense": 13300000,
        "netIncome": 23700000,
        "netIncomeRatio": 0.0253367543,
        "eps": 0.72,
        "epsdiluted": 0.72,
        "weightedAverageShsOut": 32627707,
        "weightedAverageShsOutDil": 33259069,
        "link": "https://www.sec.gov/Archives/edgar/data/61986/000110465911061900/0001104659-11-061900-index.htm",
        "finalLink": "https://www.sec.gov/Archives/edgar/data/61986/000110465911061900/a11-25711_110q.htm"
    },
    {
        "date": "2011-06-30",
        "symbol": "MTW",
        "reportedCurrency": "USD",
        "cik": "0000061986",
        "fillingDate": "2011-08-09",
        "acceptedDate": "2011-08-09 09:44:12",
        "calendarYear": "2011",
        "period": "Q2",
        "revenue": 949800000,
        "costOfRevenue": 725200000,
        "grossProfit": 224600000,
        "grossProfitRatio": 0.236470836,
        "researchAndDevelopmentExpenses": 0,
        "generalAndAdministrativeExpenses": 145400000,
        "sellingAndMarketingExpenses": 0,
        "sellingGeneralAndAdministrativeExpenses": 145400000,
        "otherExpenses": 9700000,
        "operatingExpenses": 155000000,
        "costAndExpenses": 880200000,
        "interestIncome": 0,
        "interestExpense": 38300000,
        "depreciationAndAmortization": 9600000,
        "ebitda": 79200000,
        "ebitdaratio": 0.083385976,
        "operatingIncome": 67500000,
        "operatingIncomeRatio": 0.0710675932,
        "totalOtherIncomeExpensesNet": -65300000,
        "incomeBeforeTax": 2600000,
        "incomeBeforeTaxRatio": 0.0027374184,
        "incomeTaxExpense": 500000,
        "netIncome": 3000000,
        "netIncomeRatio": 0.0031585597,
        "eps": 0.08,
        "epsdiluted": 0.08,
        "weightedAverageShsOut": 32614264,
        "weightedAverageShsOutDil": 33455630,
        "link": "https://www.sec.gov/Archives/edgar/data/61986/000110465911045180/0001104659-11-045180-index.htm",
        "finalLink": "https://www.sec.gov/Archives/edgar/data/61986/000110465911045180/a11-13927_110q.htm"
    },
    {
        "date": "2011-03-31",
        "symbol": "MTW",
        "reportedCurrency": "USD",
        "cik": "0000061986",
        "fillingDate": "2011-05-10",
        "acceptedDate": "2011-05-10 10:42:49",
        "calendarYear": "2011",
        "period": "Q1",
        "revenue": 732200000,
        "costOfRevenue": 551800000,
        "grossProfit": 180400000,
        "grossProfitRatio": 0.2463807703,
        "researchAndDevelopmentExpenses": 0,
        "generalAndAdministrativeExpenses": 140200000,
        "sellingAndMarketingExpenses": 0,
        "sellingGeneralAndAdministrativeExpenses": 140200000,
        "otherExpenses": 9800000,
        "operatingExpenses": 150000000,
        "costAndExpenses": 701800000,
        "interestIncome": 0,
        "interestExpense": 39400000,
        "depreciationAndAmortization": 9700000,
        "ebitda": 55600000,
        "ebitdaratio": 0.0759355367,
        "operatingIncome": 29600000,
        "operatingIncomeRatio": 0.0404261131,
        "totalOtherIncomeExpensesNet": -45500000,
        "incomeBeforeTax": -15900000,
        "incomeBeforeTaxRatio": -0.0217153783,
        "incomeTaxExpense": 1300000,
        "netIncome": -52400000,
        "netIncomeRatio": -0.0715651461,
        "eps": -1.61,
        "epsdiluted": -1.61,
        "weightedAverageShsOut": 32612029,
        "weightedAverageShsOutDil": 32612029,
        "link": "https://www.sec.gov/Archives/edgar/data/61986/000110465911027632/0001104659-11-027632-index.htm",
        "finalLink": "https://www.sec.gov/Archives/edgar/data/61986/000110465911027632/a11-9293_110q.htm"
    },
    {
        "date": "2010-12-31",
        "symbol": "MTW",
        "reportedCurrency": "USD",
        "cik": "0000061986",
        "fillingDate": "2011-03-01",
        "acceptedDate": "2011-03-01 16:11:37",
        "calendarYear": "2010",
        "period": "Q4",
        "revenue": 665500000,
        "costOfRevenue": 493400000,
        "grossProfit": 172100000,
        "grossProfitRatio": 0.2586025545,
        "researchAndDevelopmentExpenses": 0,
        "generalAndAdministrativeExpenses": 116900000,
        "sellingAndMarketingExpenses": 0,
        "sellingGeneralAndAdministrativeExpenses": 116900000,
        "otherExpenses": 9100000,
        "operatingExpenses": 126000000,
        "costAndExpenses": 619400000,
        "interestIncome": 0,
        "interestExpense": 45000000,
        "depreciationAndAmortization": 23600000,
        "ebitda": 38600000,
        "ebitdaratio": 0.0580015026,
        "operatingIncome": 45500000,
        "operatingIncomeRatio": 0.0683696469,
        "totalOtherIncomeExpensesNet": -75500000,
        "incomeBeforeTax": -30000000,
        "incomeBeforeTaxRatio": -0.0450788881,
        "incomeTaxExpense": 29400000,
        "netIncome": -65800000,
        "netIncomeRatio": -0.0988730278,
        "eps": -2.02,
        "epsdiluted": -2.02,
        "weightedAverageShsOut": 32612029,
        "weightedAverageShsOutDil": 32612029,
        "link": "https://www.sec.gov/Archives/edgar/data/61986/000110465911011464/0001104659-11-011464-index.htm",
        "finalLink": "https://www.sec.gov/Archives/edgar/data/61986/000110465911011464/a11-2058_110k.htm"
    },
    {
        "date": "2010-09-30",
        "symbol": "MTW",
        "reportedCurrency": "USD",
        "cik": "0000061986",
        "fillingDate": "2010-11-09",
        "acceptedDate": "2010-11-09 14:26:46",
        "calendarYear": "2010",
        "period": "Q3",
        "revenue": 877800000,
        "costOfRevenue": 669500000,
        "grossProfit": 208300000,
        "grossProfitRatio": 0.2372977899,
        "researchAndDevelopmentExpenses": 0,
        "generalAndAdministrativeExpenses": 138800000,
        "sellingAndMarketingExpenses": 0,
        "sellingGeneralAndAdministrativeExpenses": 138800000,
        "otherExpenses": 11800000,
        "operatingExpenses": 150600000,
        "costAndExpenses": 820100000,
        "interestIncome": 0,
        "interestExpense": 46300000,
        "depreciationAndAmortization": 9800000,
        "ebitda": 78500000,
        "ebitdaratio": 0.0894281157,
        "operatingIncome": 56200000,
        "operatingIncomeRatio": 0.0640236956,
        "totalOtherIncomeExpensesNet": -54900000,
        "incomeBeforeTax": 4000000,
        "incomeBeforeTaxRatio": 0.0045568467,
        "incomeTaxExpense": 3400000,
        "netIncome": 1400000,
        "netIncomeRatio": 0.0015948963,
        "eps": 0.04,
        "epsdiluted": 0.04,
        "weightedAverageShsOut": 32651354,
        "weightedAverageShsOutDil": 33058063,
        "link": "https://www.sec.gov/Archives/edgar/data/61986/000110465910057234/0001104659-10-057234-index.htm",
        "finalLink": "https://www.sec.gov/Archives/edgar/data/61986/000110465910057234/a10-17310_110q.htm"
    },
    {
        "date": "2010-06-30",
        "symbol": "MTW",
        "reportedCurrency": "USD",
        "cik": "0000061986",
        "fillingDate": "2010-08-09",
        "acceptedDate": "2010-08-09 12:33:29",
        "calendarYear": "2010",
        "period": "Q2",
        "revenue": 876500000,
        "costOfRevenue": 663500000,
        "grossProfit": 213000000,
        "grossProfitRatio": 0.2430119795,
        "researchAndDevelopmentExpenses": 0,
        "generalAndAdministrativeExpenses": 129400000,
        "sellingAndMarketingExpenses": 0,
        "sellingGeneralAndAdministrativeExpenses": 129400000,
        "otherExpenses": 10000000,
        "operatingExpenses": 139400000,
        "costAndExpenses": 802900000,
        "interestIncome": 0,
        "interestExpense": 43200000,
        "depreciationAndAmortization": 10000000,
        "ebitda": 93800000,
        "ebitdaratio": 0.1070165431,
        "operatingIncome": 72300000,
        "operatingIncomeRatio": 0.0824871649,
        "totalOtherIncomeExpensesNet": -55500000,
        "incomeBeforeTax": 18300000,
        "incomeBeforeTaxRatio": 0.020878494,
        "incomeTaxExpense": 4700000,
        "netIncome": 14100000,
        "netIncomeRatio": 0.0160867085,
        "eps": 0.44,
        "epsdiluted": 0.44,
        "weightedAverageShsOut": 32643510,
        "weightedAverageShsOutDil": 33152284,
        "link": "https://www.sec.gov/Archives/edgar/data/61986/000110465910043053/0001104659-10-043053-index.htm",
        "finalLink": "https://www.sec.gov/Archives/edgar/data/61986/000110465910043053/a10-12650_110q.htm"
    },
    {
        "date": "2010-03-31",
        "symbol": "MTW",
        "reportedCurrency": "USD",
        "cik": "0000061986",
        "fillingDate": "2010-05-10",
        "acceptedDate": "2010-05-10 16:30:46",
        "calendarYear": "2010",
        "period": "Q1",
        "revenue": 721900000,
        "costOfRevenue": 549800000,
        "grossProfit": 172100000,
        "grossProfitRatio": 0.2383986702,
        "researchAndDevelopmentExpenses": 0,
        "generalAndAdministrativeExpenses": 129400000,
        "sellingAndMarketingExpenses": 0,
        "sellingGeneralAndAdministrativeExpenses": 129400000,
        "otherExpenses": 9800000,
        "operatingExpenses": 139200000,
        "costAndExpenses": 689000000,
        "interestIncome": 0,
        "interestExpense": 47500000,
        "depreciationAndAmortization": 34800000,
        "ebitda": 36600000,
        "ebitdaratio": 0.0506995429,
        "operatingIncome": 32600000,
        "operatingIncomeRatio": 0.0451586092,
        "totalOtherIncomeExpensesNet": -70100000,
        "incomeBeforeTax": -36900000,
        "incomeBeforeTaxRatio": -0.0511151129,
        "incomeTaxExpense": -13600000,
        "netIncome": -23200000,
        "netIncomeRatio": -0.0321374152,
        "eps": -0.71,
        "epsdiluted": -0.71,
        "weightedAverageShsOut": 32626768,
        "weightedAverageShsOutDil": 32626768,
        "link": "https://www.sec.gov/Archives/edgar/data/61986/000110465910027286/0001104659-10-027286-index.htm",
        "finalLink": "https://www.sec.gov/Archives/edgar/data/61986/000110465910027286/a10-5795_110q.htm"
    },
    {
        "date": "2009-12-31",
        "symbol": "MTW",
        "reportedCurrency": "USD",
        "cik": "0000061986",
        "fillingDate": "2010-03-01",
        "acceptedDate": "2010-03-01 17:34:06",
        "calendarYear": "2009",
        "period": "Q4",
        "revenue": 838800000,
        "costOfRevenue": 657600000,
        "grossProfit": 181200000,
        "grossProfitRatio": 0.2160228898,
        "researchAndDevelopmentExpenses": 0,
        "generalAndAdministrativeExpenses": 126200000,
        "sellingAndMarketingExpenses": 0,
        "sellingGeneralAndAdministrativeExpenses": 126200000,
        "otherExpenses": 17700000,
        "operatingExpenses": 143900000,
        "costAndExpenses": 801500000,
        "interestIncome": 0,
        "interestExpense": 43600000,
        "depreciationAndAmortization": 33900000,
        "ebitda": 72000000,
        "ebitdaratio": 0.0858369099,
        "operatingIncome": 32800000,
        "operatingIncomeRatio": 0.0391034812,
        "totalOtherIncomeExpensesNet": -38300000,
        "incomeBeforeTax": -5500000,
        "incomeBeforeTaxRatio": -0.0065569862,
        "incomeTaxExpense": 4800000,
        "netIncome": -12200000,
        "netIncomeRatio": -0.0145445875,
        "eps": -0.37,
        "epsdiluted": -0.37,
        "weightedAverageShsOut": 32598196,
        "weightedAverageShsOutDil": 32626768,
        "link": "https://www.sec.gov/Archives/edgar/data/61986/000110465910010997/0001104659-10-010997-index.htm",
        "finalLink": "https://www.sec.gov/Archives/edgar/data/61986/000110465910010997/a09-35779_110k.htm"
    },
    {
        "date": "2009-09-30",
        "symbol": "MTW",
        "reportedCurrency": "USD",
        "cik": "0000061986",
        "fillingDate": "2009-11-09",
        "acceptedDate": "2009-11-09 16:26:57",
        "calendarYear": "2009",
        "period": "Q3",
        "revenue": 881500000,
        "costOfRevenue": 680000000,
        "grossProfit": 201500000,
        "grossProfitRatio": 0.2285876347,
        "researchAndDevelopmentExpenses": 0,
        "generalAndAdministrativeExpenses": 132700000,
        "sellingAndMarketingExpenses": 0,
        "sellingGeneralAndAdministrativeExpenses": 132700000,
        "otherExpenses": 8400000,
        "operatingExpenses": 141100000,
        "costAndExpenses": 821100000,
        "interestIncome": 0,
        "interestExpense": 49000000,
        "depreciationAndAmortization": 31400000,
        "ebitda": 74300000,
        "ebitdaratio": 0.0842881452,
        "operatingIncome": 47600000,
        "operatingIncomeRatio": 0.0539988656,
        "totalOtherIncomeExpensesNet": -53700000,
        "incomeBeforeTax": -11100000,
        "incomeBeforeTaxRatio": -0.0125921724,
        "incomeTaxExpense": 3600000,
        "netIncome": -17700000,
        "netIncomeRatio": -0.0200794101,
        "eps": -0.54,
        "epsdiluted": -0.54,
        "weightedAverageShsOut": 32571231,
        "weightedAverageShsOutDil": 32571231,
        "link": "https://www.sec.gov/Archives/edgar/data/61986/000110465909063692/0001104659-09-063692-index.htm",
        "finalLink": "https://www.sec.gov/Archives/edgar/data/61986/000110465909063692/a09-30829_110q.htm"
    },
    {
        "date": "2009-06-30",
        "symbol": "MTW",
        "reportedCurrency": "USD",
        "cik": "0000061986",
        "fillingDate": "2009-08-10",
        "acceptedDate": "2009-08-10 17:17:56",
        "calendarYear": "2009",
        "period": "Q2",
        "revenue": 1034800000,
        "costOfRevenue": 798000000,
        "grossProfit": 236800000,
        "grossProfitRatio": 0.2288364901,
        "researchAndDevelopmentExpenses": 0,
        "generalAndAdministrativeExpenses": 155300000,
        "sellingAndMarketingExpenses": -2000000,
        "sellingGeneralAndAdministrativeExpenses": 153300000,
        "otherExpenses": 8400000,
        "operatingExpenses": 161700000,
        "costAndExpenses": 959700000,
        "interestIncome": 0,
        "interestExpense": 38900000,
        "depreciationAndAmortization": 8400000,
        "ebitda": 77300000,
        "ebitdaratio": 0.0747004252,
        "operatingIncome": 51600000,
        "operatingIncomeRatio": 0.0498647082,
        "totalOtherIncomeExpensesNet": -44600000,
        "incomeBeforeTax": 1200000,
        "incomeBeforeTaxRatio": 0.0011596444,
        "incomeTaxExpense": -6200000,
        "netIncome": -18100000,
        "netIncomeRatio": -0.0174913027,
        "eps": -0.56,
        "epsdiluted": -0.56,
        "weightedAverageShsOut": 32540929,
        "weightedAverageShsOutDil": 32540929,
        "link": "https://www.sec.gov/Archives/edgar/data/61986/000110465909048708/0001104659-09-048708-index.htm",
        "finalLink": "https://www.sec.gov/Archives/edgar/data/61986/000110465909048708/a09-18463_110q.htm"
    },
    {
        "date": "2009-03-31",
        "symbol": "MTW",
        "reportedCurrency": "USD",
        "cik": "0000061986",
        "fillingDate": "2009-05-11",
        "acceptedDate": "2009-05-11 17:27:31",
        "calendarYear": "2009",
        "period": "Q1",
        "revenue": 1027600000,
        "costOfRevenue": 822500000,
        "grossProfit": 205100000,
        "grossProfitRatio": 0.1995912807,
        "researchAndDevelopmentExpenses": 0,
        "generalAndAdministrativeExpenses": 135500000,
        "sellingAndMarketingExpenses": 0,
        "sellingGeneralAndAdministrativeExpenses": 135500000,
        "otherExpenses": 8300000,
        "operatingExpenses": 143800000,
        "costAndExpenses": 966300000,
        "interestIncome": 0,
        "interestExpense": 48900000,
        "depreciationAndAmortization": 36500000,
        "ebitda": -612500000,
        "ebitdaratio": -0.5960490463,
        "operatingIncome": -643100000,
        "operatingIncomeRatio": -0.6258271701,
        "totalOtherIncomeExpensesNet": -46400000,
        "incomeBeforeTax": -690000000,
        "incomeBeforeTaxRatio": -0.6714674971,
        "incomeTaxExpense": -61000000,
        "netIncome": -656300000,
        "netIncomeRatio": -0.6386726353,
        "eps": -20.17,
        "epsdiluted": -20.17,
        "weightedAverageShsOut": 32539846,
        "weightedAverageShsOutDil": 32539846,
        "link": "https://www.sec.gov/Archives/edgar/data/61986/000110465909031617/0001104659-09-031617-index.htm",
        "finalLink": "https://www.sec.gov/Archives/edgar/data/61986/000110465909031617/a09-11042_110q.htm"
    },
    {
        "date": "2008-12-31",
        "symbol": "MTW",
        "reportedCurrency": "USD",
        "cik": "0000061986",
        "fillingDate": "2009-03-02",
        "acceptedDate": "2009-03-02 17:27:57",
        "calendarYear": "2008",
        "period": "Q4",
        "revenue": 1216600000,
        "costOfRevenue": 974400000,
        "grossProfit": 242200000,
        "grossProfitRatio": 0.1990794016,
        "researchAndDevelopmentExpenses": 0,
        "generalAndAdministrativeExpenses": 137800000,
        "sellingAndMarketingExpenses": 0,
        "sellingGeneralAndAdministrativeExpenses": 137800000,
        "otherExpenses": 6100000,
        "operatingExpenses": 143900000,
        "costAndExpenses": 1118300000,
        "interestIncome": 0,
        "interestExpense": 594100000,
        "depreciationAndAmortization": 35300000,
        "ebitda": 133600000,
        "ebitdaratio": 0.1098142364,
        "operatingIncome": 71400000,
        "operatingIncomeRatio": 0.0586881473,
        "totalOtherIncomeExpensesNet": -225900000,
        "incomeBeforeTax": -154500000,
        "incomeBeforeTaxRatio": -0.1269932599,
        "incomeTaxExpense": -54400000,
        "netIncome": -221100000,
        "netIncomeRatio": -0.1817359855,
        "eps": -6.79,
        "epsdiluted": -6.79,
        "weightedAverageShsOut": 32538892,
        "weightedAverageShsOutDil": 32539846,
        "link": "https://www.sec.gov/Archives/edgar/data/61986/000110465909013556/0001104659-09-013556-index.htm",
        "finalLink": "https://www.sec.gov/Archives/edgar/data/61986/000110465909013556/a09-1275_110k.htm"
    },
    {
        "date": "2008-09-30",
        "symbol": "MTW",
        "reportedCurrency": "USD",
        "cik": "0000061986",
        "fillingDate": "2008-11-10",
        "acceptedDate": "2008-11-10 17:24:07",
        "calendarYear": "2008",
        "period": "Q3",
        "revenue": 1106800000,
        "costOfRevenue": 863100000,
        "grossProfit": 243700000,
        "grossProfitRatio": 0.2201843151,
        "researchAndDevelopmentExpenses": 0,
        "generalAndAdministrativeExpenses": 98700000,
        "sellingAndMarketingExpenses": 0,
        "sellingGeneralAndAdministrativeExpenses": 98700000,
        "otherExpenses": 2000000,
        "operatingExpenses": 100700000,
        "costAndExpenses": 963800000,
        "interestIncome": 0,
        "interestExpense": 402300000,
        "depreciationAndAmortization": 21400000,
        "ebitda": 140600000,
        "ebitdaratio": 0.1270328876,
        "operatingIncome": 140600000,
        "operatingIncomeRatio": 0.1270328876,
        "totalOtherIncomeExpensesNet": -208700000,
        "incomeBeforeTax": -68100000,
        "incomeBeforeTaxRatio": -0.0615287315,
        "incomeTaxExpense": -29600000,
        "netIncome": -26100000,
        "netIncomeRatio": -0.0235814962,
        "eps": -0.8,
        "epsdiluted": -0.8,
        "weightedAverageShsOut": 32522685,
        "weightedAverageShsOutDil": 32522685,
        "link": "https://www.sec.gov/Archives/edgar/data/61986/000110465908069833/0001104659-08-069833-index.htm",
        "finalLink": "https://www.sec.gov/Archives/edgar/data/61986/000110465908069833/a08-25333_110q.htm"
    },
    {
        "date": "2008-06-30",
        "symbol": "MTW",
        "reportedCurrency": "USD",
        "cik": "0000061986",
        "fillingDate": "2008-08-11",
        "acceptedDate": "2008-08-11 16:42:22",
        "calendarYear": "2008",
        "period": "Q2",
        "revenue": 1305300000,
        "costOfRevenue": 993900000,
        "grossProfit": 311400000,
        "grossProfitRatio": 0.2385658469,
        "researchAndDevelopmentExpenses": 0,
        "generalAndAdministrativeExpenses": 116800000,
        "sellingAndMarketingExpenses": 0,
        "sellingGeneralAndAdministrativeExpenses": 116800000,
        "otherExpenses": 1600000,
        "operatingExpenses": 118400000,
        "costAndExpenses": 1112300000,
        "interestIncome": 0,
        "interestExpense": 5800000,
        "depreciationAndAmortization": 18100000,
        "ebitda": 197000000,
        "ebitdaratio": 0.1509231594,
        "operatingIncome": 193000000,
        "operatingIncomeRatio": 0.1478587298,
        "totalOtherIncomeExpensesNet": -6600000,
        "incomeBeforeTax": 186400000,
        "incomeBeforeTaxRatio": 0.1428024209,
        "incomeTaxExpense": 52600000,
        "netIncome": 133900000,
        "netIncomeRatio": 0.102581782,
        "eps": 4.12,
        "epsdiluted": 4.04,
        "weightedAverageShsOut": 32475914,
        "weightedAverageShsOutDil": 33012216,
        "link": "https://www.sec.gov/Archives/edgar/data/61986/000110465908051908/0001104659-08-051908-index.htm",
        "finalLink": "https://www.sec.gov/Archives/edgar/data/61986/000110465908051908/a08-18630_110q.htm"
    },
    {
        "date": "2008-03-31",
        "symbol": "MTW",
        "reportedCurrency": "USD",
        "cik": "0000061986",
        "fillingDate": "2008-05-12",
        "acceptedDate": "2008-05-12 16:51:46",
        "calendarYear": "2008",
        "period": "Q1",
        "revenue": 1076900000,
        "costOfRevenue": 817400000,
        "grossProfit": 259500000,
        "grossProfitRatio": 0.2409694493,
        "researchAndDevelopmentExpenses": 0,
        "generalAndAdministrativeExpenses": 115000000,
        "sellingAndMarketingExpenses": 0,
        "sellingGeneralAndAdministrativeExpenses": 115000000,
        "otherExpenses": 1700000,
        "operatingExpenses": 116700000,
        "costAndExpenses": 934100000,
        "interestIncome": 0,
        "interestExpense": 6700000,
        "depreciationAndAmortization": 22700000,
        "ebitda": 161800000,
        "ebitdaratio": 0.1502460767,
        "operatingIncome": 142800000,
        "operatingIncomeRatio": 0.1326028415,
        "totalOtherIncomeExpensesNet": 700000,
        "incomeBeforeTax": 143500000,
        "incomeBeforeTaxRatio": 0.1332528554,
        "incomeTaxExpense": 40800000,
        "netIncome": 102700000,
        "netIncomeRatio": 0.0953663293,
        "eps": 3.16,
        "epsdiluted": 3.12,
        "weightedAverageShsOut": 32392612,
        "weightedAverageShsOutDil": 33007979,
        "link": "https://www.sec.gov/Archives/edgar/data/61986/000110465908032463/0001104659-08-032463-index.htm",
        "finalLink": "https://www.sec.gov/Archives/edgar/data/61986/000110465908032463/a08-11236_110q.htm"
    },
    {
        "date": "2007-12-31",
        "symbol": "MTW",
        "reportedCurrency": "USD",
        "cik": "0000061986",
        "fillingDate": "2008-02-29",
        "acceptedDate": "2008-02-29 17:00:25",
        "calendarYear": "2007",
        "period": "Q4",
        "revenue": 1118100000,
        "costOfRevenue": 866700000,
        "grossProfit": 251400000,
        "grossProfitRatio": 0.2248457204,
        "researchAndDevelopmentExpenses": 0,
        "generalAndAdministrativeExpenses": 0,
        "sellingAndMarketingExpenses": 0,
        "sellingGeneralAndAdministrativeExpenses": 0,
        "otherExpenses": 111100000,
        "operatingExpenses": 111100000,
        "costAndExpenses": 977800000,
        "interestIncome": 0,
        "interestExpense": 0,
        "depreciationAndAmortization": 26100000,
        "ebitda": 166400000,
        "ebitdaratio": 0.1488238977,
        "operatingIncome": 140300000,
        "operatingIncomeRatio": 0.1254807262,
        "totalOtherIncomeExpensesNet": -3400000,
        "incomeBeforeTax": 136900000,
        "incomeBeforeTaxRatio": 0.1224398533,
        "incomeTaxExpense": 40700000,
        "netIncome": 99300000,
        "netIncomeRatio": 0.0888113764,
        "eps": 3.07,
        "epsdiluted": 3.07,
        "weightedAverageShsOut": 31432254,
        "weightedAverageShsOutDil": 32392612,
        "link": "https://www.sec.gov/Archives/edgar/data/61986/000110465908014359/0001104659-08-014359-index.htm",
        "finalLink": "https://www.sec.gov/Archives/edgar/data/61986/000110465908014359/a08-2446_110k.htm"
    },
    {
        "date": "2007-09-30",
        "symbol": "MTW",
        "reportedCurrency": "USD",
        "cik": "0000061986",
        "fillingDate": "2007-11-02",
        "acceptedDate": "2007-11-01 19:22:44",
        "calendarYear": "2007",
        "period": "Q3",
        "revenue": 1006200000,
        "costOfRevenue": 781400000,
        "grossProfit": 224800000,
        "grossProfitRatio": 0.2234148281,
        "researchAndDevelopmentExpenses": 0,
        "generalAndAdministrativeExpenses": 99400000,
        "sellingAndMarketingExpenses": 0,
        "sellingGeneralAndAdministrativeExpenses": 99400000,
        "otherExpenses": 1000000,
        "operatingExpenses": 100400000,
        "costAndExpenses": 881800000,
        "interestIncome": 0,
        "interestExpense": 34300000,
        "depreciationAndAmortization": 20800000,
        "ebitda": 124400000,
        "ebitdaratio": 0.1236334725,
        "operatingIncome": 124400000,
        "operatingIncomeRatio": 0.1236334725,
        "totalOtherIncomeExpensesNet": -21400000,
        "incomeBeforeTax": 103000000,
        "incomeBeforeTaxRatio": 0.1023653349,
        "incomeTaxExpense": 27100000,
        "netIncome": 75900000,
        "netIncomeRatio": 0.0754323196,
        "eps": 2.44,
        "epsdiluted": 2.36,
        "weightedAverageShsOut": 31293930,
        "weightedAverageShsOutDil": 31978751,
        "link": "https://www.sec.gov/Archives/edgar/data/61986/000110465907078958/0001104659-07-078958-index.htm",
        "finalLink": "https://www.sec.gov/Archives/edgar/data/61986/000110465907078958/a07-25464_110q.htm"
    },
    {
        "date": "2007-06-30",
        "symbol": "MTW",
        "reportedCurrency": "USD",
        "cik": "0000061986",
        "fillingDate": "2007-08-09",
        "acceptedDate": "2007-08-09 12:21:56",
        "calendarYear": "2007",
        "period": "Q2",
        "revenue": 1018600000,
        "costOfRevenue": 778600000,
        "grossProfit": 240000000,
        "grossProfitRatio": 0.2356175142,
        "researchAndDevelopmentExpenses": 0,
        "generalAndAdministrativeExpenses": 100600000,
        "sellingAndMarketingExpenses": 0,
        "sellingGeneralAndAdministrativeExpenses": 100600000,
        "otherExpenses": 1000000,
        "operatingExpenses": 101600000,
        "costAndExpenses": 880200000,
        "interestIncome": 0,
        "interestExpense": 3600000,
        "depreciationAndAmortization": 16900000,
        "ebitda": 155300000,
        "ebitdaratio": 0.1524641665,
        "operatingIncome": 136500000,
        "operatingIncomeRatio": 0.1340074612,
        "totalOtherIncomeExpensesNet": -4800000,
        "incomeBeforeTax": 131700000,
        "incomeBeforeTaxRatio": 0.1292951109,
        "incomeTaxExpense": 34200000,
        "netIncome": 97500000,
        "netIncomeRatio": 0.0957196152,
        "eps": 3.12,
        "epsdiluted": 3.06,
        "weightedAverageShsOut": 31205914,
        "weightedAverageShsOutDil": 31912268,
        "link": "https://www.sec.gov/Archives/edgar/data/61986/000110465907060674/0001104659-07-060674-index.htm",
        "finalLink": "https://www.sec.gov/Archives/edgar/data/61986/000110465907060674/a07-18764_110q.htm"
    },
    {
        "date": "2007-03-31",
        "symbol": "MTW",
        "reportedCurrency": "USD",
        "cik": "0000061986",
        "fillingDate": "2007-05-03",
        "acceptedDate": "2007-05-03 09:41:47",
        "calendarYear": "2007",
        "period": "Q1",
        "revenue": 862100000,
        "costOfRevenue": 666700000,
        "grossProfit": 195400000,
        "grossProfitRatio": 0.2266558404,
        "researchAndDevelopmentExpenses": 0,
        "generalAndAdministrativeExpenses": 93800000,
        "sellingAndMarketingExpenses": 0,
        "sellingGeneralAndAdministrativeExpenses": 93800000,
        "otherExpenses": 900000,
        "operatingExpenses": 94700000,
        "costAndExpenses": 761400000,
        "interestIncome": 0,
        "interestExpense": 9300000,
        "depreciationAndAmortization": 25400000,
        "ebitda": 100700000,
        "ebitdaratio": 0.1168077949,
        "operatingIncome": 100700000,
        "operatingIncomeRatio": 0.1168077949,
        "totalOtherIncomeExpensesNet": -9200000,
        "incomeBeforeTax": 91500000,
        "incomeBeforeTaxRatio": 0.1061361791,
        "incomeTaxExpense": 27400000,
        "netIncome": 64100000,
        "netIncomeRatio": 0.0743533233,
        "eps": 1.04,
        "epsdiluted": 1,
        "weightedAverageShsOut": 62050961,
        "weightedAverageShsOutDil": 63446369,
        "link": "https://www.sec.gov/Archives/edgar/data/61986/000110465907035129/0001104659-07-035129-index.htm",
        "finalLink": "https://www.sec.gov/Archives/edgar/data/61986/000110465907035129/a07-10707_110q.htm"
    },
    {
        "date": "2006-12-31",
        "symbol": "MTW",
        "reportedCurrency": "USD",
        "cik": "0000061986",
        "fillingDate": "2007-03-01",
        "acceptedDate": "2007-03-01 14:17:11",
        "calendarYear": "2006",
        "period": "Q4",
        "revenue": 775200000,
        "costOfRevenue": 604300000,
        "grossProfit": 170900000,
        "grossProfitRatio": 0.2204592363,
        "researchAndDevelopmentExpenses": 0,
        "generalAndAdministrativeExpenses": 0,
        "sellingAndMarketingExpenses": 0,
        "sellingGeneralAndAdministrativeExpenses": 0,
        "otherExpenses": 92600000,
        "operatingExpenses": 92600000,
        "costAndExpenses": 696900000,
        "interestIncome": 0,
        "interestExpense": 12100000,
        "depreciationAndAmortization": 17900000,
        "ebitda": 78300000,
        "ebitdaratio": 0.101006192,
        "operatingIncome": 78300000,
        "operatingIncomeRatio": 0.101006192,
        "totalOtherIncomeExpensesNet": -11200000,
        "incomeBeforeTax": 67100000,
        "incomeBeforeTaxRatio": 0.0865583075,
        "incomeTaxExpense": 23200000,
        "netIncome": 43900000,
        "netIncomeRatio": 0.056630547,
        "eps": 1.41,
        "epsdiluted": 1.41,
        "weightedAverageShsOut": 31025480,
        "weightedAverageShsOutDil": 31025480,
        "link": "https://www.sec.gov/Archives/edgar/data/61986/000110465907015404/0001104659-07-015404-index.htm",
        "finalLink": "https://www.sec.gov/Archives/edgar/data/61986/000110465907015404/a07-5103_210k.htm"
    },
    {
        "date": "2006-09-30",
        "symbol": "MTW",
        "reportedCurrency": "USD",
        "cik": "0000061986",
        "fillingDate": "2006-11-01",
        "acceptedDate": "2006-11-01 14:18:57",
        "calendarYear": "2006",
        "period": "Q3",
        "revenue": 779000000,
        "costOfRevenue": 609700000,
        "grossProfit": 169300000,
        "grossProfitRatio": 0.2173299101,
        "researchAndDevelopmentExpenses": 0,
        "generalAndAdministrativeExpenses": 84200000,
        "sellingAndMarketingExpenses": 0,
        "sellingGeneralAndAdministrativeExpenses": 84200000,
        "otherExpenses": 1000000,
        "operatingExpenses": 85200000,
        "costAndExpenses": 694900000,
        "interestIncome": 0,
        "interestExpense": 8800000,
        "depreciationAndAmortization": 18000000,
        "ebitda": 84100000,
        "ebitdaratio": 0.1079589217,
        "operatingIncome": 84100000,
        "operatingIncomeRatio": 0.1079589217,
        "totalOtherIncomeExpensesNet": -9500000,
        "incomeBeforeTax": 74600000,
        "incomeBeforeTaxRatio": 0.0957637997,
        "incomeTaxExpense": 24200000,
        "netIncome": 50400000,
        "netIncomeRatio": 0.0646983312,
        "eps": 0.82,
        "epsdiluted": 0.8,
        "weightedAverageShsOut": 61577613,
        "weightedAverageShsOutDil": 63038600,
        "link": "https://www.sec.gov/Archives/edgar/data/61986/000110465906070201/0001104659-06-070201-index.htm",
        "finalLink": "https://www.sec.gov/Archives/edgar/data/61986/000110465906070201/a06-21557_110q.htm"
    },
    {
        "date": "2006-06-30",
        "symbol": "MTW",
        "reportedCurrency": "USD",
        "cik": "0000061986",
        "fillingDate": "2006-08-09",
        "acceptedDate": "2006-08-09 11:56:52",
        "calendarYear": "2006",
        "period": "Q2",
        "revenue": 746200000,
        "costOfRevenue": 574200000,
        "grossProfit": 172000000,
        "grossProfitRatio": 0.2305012061,
        "researchAndDevelopmentExpenses": 0,
        "generalAndAdministrativeExpenses": 86800000,
        "sellingAndMarketingExpenses": 0,
        "sellingGeneralAndAdministrativeExpenses": 86800000,
        "otherExpenses": 800000,
        "operatingExpenses": 87600000,
        "costAndExpenses": 661800000,
        "interestIncome": 0,
        "interestExpense": 37300000,
        "depreciationAndAmortization": 19200000,
        "ebitda": 84400000,
        "ebitdaratio": 0.1131064058,
        "operatingIncome": 84400000,
        "operatingIncomeRatio": 0.1131064058,
        "totalOtherIncomeExpensesNet": -24100000,
        "incomeBeforeTax": 60300000,
        "incomeBeforeTaxRatio": 0.0808094345,
        "incomeTaxExpense": 18100000,
        "netIncome": 42200000,
        "netIncomeRatio": 0.0565532029,
        "eps": 1.38,
        "epsdiluted": 1.34,
        "weightedAverageShsOut": 30703343,
        "weightedAverageShsOutDil": 31575106,
        "link": "https://www.sec.gov/Archives/edgar/data/61986/000110465906052916/0001104659-06-052916-index.htm",
        "finalLink": "https://www.sec.gov/Archives/edgar/data/61986/000110465906052916/a06-15204_110q.htm"
    },
    {
        "date": "2006-03-31",
        "symbol": "MTW",
        "reportedCurrency": "USD",
        "cik": "0000061986",
        "fillingDate": "2006-05-08",
        "acceptedDate": "2006-05-08 14:59:30",
        "calendarYear": "2006",
        "period": "Q1",
        "revenue": 633000000,
        "costOfRevenue": 497800000,
        "grossProfit": 135200000,
        "grossProfitRatio": 0.2135860979,
        "researchAndDevelopmentExpenses": 0,
        "generalAndAdministrativeExpenses": 78900000,
        "sellingAndMarketingExpenses": 0,
        "sellingGeneralAndAdministrativeExpenses": 78900000,
        "otherExpenses": 700000,
        "operatingExpenses": 79600000,
        "costAndExpenses": 577400000,
        "interestIncome": 0,
        "interestExpense": 14000000,
        "depreciationAndAmortization": 18600000,
        "ebitda": 55600000,
        "ebitdaratio": 0.087835703,
        "operatingIncome": 55600000,
        "operatingIncomeRatio": 0.087835703,
        "totalOtherIncomeExpensesNet": -12700000,
        "incomeBeforeTax": 42900000,
        "incomeBeforeTaxRatio": 0.0677725118,
        "incomeTaxExpense": 12900000,
        "netIncome": 29700000,
        "netIncomeRatio": 0.0469194313,
        "eps": 0.49,
        "epsdiluted": 0.48,
        "weightedAverageShsOut": 60936490,
        "weightedAverageShsOutDil": 62461920,
        "link": "https://www.sec.gov/Archives/edgar/data/61986/000110465906031987/0001104659-06-031987-index.htm",
        "finalLink": "https://www.sec.gov/Archives/edgar/data/61986/000110465906031987/a06-9268_110q.htm"
    },
    {
        "date": "2005-12-31",
        "symbol": "MTW",
        "reportedCurrency": "USD",
        "cik": "0000061986",
        "fillingDate": "2006-02-28",
        "acceptedDate": "2006-02-28 16:53:41",
        "calendarYear": "2005",
        "period": "Q4",
        "revenue": 589305000,
        "costOfRevenue": 488980000,
        "grossProfit": 100325000,
        "grossProfitRatio": 0.1702429133,
        "researchAndDevelopmentExpenses": 0,
        "generalAndAdministrativeExpenses": 76747000,
        "sellingAndMarketingExpenses": 0,
        "sellingGeneralAndAdministrativeExpenses": 76747000,
        "otherExpenses": 730000,
        "operatingExpenses": 77477000,
        "costAndExpenses": 566457000,
        "interestIncome": 0,
        "interestExpense": 2074000,
        "depreciationAndAmortization": 18296000,
        "ebitda": 41144000,
        "ebitdaratio": 0.0698178363,
        "operatingIncome": 22848000,
        "operatingIncomeRatio": 0.0387710948,
        "totalOtherIncomeExpensesNet": -12872000,
        "incomeBeforeTax": 9976000,
        "incomeBeforeTaxRatio": 0.0169284157,
        "incomeTaxExpense": 2131000,
        "netIncome": 18189000,
        "netIncomeRatio": 0.0308651717,
        "eps": 0.13,
        "epsdiluted": 0.13,
        "weightedAverageShsOut": 60936490,
        "weightedAverageShsOutDil": 60936490,
        "link": "https://www.sec.gov/Archives/edgar/data/61986/000110465906012708/0001104659-06-012708-index.htm",
        "finalLink": "https://www.sec.gov/Archives/edgar/data/61986/000110465906012708/a06-2006_110k.htm"
    },
    {
        "date": "2005-09-30",
        "symbol": "MTW",
        "reportedCurrency": "USD",
        "cik": "0000061986",
        "fillingDate": "2005-11-07",
        "acceptedDate": "2005-11-07 15:55:18",
        "calendarYear": "2005",
        "period": "Q3",
        "revenue": 565913000,
        "costOfRevenue": 454538000,
        "grossProfit": 111375000,
        "grossProfitRatio": 0.1968058695,
        "researchAndDevelopmentExpenses": 0,
        "generalAndAdministrativeExpenses": 69168000,
        "sellingAndMarketingExpenses": 0,
        "sellingGeneralAndAdministrativeExpenses": 69168000,
        "otherExpenses": 1732000,
        "operatingExpenses": 70900000,
        "costAndExpenses": 525438000,
        "interestIncome": 0,
        "interestExpense": 22463000,
        "depreciationAndAmortization": 15484000,
        "ebitda": 56100000,
        "ebitdaratio": 0.0991318454,
        "operatingIncome": 37233000,
        "operatingIncomeRatio": 0.0657927985,
        "totalOtherIncomeExpensesNet": -12800000,
        "incomeBeforeTax": 24359000,
        "incomeBeforeTaxRatio": 0.0430437187,
        "incomeTaxExpense": 3480000,
        "netIncome": 17100000,
        "netIncomeRatio": 0.0302166587,
        "eps": 0.28,
        "epsdiluted": 0.28,
        "weightedAverageShsOut": 60440670,
        "weightedAverageShsOutDil": 62015044,
        "link": "https://www.sec.gov/Archives/edgar/data/61986/000110465905053065/0001104659-05-053065-index.htm",
        "finalLink": "https://www.sec.gov/Archives/edgar/data/61986/000110465905053065/a05-17967_110q.htm"
    },
    {
        "date": "2005-06-30",
        "symbol": "MTW",
        "reportedCurrency": "USD",
        "cik": "0000061986",
        "fillingDate": "2005-08-03",
        "acceptedDate": "2005-08-03 11:49:12",
        "calendarYear": "2005",
        "period": "Q2",
        "revenue": 616843000,
        "costOfRevenue": 502179000,
        "grossProfit": 114664000,
        "grossProfitRatio": 0.1858884676,
        "researchAndDevelopmentExpenses": 0,
        "generalAndAdministrativeExpenses": 69251000,
        "sellingAndMarketingExpenses": 0,
        "sellingGeneralAndAdministrativeExpenses": 69251000,
        "otherExpenses": 782000,
        "operatingExpenses": 70033000,
        "costAndExpenses": 572212000,
        "interestIncome": 0,
        "interestExpense": 14368000,
        "depreciationAndAmortization": 16356000,
        "ebitda": 61200000,
        "ebitdaratio": 0.0992148732,
        "operatingIncome": 44631000,
        "operatingIncomeRatio": 0.0723539053,
        "totalOtherIncomeExpensesNet": -13531000,
        "incomeBeforeTax": 30514000,
        "incomeBeforeTaxRatio": 0.049468017,
        "incomeTaxExpense": 6459000,
        "netIncome": 24100000,
        "netIncomeRatio": 0.0390699092,
        "eps": 0.4,
        "epsdiluted": 0.54,
        "weightedAverageShsOut": 43703094,
        "weightedAverageShsOutDil": 44678851,
        "link": "https://www.sec.gov/Archives/edgar/data/61986/000110465905035939/0001104659-05-035939-index.htm",
        "finalLink": "https://www.sec.gov/Archives/edgar/data/61986/000110465905035939/a05-12588_110q.htm"
    },
    {
        "date": "2005-03-31",
        "symbol": "MTW",
        "reportedCurrency": "USD",
        "cik": "0000061986",
        "fillingDate": "2005-05-03",
        "acceptedDate": "2005-05-03 16:01:41",
        "calendarYear": "2005",
        "period": "Q1",
        "revenue": 536919000,
        "costOfRevenue": 438203000,
        "grossProfit": 98716000,
        "grossProfitRatio": 0.1838564104,
        "researchAndDevelopmentExpenses": 0,
        "generalAndAdministrativeExpenses": 68623000,
        "sellingAndMarketingExpenses": 0,
        "sellingGeneralAndAdministrativeExpenses": 68623000,
        "otherExpenses": 821000,
        "operatingExpenses": 69444000,
        "costAndExpenses": 507647000,
        "interestIncome": 0,
        "interestExpense": 26597000,
        "depreciationAndAmortization": 15465000,
        "ebitda": 43500000,
        "ebitdaratio": 0.0810178072,
        "operatingIncome": 29272000,
        "operatingIncomeRatio": 0.0545184655,
        "totalOtherIncomeExpensesNet": -20054000,
        "incomeBeforeTax": 9218000,
        "incomeBeforeTaxRatio": 0.0171683252,
        "incomeTaxExpense": 2766000,
        "netIncome": 6500000,
        "netIncomeRatio": 0.0121061091,
        "eps": 0.11,
        "epsdiluted": 0.15,
        "weightedAverageShsOut": 43703094,
        "weightedAverageShsOutDil": 44678851,
        "link": "https://www.sec.gov/Archives/edgar/data/61986/000110465905019987/0001104659-05-019987-index.htm",
        "finalLink": "https://www.sec.gov/Archives/edgar/data/61986/000110465905019987/a05-7861_110q.htm"
    },
    {
        "date": "2004-12-31",
        "symbol": "MTW",
        "reportedCurrency": "USD",
        "cik": "0000061986",
        "fillingDate": "2005-03-16",
        "acceptedDate": "2005-03-16 11:41:11",
        "calendarYear": "2004",
        "period": "Q4",
        "revenue": 534914000,
        "costOfRevenue": 445098000,
        "grossProfit": 89816000,
        "grossProfitRatio": 0.1679073645,
        "researchAndDevelopmentExpenses": 0,
        "generalAndAdministrativeExpenses": 69020000,
        "sellingAndMarketingExpenses": 0,
        "sellingGeneralAndAdministrativeExpenses": 69020000,
        "otherExpenses": 808000,
        "operatingExpenses": 69828000,
        "costAndExpenses": 514926000,
        "interestIncome": 0,
        "interestExpense": 19851000,
        "depreciationAndAmortization": 13930000,
        "ebitda": 33918000,
        "ebitdaratio": 0.0634083236,
        "operatingIncome": 19670000,
        "operatingIncomeRatio": 0.0367722662,
        "totalOtherIncomeExpensesNet": -17288000,
        "incomeBeforeTax": 2384000,
        "incomeBeforeTaxRatio": 0.0044567912,
        "incomeTaxExpense": -2818000,
        "netIncome": 5412000,
        "netIncomeRatio": 0.0101175142,
        "eps": 0.18,
        "epsdiluted": 0.18,
        "weightedAverageShsOut": 29994069,
        "weightedAverageShsOutDil": 29994069,
        "link": "https://www.sec.gov/Archives/edgar/data/61986/000110465905011319/0001104659-05-011319-index.htm",
        "finalLink": "https://www.sec.gov/Archives/edgar/data/61986/000110465905011319/a05-1771_110k.htm"
    },
    {
        "date": "2004-09-30",
        "symbol": "MTW",
        "reportedCurrency": "USD",
        "cik": "0000061986",
        "fillingDate": "2004-10-28",
        "acceptedDate": "2004-10-28 15:49:35",
        "calendarYear": "2004",
        "period": "Q3",
        "revenue": 491149000,
        "costOfRevenue": 395386000,
        "grossProfit": 95763000,
        "grossProfitRatio": 0.1949774916,
        "researchAndDevelopmentExpenses": 0,
        "generalAndAdministrativeExpenses": 63483000,
        "sellingAndMarketingExpenses": 0,
        "sellingGeneralAndAdministrativeExpenses": 63483000,
        "otherExpenses": 777000,
        "operatingExpenses": 64260000,
        "costAndExpenses": 459646000,
        "interestIncome": 0,
        "interestExpense": 14952000,
        "depreciationAndAmortization": 14592000,
        "ebitda": 43595000,
        "ebitdaratio": 0.0887612517,
        "operatingIncome": 31328000,
        "operatingIncomeRatio": 0.0637851243,
        "totalOtherIncomeExpensesNet": -14255000,
        "incomeBeforeTax": 17073000,
        "incomeBeforeTaxRatio": 0.0347613453,
        "incomeTaxExpense": 3994000,
        "netIncome": 12704000,
        "netIncomeRatio": 0.0258658778,
        "eps": 0.48,
        "epsdiluted": 0.47,
        "weightedAverageShsOut": 26774770,
        "weightedAverageShsOutDil": 27282807,
        "link": "https://www.sec.gov/Archives/edgar/data/61986/000110465904032353/0001104659-04-032353-index.htm",
        "finalLink": "https://www.sec.gov/Archives/edgar/data/61986/000110465904032353/a04-12248_110q.htm"
    },
    {
        "date": "2004-06-30",
        "symbol": "MTW",
        "reportedCurrency": "USD",
        "cik": "0000061986",
        "fillingDate": "2004-08-03",
        "acceptedDate": "2004-08-03 14:37:32",
        "calendarYear": "2004",
        "period": "Q2",
        "revenue": 526212000,
        "costOfRevenue": 421138000,
        "grossProfit": 105074000,
        "grossProfitRatio": 0.1996799769,
        "researchAndDevelopmentExpenses": 0,
        "generalAndAdministrativeExpenses": 69144000,
        "sellingAndMarketingExpenses": 0,
        "sellingGeneralAndAdministrativeExpenses": 69144000,
        "otherExpenses": 767000,
        "operatingExpenses": 69911000,
        "costAndExpenses": 491049000,
        "interestIncome": 0,
        "interestExpense": 15572000,
        "depreciationAndAmortization": 15071000,
        "ebitda": 50234000,
        "ebitdaratio": 0.0954634254,
        "operatingIncome": 34362000,
        "operatingIncomeRatio": 0.0653006773,
        "totalOtherIncomeExpensesNet": -14184000,
        "incomeBeforeTax": 20178000,
        "incomeBeforeTaxRatio": 0.0383457618,
        "incomeTaxExpense": 5407000,
        "netIncome": 15252000,
        "netIncomeRatio": 0.0289845157,
        "eps": 0.57,
        "epsdiluted": 0.56,
        "weightedAverageShsOut": 26727708,
        "weightedAverageShsOutDil": 27196924,
        "link": "https://www.sec.gov/Archives/edgar/data/61986/000110465904021991/0001104659-04-021991-index.htm",
        "finalLink": "https://www.sec.gov/Archives/edgar/data/61986/000110465904021991/a04-8558_110q.htm"
    },
    {
        "date": "2004-03-31",
        "symbol": "MTW",
        "reportedCurrency": "USD",
        "cik": "0000061986",
        "fillingDate": "2004-05-07",
        "acceptedDate": "2004-05-07 14:47:05",
        "calendarYear": "2004",
        "period": "Q1",
        "revenue": 411826000,
        "costOfRevenue": 320509000,
        "grossProfit": 91317000,
        "grossProfitRatio": 0.22173685,
        "researchAndDevelopmentExpenses": 0,
        "generalAndAdministrativeExpenses": 67992000,
        "sellingAndMarketingExpenses": 0,
        "sellingGeneralAndAdministrativeExpenses": 67992000,
        "otherExpenses": 790000,
        "operatingExpenses": 68782000,
        "costAndExpenses": 389291000,
        "interestIncome": 0,
        "interestExpense": 13511000,
        "depreciationAndAmortization": 13632000,
        "ebitda": 22535000,
        "ebitdaratio": 0.0547197117,
        "operatingIncome": 22535000,
        "operatingIncomeRatio": 0.0547197117,
        "totalOtherIncomeExpensesNet": -13044000,
        "incomeBeforeTax": 9491000,
        "incomeBeforeTaxRatio": 0.0230461408,
        "incomeTaxExpense": 2753000,
        "netIncome": 5767000,
        "netIncomeRatio": 0.0140034869,
        "eps": 0.22,
        "epsdiluted": 0.21,
        "weightedAverageShsOut": 26673710,
        "weightedAverageShsOutDil": 27121025,
        "link": "https://www.sec.gov/Archives/edgar/data/61986/000110465904013194/0001104659-04-013194-index.htm",
        "finalLink": "https://www.sec.gov/Archives/edgar/data/61986/000110465904013194/a04-5605_110q.htm"
    },
    {
        "date": "2003-12-31",
        "symbol": "MTW",
        "reportedCurrency": "USD",
        "cik": "0000061986",
        "fillingDate": "2004-03-12",
        "acceptedDate": "2004-03-12 14:41:48",
        "calendarYear": "2003",
        "period": "Q4",
        "revenue": 357937000,
        "costOfRevenue": 281827000,
        "grossProfit": 76110000,
        "grossProfitRatio": 0.2126351844,
        "researchAndDevelopmentExpenses": 0,
        "generalAndAdministrativeExpenses": 58700000,
        "sellingAndMarketingExpenses": 0,
        "sellingGeneralAndAdministrativeExpenses": 58700000,
        "otherExpenses": -17061000,
        "operatingExpenses": 41639000,
        "costAndExpenses": 323466000,
        "interestIncome": 0,
        "interestExpense": 32239000,
        "depreciationAndAmortization": 11529000,
        "ebitda": 46000000,
        "ebitdaratio": 0.1285142357,
        "operatingIncome": 30292000,
        "operatingIncomeRatio": 0.084629418,
        "totalOtherIncomeExpensesNet": -20024000,
        "incomeBeforeTax": 10268000,
        "incomeBeforeTaxRatio": 0.0286866124,
        "incomeTaxExpense": 861000,
        "netIncome": -5497000,
        "netIncomeRatio": -0.0153574512,
        "eps": -0.21,
        "epsdiluted": -0.21,
        "weightedAverageShsOut": 26673710,
        "weightedAverageShsOutDil": 26673710,
        "link": "https://www.sec.gov/Archives/edgar/data/61986/000110465904007206/0001104659-04-007206-index.htm",
        "finalLink": "https://www.sec.gov/Archives/edgar/data/61986/000110465904007206/a04-3004_110k.htm"
    },
    {
        "date": "2003-09-30",
        "symbol": "MTW",
        "reportedCurrency": "USD",
        "cik": "0000061986",
        "fillingDate": "2003-11-14",
        "acceptedDate": "2003-11-14 14:20:03",
        "calendarYear": "2003",
        "period": "Q3",
        "revenue": 422298000,
        "costOfRevenue": 335672000,
        "grossProfit": 86626000,
        "grossProfitRatio": 0.2051300267,
        "researchAndDevelopmentExpenses": 0,
        "generalAndAdministrativeExpenses": 61079000,
        "sellingAndMarketingExpenses": 0,
        "sellingGeneralAndAdministrativeExpenses": 61079000,
        "otherExpenses": 746000,
        "operatingExpenses": 61825000,
        "costAndExpenses": 397497000,
        "interestIncome": 0,
        "interestExpense": 16745000,
        "depreciationAndAmortization": 11953000,
        "ebitda": 36754000,
        "ebitdaratio": 0.0870333272,
        "operatingIncome": 23621000,
        "operatingIncomeRatio": 0.0559344349,
        "totalOtherIncomeExpensesNet": -14043000,
        "incomeBeforeTax": 9578000,
        "incomeBeforeTaxRatio": 0.0226806663,
        "incomeTaxExpense": 2380000,
        "netIncome": 7198000,
        "netIncomeRatio": 0.0170448356,
        "eps": 0.27,
        "epsdiluted": 0.27,
        "weightedAverageShsOut": 26548792,
        "weightedAverageShsOutDil": 26718724,
        "link": "https://www.sec.gov/Archives/edgar/data/61986/000110465903026595/0001104659-03-026595-index.htm",
        "finalLink": "https://www.sec.gov/Archives/edgar/data/61986/000110465903026595/a03-5545_110q.htm"
    },
    {
        "date": "2003-06-30",
        "symbol": "MTW",
        "reportedCurrency": "USD",
        "cik": "0000061986",
        "fillingDate": "2003-08-14",
        "acceptedDate": "2003-08-14 15:07:53",
        "calendarYear": "2003",
        "period": "Q2",
        "revenue": 433700000,
        "costOfRevenue": 338338000,
        "grossProfit": 95362000,
        "grossProfitRatio": 0.2198801015,
        "researchAndDevelopmentExpenses": 0,
        "generalAndAdministrativeExpenses": 67855000,
        "sellingAndMarketingExpenses": 0,
        "sellingGeneralAndAdministrativeExpenses": 67855000,
        "otherExpenses": 5633000,
        "operatingExpenses": 73488000,
        "costAndExpenses": 411826000,
        "interestIncome": 0,
        "interestExpense": 28859000,
        "depreciationAndAmortization": 13205000,
        "ebitda": 40601000,
        "ebitdaratio": 0.0936154024,
        "operatingIncome": 17696000,
        "operatingIncomeRatio": 0.040802398,
        "totalOtherIncomeExpensesNet": -9807000,
        "incomeBeforeTax": 2436000,
        "incomeBeforeTaxRatio": 0.0056167858,
        "incomeTaxExpense": 718000,
        "netIncome": 1313000,
        "netIncomeRatio": 0.0030274383,
        "eps": 0.05,
        "epsdiluted": 0.05,
        "weightedAverageShsOut": 26544501,
        "weightedAverageShsOutDil": 26628261,
        "link": "https://www.sec.gov/Archives/edgar/data/61986/000006198603000108/0000061986-03-000108-index.htm",
        "finalLink": "https://www.sec.gov/Archives/edgar/data/61986/000006198603000108/q10-q203.htm"
    },
    {
        "date": "2003-03-31",
        "symbol": "MTW",
        "reportedCurrency": "USD",
        "cik": "0000061986",
        "fillingDate": "2003-05-12",
        "acceptedDate": "2003-05-12 14:32:22",
        "calendarYear": "2003",
        "period": "Q1",
        "revenue": 379251000,
        "costOfRevenue": 300121000,
        "grossProfit": 79130000,
        "grossProfitRatio": 0.2086480985,
        "researchAndDevelopmentExpenses": 0,
        "generalAndAdministrativeExpenses": 63497000,
        "sellingAndMarketingExpenses": 0,
        "sellingGeneralAndAdministrativeExpenses": 63497000,
        "otherExpenses": 704000,
        "operatingExpenses": 64201000,
        "costAndExpenses": 364322000,
        "interestIncome": 0,
        "interestExpense": 14251000,
        "depreciationAndAmortization": 13479000,
        "ebitda": 29603000,
        "ebitdaratio": 0.078056485,
        "operatingIncome": 14929000,
        "operatingIncomeRatio": 0.0393644315,
        "totalOtherIncomeExpensesNet": -13460000,
        "incomeBeforeTax": 324000,
        "incomeBeforeTaxRatio": 0.0008543155,
        "incomeTaxExpense": 110000,
        "netIncome": 535000,
        "netIncomeRatio": 0.0014106753,
        "eps": 0.02,
        "epsdiluted": 0.02,
        "weightedAverageShsOut": 26542127,
        "weightedAverageShsOutDil": 26582057,
        "link": "https://www.sec.gov/Archives/edgar/data/61986/000006198603000029/0000061986-03-000029-index.htm",
        "finalLink": "https://www.sec.gov/Archives/edgar/data/61986/000006198603000029/q10-q103.htm"
    },
    {
        "date": "2002-12-31",
        "symbol": "MTW",
        "reportedCurrency": "USD",
        "cik": "0000061986",
        "fillingDate": "2003-03-31",
        "acceptedDate": "2003-03-31 12:10:14",
        "calendarYear": "2002",
        "period": "Q4",
        "revenue": 349112000,
        "costOfRevenue": 274341000,
        "grossProfit": 74771000,
        "grossProfitRatio": 0.2141748207,
        "researchAndDevelopmentExpenses": 0,
        "generalAndAdministrativeExpenses": 57925000,
        "sellingAndMarketingExpenses": 0,
        "sellingGeneralAndAdministrativeExpenses": 57925000,
        "otherExpenses": 448000,
        "operatingExpenses": 58373000,
        "costAndExpenses": 332714000,
        "interestIncome": 0,
        "interestExpense": 51529000,
        "depreciationAndAmortization": 13312000,
        "ebitda": 29710000,
        "ebitdaratio": 0.0851016293,
        "operatingIncome": 8689000,
        "operatingIncomeRatio": 0.0248888609,
        "totalOtherIncomeExpensesNet": -13776000,
        "incomeBeforeTax": -5087000,
        "incomeBeforeTaxRatio": -0.0145712551,
        "incomeTaxExpense": -3867000,
        "netIncome": -25101000,
        "netIncomeRatio": -0.0718995623,
        "eps": -1.03,
        "epsdiluted": -1.03,
        "weightedAverageShsOut": 24283661,
        "weightedAverageShsOutDil": 24283661,
        "link": "https://www.sec.gov/Archives/edgar/data/61986/000006198603000016/0000061986-03-000016-index.htm",
        "finalLink": "https://www.sec.gov/Archives/edgar/data/61986/000006198603000016/k10-2002filing.htm"
    },
    {
        "date": "2002-09-30",
        "symbol": "MTW",
        "reportedCurrency": "USD",
        "cik": "0000061986",
        "fillingDate": "2002-11-14",
        "acceptedDate": "2002-11-14 16:07:30",
        "calendarYear": "2002",
        "period": "Q3",
        "revenue": 409916000,
        "costOfRevenue": 318943000,
        "grossProfit": 90973000,
        "grossProfitRatio": 0.2219308346,
        "researchAndDevelopmentExpenses": 0,
        "generalAndAdministrativeExpenses": 51635000,
        "sellingAndMarketingExpenses": 0,
        "sellingGeneralAndAdministrativeExpenses": 51635000,
        "otherExpenses": 501000,
        "operatingExpenses": 52136000,
        "costAndExpenses": 371079000,
        "interestIncome": 0,
        "interestExpense": 14720000,
        "depreciationAndAmortization": 10753000,
        "ebitda": 48737000,
        "ebitdaratio": 0.1188950907,
        "operatingIncome": 38837000,
        "operatingIncomeRatio": 0.0947438012,
        "totalOtherIncomeExpensesNet": -15527000,
        "incomeBeforeTax": 24145000,
        "incomeBeforeTaxRatio": 0.0589023117,
        "incomeTaxExpense": 9417000,
        "netIncome": 14728000,
        "netIncomeRatio": 0.0359293123,
        "eps": 0.58,
        "epsdiluted": 0.57,
        "weightedAverageShsOut": 25600024,
        "weightedAverageShsOutDil": 25983241,
        "link": "https://www.sec.gov/Archives/edgar/data/61986/000006198602000051/0000061986-02-000051-index.htm",
        "finalLink": "https://www.sec.gov/Archives/edgar/data/61986/000006198602000051/q10-q302.htm"
    },
    {
        "date": "2002-06-30",
        "symbol": "MTW",
        "reportedCurrency": "USD",
        "cik": "0000061986",
        "fillingDate": "2002-08-13",
        "acceptedDate": "2002-08-13 16:29:52",
        "calendarYear": "2002",
        "period": "Q2",
        "revenue": 346205000,
        "costOfRevenue": 255575000,
        "grossProfit": 90630000,
        "grossProfitRatio": 0.2617813145,
        "researchAndDevelopmentExpenses": 0,
        "generalAndAdministrativeExpenses": 45630000,
        "sellingAndMarketingExpenses": 0,
        "sellingGeneralAndAdministrativeExpenses": 45630000,
        "otherExpenses": 465000,
        "operatingExpenses": 46095000,
        "costAndExpenses": 301670000,
        "interestIncome": 0,
        "interestExpense": 11881000,
        "depreciationAndAmortization": 7015000,
        "ebitda": 44535000,
        "ebitdaratio": 0.1286376569,
        "operatingIncome": 44535000,
        "operatingIncomeRatio": 0.1286376569,
        "totalOtherIncomeExpensesNet": -11616000,
        "incomeBeforeTax": 32919000,
        "incomeBeforeTaxRatio": 0.0950852818,
        "incomeTaxExpense": 12838000,
        "netIncome": 20081000,
        "netIncomeRatio": 0.0580032062,
        "eps": 0.83,
        "epsdiluted": 0.81,
        "weightedAverageShsOut": 24319218,
        "weightedAverageShsOutDil": 24892423,
        "link": "https://www.sec.gov/Archives/edgar/data/61986/000006198602000042/0000061986-02-000042-index.htm",
        "finalLink": "https://www.sec.gov/Archives/edgar/data/61986/000006198602000042/q10-q202.htm"
    },
    {
        "date": "2002-03-31",
        "symbol": "MTW",
        "reportedCurrency": "USD",
        "cik": "0000061986",
        "fillingDate": "2002-05-07",
        "acceptedDate": "2002-05-07 17:28:29",
        "calendarYear": "2002",
        "period": "Q1",
        "revenue": 301345000,
        "costOfRevenue": 231360000,
        "grossProfit": 69985000,
        "grossProfitRatio": 0.2322421145,
        "researchAndDevelopmentExpenses": 0,
        "generalAndAdministrativeExpenses": 44773000,
        "sellingAndMarketingExpenses": 0,
        "sellingGeneralAndAdministrativeExpenses": 44773000,
        "otherExpenses": 4487000,
        "operatingExpenses": 49260000,
        "costAndExpenses": 280620000,
        "interestIncome": 0,
        "interestExpense": 13116000,
        "depreciationAndAmortization": 8089000,
        "ebitda": 27797000,
        "ebitdaratio": 0.0922431101,
        "operatingIncome": 20725000,
        "operatingIncomeRatio": 0.0687749921,
        "totalOtherIncomeExpensesNet": -9921000,
        "incomeBeforeTax": 10804000,
        "incomeBeforeTaxRatio": 0.0358525942,
        "incomeTaxExpense": 4214000,
        "netIncome": 6590000,
        "netIncomeRatio": 0.0218686223,
        "eps": 0.27,
        "epsdiluted": 0.27,
        "weightedAverageShsOut": 24338219,
        "weightedAverageShsOutDil": 24690298,
        "link": "https://www.sec.gov/Archives/edgar/data/61986/000006198602000019/0000061986-02-000019-index.htm",
        "finalLink": "https://www.sec.gov/Archives/edgar/data/61986/000006198602000019/q10-0102.htm"
    },
    {
        "date": "2001-12-31",
        "symbol": "MTW",
        "reportedCurrency": "USD",
        "cik": "0000061986",
        "fillingDate": "2002-03-29",
        "acceptedDate": "2002-03-29 00:00:00",
        "calendarYear": "2001",
        "period": "Q4",
        "revenue": 287984000,
        "costOfRevenue": 217114000,
        "grossProfit": 70870000,
        "grossProfitRatio": 0.2460900606,
        "researchAndDevelopmentExpenses": 0,
        "generalAndAdministrativeExpenses": 41683000,
        "sellingAndMarketingExpenses": 0,
        "sellingGeneralAndAdministrativeExpenses": 41683000,
        "otherExpenses": 3611000,
        "operatingExpenses": 45294000,
        "costAndExpenses": 262408000,
        "interestIncome": 0,
        "interestExpense": 12166000,
        "depreciationAndAmortization": 9982000,
        "ebitda": 35558000,
        "ebitdaratio": 0.1234721373,
        "operatingIncome": 25576000,
        "operatingIncomeRatio": 0.0888104895,
        "totalOtherIncomeExpensesNet": -12171000,
        "incomeBeforeTax": 13405000,
        "incomeBeforeTaxRatio": 0.0465477249,
        "incomeTaxExpense": 4777000,
        "netIncome": 8628000,
        "netIncomeRatio": 0.0299599978,
        "eps": 0.36,
        "epsdiluted": 0.36,
        "weightedAverageShsOut": 24283661,
        "weightedAverageShsOutDil": 24283661,
        "link": "https://www.sec.gov/Archives/edgar/data/61986/000006198602000014/0000061986-02-000014-index.htm",
        "finalLink": "https://www.sec.gov/Archives/edgar/data/61986/000006198602000014/k10-2001.htm"
    },
    {
        "date": "2001-09-30",
        "symbol": "MTW",
        "reportedCurrency": "USD",
        "cik": "0000061986",
        "fillingDate": "2001-11-08",
        "acceptedDate": "2001-11-08 00:00:00",
        "calendarYear": "2001",
        "period": "Q3",
        "revenue": 301011000,
        "costOfRevenue": 222873000,
        "grossProfit": 78138000,
        "grossProfitRatio": 0.2595851979,
        "researchAndDevelopmentExpenses": 0,
        "generalAndAdministrativeExpenses": 40891000,
        "sellingAndMarketingExpenses": 0,
        "sellingGeneralAndAdministrativeExpenses": 40891000,
        "otherExpenses": 3476000,
        "operatingExpenses": 44367000,
        "costAndExpenses": 267240000,
        "interestIncome": 0,
        "interestExpense": 13716000,
        "depreciationAndAmortization": 13966000,
        "ebitda": 33771000,
        "ebitdaratio": 0.1121919133,
        "operatingIncome": 33771000,
        "operatingIncomeRatio": 0.1121919133,
        "totalOtherIncomeExpensesNet": -13039000,
        "incomeBeforeTax": 20732000,
        "incomeBeforeTaxRatio": 0.0688745594,
        "incomeTaxExpense": 8293000,
        "netIncome": 12439000,
        "netIncomeRatio": 0.0413240712,
        "eps": 0.51,
        "epsdiluted": 0.51,
        "weightedAverageShsOut": 24273605,
        "weightedAverageShsOutDil": 24522524,
        "link": "https://www.sec.gov/Archives/edgar/data/61986/000006198601500039/0000061986-01-500039-index.htm",
        "finalLink": "https://www.sec.gov/Archives/edgar/data/61986/000006198601500039/q3-01test.htm"
    },
    {
        "date": "2001-06-30",
        "symbol": "MTW",
        "reportedCurrency": "USD",
        "cik": "0000061986",
        "fillingDate": "2001-08-14",
        "acceptedDate": "2001-08-14 00:00:00",
        "calendarYear": "2001",
        "period": "Q2",
        "revenue": 298234000,
        "costOfRevenue": 218460000,
        "grossProfit": 79774000,
        "grossProfitRatio": 0.2674879457,
        "researchAndDevelopmentExpenses": 0,
        "generalAndAdministrativeExpenses": 37619000,
        "sellingAndMarketingExpenses": 0,
        "sellingGeneralAndAdministrativeExpenses": 37619000,
        "otherExpenses": 3152000,
        "operatingExpenses": 40771000,
        "costAndExpenses": 259231000,
        "interestIncome": 0,
        "interestExpense": 13018000,
        "depreciationAndAmortization": 7362000,
        "ebitda": 39003000,
        "ebitdaratio": 0.1307798574,
        "operatingIncome": 39003000,
        "operatingIncomeRatio": 0.1307798574,
        "totalOtherIncomeExpensesNet": -9269000,
        "incomeBeforeTax": 29734000,
        "incomeBeforeTaxRatio": 0.0997002354,
        "incomeTaxExpense": 11799000,
        "netIncome": 14611000,
        "netIncomeRatio": 0.0489917313,
        "eps": 0.6,
        "epsdiluted": 0.6,
        "weightedAverageShsOut": 24269153,
        "weightedAverageShsOutDil": 24562957,
        "link": "https://www.sec.gov/Archives/edgar/data/61986/000006198601500036/0000061986-01-500036-index.htm",
        "finalLink": "https://www.sec.gov/Archives/edgar/data/61986/000006198601500036/q10-0201.htm"
    },
    {
        "date": "2001-03-31",
        "symbol": "MTW",
        "reportedCurrency": "USD",
        "cik": "0000061986",
        "fillingDate": "2001-05-15",
        "acceptedDate": "2001-05-15 00:00:00",
        "calendarYear": "2001",
        "period": "Q1",
        "revenue": 229351000,
        "costOfRevenue": 170428000,
        "grossProfit": 58923000,
        "grossProfitRatio": 0.2569118949,
        "researchAndDevelopmentExpenses": 0,
        "generalAndAdministrativeExpenses": 36001000,
        "sellingAndMarketingExpenses": 0,
        "sellingGeneralAndAdministrativeExpenses": 36001000,
        "otherExpenses": 2893000,
        "operatingExpenses": 38894000,
        "costAndExpenses": 209322000,
        "interestIncome": 0,
        "interestExpense": 4326000,
        "depreciationAndAmortization": 5253000,
        "ebitda": 25282000,
        "ebitdaratio": 0.1102327873,
        "operatingIncome": 20029000,
        "operatingIncomeRatio": 0.0873290284,
        "totalOtherIncomeExpensesNet": -4211000,
        "incomeBeforeTax": 15818000,
        "incomeBeforeTaxRatio": 0.0689685242,
        "incomeTaxExpense": 5948000,
        "netIncome": 9870000,
        "netIncomeRatio": 0.0430344755,
        "eps": 0.41,
        "epsdiluted": 0.4,
        "weightedAverageShsOut": 24262313,
        "weightedAverageShsOutDil": 24543198,
        "link": "https://www.sec.gov/Archives/edgar/data/61986/000006198601500022/0000061986-01-500022-index.htm",
        "finalLink": "https://www.sec.gov/Archives/edgar/data/61986/000006198601500022/q10mar01.htm"
    },
    {
        "date": "2000-12-31",
        "symbol": "MTW",
        "reportedCurrency": "USD",
        "cik": "0000061986",
        "fillingDate": "2001-03-30",
        "acceptedDate": "2001-03-30 00:00:00",
        "calendarYear": "2000",
        "period": "Q4",
        "revenue": 221148000,
        "costOfRevenue": 171249000,
        "grossProfit": 49899000,
        "grossProfitRatio": 0.2256362255,
        "researchAndDevelopmentExpenses": 0,
        "generalAndAdministrativeExpenses": 23978000,
        "sellingAndMarketingExpenses": 0,
        "sellingGeneralAndAdministrativeExpenses": 23978000,
        "otherExpenses": 4787000,
        "operatingExpenses": 28765000,
        "costAndExpenses": 200014000,
        "interestIncome": 0,
        "interestExpense": 5026000,
        "depreciationAndAmortization": 4787000,
        "ebitda": 25921000,
        "ebitdaratio": 0.1172110984,
        "operatingIncome": 21134000,
        "operatingIncomeRatio": 0.095564961,
        "totalOtherIncomeExpensesNet": -4722000,
        "incomeBeforeTax": 16412000,
        "incomeBeforeTaxRatio": 0.0742127444,
        "incomeTaxExpense": 5962000,
        "netIncome": 10450000,
        "netIncomeRatio": 0.047253423,
        "eps": 0.43,
        "epsdiluted": 0.43,
        "weightedAverageShsOut": 24262313,
        "weightedAverageShsOutDil": 24262313,
        "link": "https://www.sec.gov/Archives/edgar/data/61986/000006198601500007/0000061986-01-500007-index.htm",
        "finalLink": "https://www.sec.gov/Archives/edgar/data/61986/000006198601500007/k10-00.txt"
    },
    {
        "date": "2000-09-30",
        "symbol": "MTW",
        "reportedCurrency": "USD",
        "cik": "0000061986",
        "fillingDate": "2000-11-14",
        "acceptedDate": "2000-11-14 00:00:00",
        "calendarYear": "2000",
        "period": "Q3",
        "revenue": 210847000,
        "costOfRevenue": 150522000,
        "grossProfit": 60325000,
        "grossProfitRatio": 0.2861079361,
        "researchAndDevelopmentExpenses": 0,
        "generalAndAdministrativeExpenses": 31376000,
        "sellingAndMarketingExpenses": 0,
        "sellingGeneralAndAdministrativeExpenses": 31376000,
        "otherExpenses": 4668000,
        "operatingExpenses": 36044000,
        "costAndExpenses": 186566000,
        "interestIncome": 0,
        "interestExpense": 5279000,
        "depreciationAndAmortization": 4668000,
        "ebitda": 28949000,
        "ebitdaratio": 0.1372986099,
        "operatingIncome": 24281000,
        "operatingIncomeRatio": 0.1151593335,
        "totalOtherIncomeExpensesNet": -4604000,
        "incomeBeforeTax": 19677000,
        "incomeBeforeTaxRatio": 0.0933235948,
        "incomeTaxExpense": 7379000,
        "netIncome": 12298000,
        "netIncomeRatio": 0.0583266539,
        "eps": 0.5,
        "epsdiluted": 0.5,
        "weightedAverageShsOut": 24638599,
        "weightedAverageShsOutDil": 24684739,
        "link": "https://www.sec.gov/Archives/edgar/data/61986/000006198600000018/0000061986-00-000018-index.htm",
        "finalLink": "https://www.sec.gov/Archives/edgar/data/61986/000006198600000018/0000061986-00-000018-0001.txt"
    },
    {
        "date": "2000-06-30",
        "symbol": "MTW",
        "reportedCurrency": "USD",
        "cik": "0000061986",
        "fillingDate": "2000-08-10",
        "acceptedDate": "2000-08-10 00:00:00",
        "calendarYear": "2000",
        "period": "Q2",
        "revenue": 239287000,
        "costOfRevenue": 163376000,
        "grossProfit": 75911000,
        "grossProfitRatio": 0.3172382954,
        "researchAndDevelopmentExpenses": 0,
        "generalAndAdministrativeExpenses": 30572000,
        "sellingAndMarketingExpenses": 0,
        "sellingGeneralAndAdministrativeExpenses": 30572000,
        "otherExpenses": 4845000,
        "operatingExpenses": 35417000,
        "costAndExpenses": 198793000,
        "interestIncome": 0,
        "interestExpense": 4931000,
        "depreciationAndAmortization": 4845000,
        "ebitda": 45339000,
        "ebitdaratio": 0.1894753998,
        "operatingIncome": 40494000,
        "operatingIncomeRatio": 0.1692277474,
        "totalOtherIncomeExpensesNet": -4324000,
        "incomeBeforeTax": 36170000,
        "incomeBeforeTaxRatio": 0.1511573968,
        "incomeTaxExpense": 13564000,
        "netIncome": 22606000,
        "netIncomeRatio": 0.0944723282,
        "eps": 0.91,
        "epsdiluted": 0.91,
        "weightedAverageShsOut": 24725648,
        "weightedAverageShsOutDil": 24905159,
        "link": "https://www.sec.gov/Archives/edgar/data/61986/000006198600000014/0000061986-00-000014-index.htm",
        "finalLink": "https://www.sec.gov/Archives/edgar/data/61986/000006198600000014/0000061986-00-000014-0001.txt"
    },
    {
        "date": "2000-03-31",
        "symbol": "MTW",
        "reportedCurrency": "USD",
        "cik": "0000061986",
        "fillingDate": "2000-05-12",
        "acceptedDate": "2000-05-12 00:00:00",
        "calendarYear": "2000",
        "period": "Q1",
        "revenue": 201990000,
        "costOfRevenue": 141848000,
        "grossProfit": 60142000,
        "grossProfitRatio": 0.2977474132,
        "researchAndDevelopmentExpenses": 0,
        "generalAndAdministrativeExpenses": 28974000,
        "sellingAndMarketingExpenses": 0,
        "sellingGeneralAndAdministrativeExpenses": 28974000,
        "otherExpenses": 4425000,
        "operatingExpenses": 33399000,
        "costAndExpenses": 175247000,
        "interestIncome": 0,
        "interestExpense": 3320000,
        "depreciationAndAmortization": 4425000,
        "ebitda": 31168000,
        "ebitdaratio": 0.1543046685,
        "operatingIncome": 26743000,
        "operatingIncomeRatio": 0.1323976434,
        "totalOtherIncomeExpensesNet": -2882000,
        "incomeBeforeTax": 23861000,
        "incomeBeforeTaxRatio": 0.1181296104,
        "incomeTaxExpense": 8948000,
        "netIncome": 14913000,
        "netIncomeRatio": 0.0738303876,
        "eps": 0.58,
        "epsdiluted": 0.57,
        "weightedAverageShsOut": 25850072,
        "weightedAverageShsOutDil": 25997317,
        "link": "https://www.sec.gov/Archives/edgar/data/61986/000006198600000006/0000061986-00-000006-index.html",
        "finalLink": "https://www.sec.gov/Archives/edgar/data/61986/000006198600000006/"
    },
    {
        "date": "1999-12-31",
        "symbol": "MTW",
        "reportedCurrency": "USD",
        "cik": "0000061986",
        "fillingDate": "2000-03-07",
        "acceptedDate": "2000-03-07 00:00:00",
        "calendarYear": "1999",
        "period": "Q4",
        "revenue": 181100000,
        "costOfRevenue": 130800000,
        "grossProfit": 50300000,
        "grossProfitRatio": 0.277747101,
        "researchAndDevelopmentExpenses": 0,
        "generalAndAdministrativeExpenses": 20300000,
        "sellingAndMarketingExpenses": 0,
        "sellingGeneralAndAdministrativeExpenses": 20300000,
        "otherExpenses": 4800000,
        "operatingExpenses": 25100000,
        "costAndExpenses": 155900000,
        "interestIncome": 0,
        "interestExpense": 3500000,
        "depreciationAndAmortization": 4800000,
        "ebitda": 30000000,
        "ebitdaratio": 0.1656543346,
        "operatingIncome": 25200000,
        "operatingIncomeRatio": 0.1391496411,
        "totalOtherIncomeExpensesNet": -3000000,
        "incomeBeforeTax": 22200000,
        "incomeBeforeTaxRatio": 0.1225842076,
        "incomeTaxExpense": 8200000,
        "netIncome": 14000000,
        "netIncomeRatio": 0.0773053562,
        "eps": 0.54,
        "epsdiluted": 0.54,
        "weightedAverageShsOut": 25850072,
        "weightedAverageShsOutDil": 25850072,
        "link": "https://www.sec.gov/Archives/edgar/data/61986/000006198600000002/0000061986-00-000002-index.html",
        "finalLink": "https://www.sec.gov/Archives/edgar/data/61986/000006198600000002/"
    },
    {
        "date": "1999-09-30",
        "symbol": "MTW",
        "reportedCurrency": "USD",
        "cik": "0000061986",
        "fillingDate": "1999-10-28",
        "acceptedDate": "1999-10-28 00:00:00",
        "calendarYear": "1999",
        "period": "Q3",
        "revenue": 213900000,
        "costOfRevenue": 147100000,
        "grossProfit": 66800000,
        "grossProfitRatio": 0.3122954652,
        "researchAndDevelopmentExpenses": 0,
        "generalAndAdministrativeExpenses": 27900000,
        "sellingAndMarketingExpenses": 0,
        "sellingGeneralAndAdministrativeExpenses": 27900000,
        "otherExpenses": 4300000,
        "operatingExpenses": 32200000,
        "costAndExpenses": 179300000,
        "interestIncome": 0,
        "interestExpense": 4800000,
        "depreciationAndAmortization": 4300000,
        "ebitda": 38900000,
        "ebitdaratio": 0.1818606826,
        "operatingIncome": 34600000,
        "operatingIncomeRatio": 0.1617578308,
        "totalOtherIncomeExpensesNet": -3800000,
        "incomeBeforeTax": 30800000,
        "incomeBeforeTaxRatio": 0.1439925199,
        "incomeTaxExpense": 11400000,
        "netIncome": 19400000,
        "netIncomeRatio": 0.0906965872,
        "eps": 0.19,
        "epsdiluted": 0.19,
        "weightedAverageShsOut": 25982000,
        "weightedAverageShsOutDil": 25982000,
        "link": "https://www.sec.gov/Archives/edgar/data/61986/000006198699000021/0000061986-99-000021-index.html",
        "finalLink": "https://www.sec.gov/Archives/edgar/data/61986/000006198699000021/"
    },
    {
        "date": "1999-06-30",
        "symbol": "MTW",
        "reportedCurrency": "USD",
        "cik": "0000061986",
        "fillingDate": "1999-08-09",
        "acceptedDate": "1999-08-09 00:00:00",
        "calendarYear": "1999",
        "period": "Q2",
        "revenue": 226300000,
        "costOfRevenue": 156400000,
        "grossProfit": 69900000,
        "grossProfitRatio": 0.308882015,
        "researchAndDevelopmentExpenses": 0,
        "generalAndAdministrativeExpenses": 29300000,
        "sellingAndMarketingExpenses": 0,
        "sellingGeneralAndAdministrativeExpenses": 29300000,
        "otherExpenses": 4200000,
        "operatingExpenses": 33500000,
        "costAndExpenses": 189900000,
        "interestIncome": 0,
        "interestExpense": 3500000,
        "depreciationAndAmortization": 4200000,
        "ebitda": 40642000,
        "ebitdaratio": 0.17959346,
        "operatingIncome": 36400000,
        "operatingIncomeRatio": 0.1608484313,
        "totalOtherIncomeExpensesNet": -3142000,
        "incomeBeforeTax": 33300000,
        "incomeBeforeTaxRatio": 0.1471498011,
        "incomeTaxExpense": 12300000,
        "netIncome": 21000000,
        "netIncomeRatio": 0.0927971719,
        "eps": 0.81,
        "epsdiluted": 0.8,
        "weightedAverageShsOut": 25965034,
        "weightedAverageShsOutDil": 26321060,
        "link": "https://www.sec.gov/Archives/edgar/data/61986/000006198699000014/0000061986-99-000014-index.html",
        "finalLink": "https://www.sec.gov/Archives/edgar/data/61986/000006198699000014/"
    },
    {
        "date": "1999-03-31",
        "symbol": "MTW",
        "reportedCurrency": "USD",
        "cik": "0000061986",
        "fillingDate": "1999-05-11",
        "acceptedDate": "1999-05-11 00:00:00",
        "calendarYear": "1999",
        "period": "Q1",
        "revenue": 184200000,
        "costOfRevenue": 127600000,
        "grossProfit": 56600000,
        "grossProfitRatio": 0.3072747014,
        "researchAndDevelopmentExpenses": 0,
        "generalAndAdministrativeExpenses": 29900000,
        "sellingAndMarketingExpenses": 0,
        "sellingGeneralAndAdministrativeExpenses": 29900000,
        "otherExpenses": 4000000,
        "operatingExpenses": 33900000,
        "costAndExpenses": 161500000,
        "interestIncome": 0,
        "interestExpense": 3200000,
        "depreciationAndAmortization": 4000000,
        "ebitda": 26700000,
        "ebitdaratio": 0.1449511401,
        "operatingIncome": 22700000,
        "operatingIncomeRatio": 0.1232356135,
        "totalOtherIncomeExpensesNet": -3000000,
        "incomeBeforeTax": 19700000,
        "incomeBeforeTaxRatio": 0.1069489685,
        "incomeTaxExpense": 7300000,
        "netIncome": 12400000,
        "netIncomeRatio": 0.0673181325,
        "eps": 0.08,
        "epsdiluted": 0.0783,
        "weightedAverageShsOut": 25977982,
        "weightedAverageShsOutDil": 25977982,
        "link": "https://www.sec.gov/Archives/edgar/data/61986/000006198699000008/0000061986-99-000008-index.html",
        "finalLink": "https://www.sec.gov/Archives/edgar/data/61986/"
    },
    {
        "date": "1998-12-31",
        "symbol": "MTW",
        "reportedCurrency": "USD",
        "cik": "0000061986",
        "fillingDate": "1999-03-01",
        "acceptedDate": "1999-03-01 00:00:00",
        "calendarYear": "1998",
        "period": "Q4",
        "revenue": 167700000,
        "costOfRevenue": 122400000,
        "grossProfit": 45300000,
        "grossProfitRatio": 0.2701252236,
        "researchAndDevelopmentExpenses": 0,
        "generalAndAdministrativeExpenses": 20400000,
        "sellingAndMarketingExpenses": 0,
        "sellingGeneralAndAdministrativeExpenses": 20400000,
        "otherExpenses": 4500000,
        "operatingExpenses": 24900000,
        "costAndExpenses": 147300000,
        "interestIncome": 0,
        "interestExpense": 2000000,
        "depreciationAndAmortization": 4500000,
        "ebitda": 24900000,
        "ebitdaratio": 0.1484794275,
        "operatingIncome": 20400000,
        "operatingIncomeRatio": 0.1216457961,
        "totalOtherIncomeExpensesNet": -2100000,
        "incomeBeforeTax": 18300000,
        "incomeBeforeTaxRatio": 0.1091234347,
        "incomeTaxExpense": 6800000,
        "netIncome": 11500000,
        "netIncomeRatio": 0.068574836,
        "eps": 0.44,
        "epsdiluted": 0.44,
        "weightedAverageShsOut": 25904946,
        "weightedAverageShsOutDil": 25977982,
        "link": "https://www.sec.gov/Archives/edgar/data/61986/000006198699000003/0000061986-99-000003-index.html",
        "finalLink": "https://www.sec.gov/Archives/edgar/data/61986/"
    },
    {
        "date": "1998-09-30",
        "symbol": "MTW",
        "reportedCurrency": "USD",
        "cik": "0000061986",
        "fillingDate": "1998-10-28",
        "acceptedDate": "1998-10-28 00:00:00",
        "calendarYear": "1998",
        "period": "Q3",
        "revenue": 184000000,
        "costOfRevenue": 127100000,
        "grossProfit": 56900000,
        "grossProfitRatio": 0.3092391304,
        "researchAndDevelopmentExpenses": 0,
        "generalAndAdministrativeExpenses": 26300000,
        "sellingAndMarketingExpenses": 0,
        "sellingGeneralAndAdministrativeExpenses": 26300000,
        "otherExpenses": 3600000,
        "operatingExpenses": 29900000,
        "costAndExpenses": 157000000,
        "interestIncome": 0,
        "interestExpense": 3900000,
        "depreciationAndAmortization": 3600000,
        "ebitda": 30600000,
        "ebitdaratio": 0.1663043478,
        "operatingIncome": 27000000,
        "operatingIncomeRatio": 0.1467391304,
        "totalOtherIncomeExpensesNet": -3000000,
        "incomeBeforeTax": 24000000,
        "incomeBeforeTaxRatio": 0.1304347826,
        "incomeTaxExpense": 8800000,
        "netIncome": 15200000,
        "netIncomeRatio": 0.0826086957,
        "eps": 0.0983,
        "epsdiluted": 0.0967,
        "weightedAverageShsOut": 25942965,
        "weightedAverageShsOutDil": 25942965,
        "link": "https://www.sec.gov/Archives/edgar/data/61986/000006198698000021/0000061986-98-000021-index.html",
        "finalLink": "https://www.sec.gov/Archives/edgar/data/61986/"
    },
    {
        "date": "1998-06-30",
        "symbol": "MTW",
        "reportedCurrency": "USD",
        "cik": "0000061986",
        "fillingDate": "1998-07-29",
        "acceptedDate": "1998-07-29 00:00:00",
        "calendarYear": "1998",
        "period": "Q2",
        "revenue": 188900000,
        "costOfRevenue": 132300000,
        "grossProfit": 56600000,
        "grossProfitRatio": 0.2996294336,
        "researchAndDevelopmentExpenses": 0,
        "generalAndAdministrativeExpenses": 25500000,
        "sellingAndMarketingExpenses": 0,
        "sellingGeneralAndAdministrativeExpenses": 25500000,
        "otherExpenses": 3500000,
        "operatingExpenses": 29000000,
        "costAndExpenses": 161300000,
        "interestIncome": 0,
        "interestExpense": 3700000,
        "depreciationAndAmortization": 3500000,
        "ebitda": 31100000,
        "ebitdaratio": 0.1646373743,
        "operatingIncome": 27600000,
        "operatingIncomeRatio": 0.1461090524,
        "totalOtherIncomeExpensesNet": -3300000,
        "incomeBeforeTax": 24300000,
        "incomeBeforeTaxRatio": 0.1286394918,
        "incomeTaxExpense": 8900000,
        "netIncome": 15400000,
        "netIncomeRatio": 0.0815246162,
        "eps": 0.0983,
        "epsdiluted": 0.0983,
        "weightedAverageShsOut": 25936962,
        "weightedAverageShsOutDil": 25936962,
        "link": "https://www.sec.gov/Archives/edgar/data/61986/000006198698000017/0000061986-98-000017-index.html",
        "finalLink": "https://www.sec.gov/Archives/edgar/data/61986/"
    },
    {
        "date": "1998-03-31",
        "symbol": "MTW",
        "reportedCurrency": "USD",
        "cik": "0000061986",
        "fillingDate": "1998-04-16",
        "acceptedDate": "1998-04-16 00:00:00",
        "calendarYear": "1998",
        "period": "Q1",
        "revenue": 154100000,
        "costOfRevenue": 107300000,
        "grossProfit": 46800000,
        "grossProfitRatio": 0.3036988968,
        "researchAndDevelopmentExpenses": 0,
        "generalAndAdministrativeExpenses": 25800000,
        "sellingAndMarketingExpenses": 0,
        "sellingGeneralAndAdministrativeExpenses": 25800000,
        "otherExpenses": 3400000,
        "operatingExpenses": 29200000,
        "costAndExpenses": 136500000,
        "interestIncome": 0,
        "interestExpense": 3200000,
        "depreciationAndAmortization": 3400000,
        "ebitda": 21000000,
        "ebitdaratio": 0.136275146,
        "operatingIncome": 17600000,
        "operatingIncomeRatio": 0.1142115509,
        "totalOtherIncomeExpensesNet": -2800000,
        "incomeBeforeTax": 14800000,
        "incomeBeforeTaxRatio": 0.0960415315,
        "incomeTaxExpense": 5500000,
        "netIncome": 9300000,
        "netIncomeRatio": 0.0603504218,
        "eps": 0.06,
        "epsdiluted": 0.06,
        "weightedAverageShsOut": 25918953,
        "weightedAverageShsOutDil": 25918953,
        "link": "https://www.sec.gov/Archives/edgar/data/61986/000006198698000011/0000061986-98-000011-index.html",
        "finalLink": "https://www.sec.gov/Archives/edgar/data/61986/"
    },
    {
        "date": "1997-12-31",
        "symbol": "MTW",
        "reportedCurrency": "USD",
        "cik": "0000061986",
        "fillingDate": "1998-02-20",
        "acceptedDate": "1998-02-20 00:00:00",
        "calendarYear": "1997",
        "period": "Q4",
        "revenue": 150900000,
        "costOfRevenue": 109300000,
        "grossProfit": 41600000,
        "grossProfitRatio": 0.2756792578,
        "researchAndDevelopmentExpenses": 0,
        "generalAndAdministrativeExpenses": 21600000,
        "sellingAndMarketingExpenses": 0,
        "sellingGeneralAndAdministrativeExpenses": 21600000,
        "otherExpenses": 3600000,
        "operatingExpenses": 25200000,
        "costAndExpenses": 134500000,
        "interestIncome": 0,
        "interestExpense": 2900000,
        "depreciationAndAmortization": 3600000,
        "ebitda": 20000000,
        "ebitdaratio": 0.1325381047,
        "operatingIncome": 16400000,
        "operatingIncomeRatio": 0.1086812459,
        "totalOtherIncomeExpensesNet": -2900000,
        "incomeBeforeTax": 13500000,
        "incomeBeforeTaxRatio": 0.0894632207,
        "incomeTaxExpense": 5000000,
        "netIncome": 8500000,
        "netIncomeRatio": 0.0563286945,
        "eps": 0.33,
        "epsdiluted": 0.33,
        "weightedAverageShsOut": 25903945,
        "weightedAverageShsOutDil": 25918953,
        "link": "https://www.sec.gov/Archives/edgar/data/61986/0000061986-98-000007-index.html",
        "finalLink": "https://www.sec.gov/Archives/edgar/data/61986/0000061986-98-000007.txt"
    },
    {
        "date": "1997-09-30",
        "symbol": "MTW",
        "reportedCurrency": "USD",
        "cik": "0000061986",
        "fillingDate": "1997-10-23",
        "acceptedDate": "1997-10-23 00:00:00",
        "calendarYear": "1997",
        "period": "Q3",
        "revenue": 133900000,
        "costOfRevenue": 93700000,
        "grossProfit": 40200000,
        "grossProfitRatio": 0.3002240478,
        "researchAndDevelopmentExpenses": 0,
        "generalAndAdministrativeExpenses": 20800000,
        "sellingAndMarketingExpenses": 0,
        "sellingGeneralAndAdministrativeExpenses": 20800000,
        "otherExpenses": 2900000,
        "operatingExpenses": 23700000,
        "costAndExpenses": 117400000,
        "interestIncome": 0,
        "interestExpense": 1300000,
        "depreciationAndAmortization": 2900000,
        "ebitda": 19400000,
        "ebitdaratio": 0.144884242,
        "operatingIncome": 16500000,
        "operatingIncomeRatio": 0.1232262883,
        "totalOtherIncomeExpensesNet": -1400000,
        "incomeBeforeTax": 15100000,
        "incomeBeforeTaxRatio": 0.1127707244,
        "incomeTaxExpense": 5600000,
        "netIncome": 9500000,
        "netIncomeRatio": 0.070948469,
        "eps": 0.0617,
        "epsdiluted": 0.0617,
        "weightedAverageShsOut": 25900944,
        "weightedAverageShsOutDil": 25900944,
        "link": "https://www.sec.gov/Archives/edgar/data/61986/000006198697000023/0000061986-97-000023-index.html",
        "finalLink": "https://www.sec.gov/Archives/edgar/data/61986/"
    },
    {
        "date": "1997-06-30",
        "symbol": "MTW",
        "reportedCurrency": "USD",
        "cik": "0000061986",
        "fillingDate": "1997-07-28",
        "acceptedDate": "1997-07-28 00:00:00",
        "calendarYear": "1997",
        "period": "Q2",
        "revenue": 145000000,
        "costOfRevenue": 100500000,
        "grossProfit": 44500000,
        "grossProfitRatio": 0.3068965517,
        "researchAndDevelopmentExpenses": 0,
        "generalAndAdministrativeExpenses": 21100000,
        "sellingAndMarketingExpenses": 0,
        "sellingGeneralAndAdministrativeExpenses": 21100000,
        "otherExpenses": 2700000,
        "operatingExpenses": 23800000,
        "costAndExpenses": 124300000,
        "interestIncome": 0,
        "interestExpense": 2000000,
        "depreciationAndAmortization": 2700000,
        "ebitda": 23400000,
        "ebitdaratio": 0.1613793103,
        "operatingIncome": 20700000,
        "operatingIncomeRatio": 0.1427586207,
        "totalOtherIncomeExpensesNet": -1800000,
        "incomeBeforeTax": 18900000,
        "incomeBeforeTaxRatio": 0.1303448276,
        "incomeTaxExpense": 7000000,
        "netIncome": 11900000,
        "netIncomeRatio": 0.0820689655,
        "eps": 0.0511,
        "epsdiluted": 0.0511,
        "weightedAverageShsOut": 25913893,
        "weightedAverageShsOutDil": 25913893,
        "link": "https://www.sec.gov/Archives/edgar/data/61986/000006198697000019/0000061986-97-000019-index.html",
        "finalLink": "https://www.sec.gov/Archives/edgar/data/61986/"
    },
    {
        "date": "1997-03-31",
        "symbol": "MTW",
        "reportedCurrency": "USD",
        "cik": "0000061986",
        "fillingDate": "1997-05-01",
        "acceptedDate": "1997-05-01 00:00:00",
        "calendarYear": "1997",
        "period": "Q1",
        "revenue": 116000000,
        "costOfRevenue": 81200000,
        "grossProfit": 34800000,
        "grossProfitRatio": 0.3,
        "researchAndDevelopmentExpenses": 0,
        "generalAndAdministrativeExpenses": 20700000,
        "sellingAndMarketingExpenses": 0,
        "sellingGeneralAndAdministrativeExpenses": 20700000,
        "otherExpenses": 2800000,
        "operatingExpenses": 23500000,
        "costAndExpenses": 104700000,
        "interestIncome": 0,
        "interestExpense": 900000,
        "depreciationAndAmortization": 2800000,
        "ebitda": 14100000,
        "ebitdaratio": 0.1215517241,
        "operatingIncome": 11300000,
        "operatingIncomeRatio": 0.0974137931,
        "totalOtherIncomeExpensesNet": -1000000,
        "incomeBeforeTax": 10300000,
        "incomeBeforeTaxRatio": 0.0887931034,
        "incomeTaxExpense": 3800000,
        "netIncome": 6500000,
        "netIncomeRatio": 0.0560344828,
        "eps": 0.0278,
        "epsdiluted": 0.0278,
        "weightedAverageShsOut": 25899880,
        "weightedAverageShsOutDil": 25899880,
        "link": "https://www.sec.gov/Archives/edgar/data/61986/000006198697000011/0000061986-97-000011-index.html",
        "finalLink": "https://www.sec.gov/Archives/edgar/data/61986/"
    },
    {
        "date": "1996-12-31",
        "symbol": "MTW",
        "reportedCurrency": "USD",
        "cik": "0000061986",
        "fillingDate": "1997-03-31",
        "acceptedDate": "1997-03-31 00:00:00",
        "calendarYear": "1996",
        "period": "Q4",
        "revenue": 115100000,
        "costOfRevenue": 80800000,
        "grossProfit": 34300000,
        "grossProfitRatio": 0.2980017376,
        "researchAndDevelopmentExpenses": 0,
        "generalAndAdministrativeExpenses": 21700000,
        "sellingAndMarketingExpenses": 0,
        "sellingGeneralAndAdministrativeExpenses": 21700000,
        "otherExpenses": 2900000,
        "operatingExpenses": 24600000,
        "costAndExpenses": 105400000,
        "interestIncome": 0,
        "interestExpense": 4100000,
        "depreciationAndAmortization": 2900000,
        "ebitda": 12600000,
        "ebitdaratio": 0.1094700261,
        "operatingIncome": 9700000,
        "operatingIncomeRatio": 0.0842745439,
        "totalOtherIncomeExpensesNet": -2900000,
        "incomeBeforeTax": 6800000,
        "incomeBeforeTaxRatio": 0.0590790617,
        "incomeTaxExpense": 2600000,
        "netIncome": 4200000,
        "netIncomeRatio": 0.0364900087,
        "eps": 0.16,
        "epsdiluted": 0.16,
        "weightedAverageShsOut": 25899880,
        "weightedAverageShsOutDil": 25899880,
        "link": "https://www.sec.gov/Archives/edgar/data/61986/000006198697000009/0000061986-97-000009-index.html",
        "finalLink": "https://www.sec.gov/Archives/edgar/data/61986/"
    },
    {
        "date": "1996-09-30",
        "symbol": "MTW",
        "reportedCurrency": "USD",
        "cik": "0000061986",
        "fillingDate": "1996-10-31",
        "acceptedDate": "1996-10-31 00:00:00",
        "calendarYear": "1996",
        "period": "Q3",
        "revenue": 132000000,
        "costOfRevenue": 92200000,
        "grossProfit": 39800000,
        "grossProfitRatio": 0.3015151515,
        "researchAndDevelopmentExpenses": 0,
        "generalAndAdministrativeExpenses": 20700000,
        "sellingAndMarketingExpenses": 0,
        "sellingGeneralAndAdministrativeExpenses": 20700000,
        "otherExpenses": 3100000,
        "operatingExpenses": 23800000,
        "costAndExpenses": 116000000,
        "interestIncome": 0,
        "interestExpense": 1400000,
        "depreciationAndAmortization": 3100000,
        "ebitda": 19100000,
        "ebitdaratio": 0.1446969697,
        "operatingIncome": 16000000,
        "operatingIncomeRatio": 0.1212121212,
        "totalOtherIncomeExpensesNet": -1800000,
        "incomeBeforeTax": 14200000,
        "incomeBeforeTaxRatio": 0.1075757576,
        "incomeTaxExpense": 5700000,
        "netIncome": 8500000,
        "netIncomeRatio": 0.0643939394,
        "eps": 0.0367,
        "epsdiluted": 0.0367,
        "weightedAverageShsOut": 25899880,
        "weightedAverageShsOutDil": 25899880,
        "link": "https://www.sec.gov/Archives/edgar/data/61986/000006198696000033/0000061986-96-000033-index.html",
        "finalLink": "https://www.sec.gov/Archives/edgar/data/61986/"
    },
    {
        "date": "1996-06-30",
        "symbol": "MTW",
        "reportedCurrency": "USD",
        "cik": "0000061986",
        "fillingDate": "1996-08-13",
        "acceptedDate": "1996-08-13 00:00:00",
        "calendarYear": "1996",
        "period": "Q2",
        "revenue": 139200000,
        "costOfRevenue": 98500000,
        "grossProfit": 40700000,
        "grossProfitRatio": 0.2923850575,
        "researchAndDevelopmentExpenses": 0,
        "generalAndAdministrativeExpenses": 20800000,
        "sellingAndMarketingExpenses": 0,
        "sellingGeneralAndAdministrativeExpenses": 20800000,
        "otherExpenses": 2800000,
        "operatingExpenses": 23600000,
        "costAndExpenses": 122100000,
        "interestIncome": 0,
        "interestExpense": 2200000,
        "depreciationAndAmortization": 2800000,
        "ebitda": 19900000,
        "ebitdaratio": 0.1429597701,
        "operatingIncome": 17100000,
        "operatingIncomeRatio": 0.1228448276,
        "totalOtherIncomeExpensesNet": -2400000,
        "incomeBeforeTax": 14700000,
        "incomeBeforeTaxRatio": 0.1056034483,
        "incomeTaxExpense": 5900000,
        "netIncome": 8800000,
        "netIncomeRatio": 0.0632183908,
        "eps": 0.0252,
        "epsdiluted": 0.0252,
        "weightedAverageShsOut": 25912831,
        "weightedAverageShsOutDil": 25912831,
        "link": "https://www.sec.gov/Archives/edgar/data/61986/000006198696000031/0000061986-96-000031-index.html",
        "finalLink": "https://www.sec.gov/Archives/edgar/data/61986/"
    },
    {
        "date": "1996-03-31",
        "symbol": "MTW",
        "reportedCurrency": "USD",
        "cik": "0000061986",
        "fillingDate": "1996-04-23",
        "acceptedDate": "1996-04-23 00:00:00",
        "calendarYear": "1996",
        "period": "Q1",
        "revenue": 114100000,
        "costOfRevenue": 82700000,
        "grossProfit": 31400000,
        "grossProfitRatio": 0.2751971954,
        "researchAndDevelopmentExpenses": 0,
        "generalAndAdministrativeExpenses": 19400000,
        "sellingAndMarketingExpenses": 0,
        "sellingGeneralAndAdministrativeExpenses": 19400000,
        "otherExpenses": 2800000,
        "operatingExpenses": 22200000,
        "costAndExpenses": 104900000,
        "interestIncome": 0,
        "interestExpense": 2300000,
        "depreciationAndAmortization": 2800000,
        "ebitda": 12000000,
        "ebitdaratio": 0.1051709027,
        "operatingIncome": 9200000,
        "operatingIncomeRatio": 0.0806310254,
        "totalOtherIncomeExpensesNet": -2400000,
        "incomeBeforeTax": 6800000,
        "incomeBeforeTaxRatio": 0.0595968449,
        "incomeTaxExpense": 2700000,
        "netIncome": 4100000,
        "netIncomeRatio": 0.0359333918,
        "eps": 0.0119,
        "epsdiluted": 0.0119,
        "weightedAverageShsOut": 25899810,
        "weightedAverageShsOutDil": 25899810,
        "link": "https://www.sec.gov/Archives/edgar/data/61986/000006198696000013/0000061986-96-000013-index.html",
        "finalLink": "https://www.sec.gov/Archives/edgar/data/61986/"
    },
    {
        "date": "1995-12-31",
        "symbol": "MTW",
        "reportedCurrency": "USD",
        "cik": "0000061986",
        "fillingDate": "1996-04-01",
        "acceptedDate": "1996-04-01 00:00:00",
        "calendarYear": "1995",
        "period": "Q4",
        "revenue": 81600000,
        "costOfRevenue": 59300000,
        "grossProfit": 22300000,
        "grossProfitRatio": 0.2732843137,
        "researchAndDevelopmentExpenses": 0,
        "generalAndAdministrativeExpenses": 14700000,
        "sellingAndMarketingExpenses": 0,
        "sellingGeneralAndAdministrativeExpenses": 14700000,
        "otherExpenses": 2100000,
        "operatingExpenses": 16800000,
        "costAndExpenses": 76100000,
        "interestIncome": 0,
        "interestExpense": 0,
        "depreciationAndAmortization": 2100000,
        "ebitda": 7600000,
        "ebitdaratio": 0.0931372549,
        "operatingIncome": 5500000,
        "operatingIncomeRatio": 0.0674019608,
        "totalOtherIncomeExpensesNet": 600000,
        "incomeBeforeTax": 6100000,
        "incomeBeforeTaxRatio": 0.074754902,
        "incomeTaxExpense": 2200000,
        "netIncome": 3900000,
        "netIncomeRatio": 0.0477941176,
        "eps": 0.15,
        "epsdiluted": 0.15,
        "weightedAverageShsOut": 25899810,
        "weightedAverageShsOutDil": 25899810,
        "link": "https://www.sec.gov/Archives/edgar/data/61986/000006198696000011/0000061986-96-000011-index.html",
        "finalLink": "https://www.sec.gov/Archives/edgar/data/61986/"
    },
    {
        "date": "1995-10-31",
        "symbol": "MTW",
        "reportedCurrency": "USD",
        "cik": "0000061986",
        "fillingDate": "1995-11-06",
        "acceptedDate": "1995-11-06 00:00:00",
        "calendarYear": "1995",
        "period": "Q3",
        "revenue": 80100000,
        "costOfRevenue": 60500000,
        "grossProfit": 19600000,
        "grossProfitRatio": 0.2446941323,
        "researchAndDevelopmentExpenses": 0,
        "generalAndAdministrativeExpenses": 0,
        "sellingAndMarketingExpenses": 0,
        "sellingGeneralAndAdministrativeExpenses": 12600000,
        "otherExpenses": 0,
        "operatingExpenses": 14200000,
        "costAndExpenses": 74700000,
        "interestIncome": 0,
        "interestExpense": 0,
        "depreciationAndAmortization": 1600000,
        "ebitda": 7000000,
        "ebitdaratio": 0.0873907615,
        "operatingIncome": 5400000,
        "operatingIncomeRatio": 0.0674157303,
        "totalOtherIncomeExpensesNet": 300000,
        "incomeBeforeTax": 5700000,
        "incomeBeforeTaxRatio": 0.0711610487,
        "incomeTaxExpense": 2100000,
        "netIncome": 3600000,
        "netIncomeRatio": 0.0449438202,
        "eps": 0.0104,
        "epsdiluted": 0.0104,
        "weightedAverageShsOut": 25899810,
        "weightedAverageShsOutDil": 25899810,
        "link": "https://www.sec.gov/Archives/edgar/data/61986/000006198695000029/0000061986-95-000029-index.html",
        "finalLink": "https://www.sec.gov/Archives/edgar/data/61986/"
    },
    {
        "date": "1995-07-31",
        "symbol": "MTW",
        "reportedCurrency": "USD",
        "cik": "0000061986",
        "fillingDate": "1995-08-08",
        "acceptedDate": "1995-08-08 00:00:00",
        "calendarYear": "1995",
        "period": "Q2",
        "revenue": 82300000,
        "costOfRevenue": 59400000,
        "grossProfit": 22900000,
        "grossProfitRatio": 0.2782503038,
        "researchAndDevelopmentExpenses": 0,
        "generalAndAdministrativeExpenses": 12600000,
        "sellingAndMarketingExpenses": -500000,
        "sellingGeneralAndAdministrativeExpenses": 12100000,
        "otherExpenses": 1600000,
        "operatingExpenses": 13800000,
        "costAndExpenses": 73200000,
        "interestIncome": 0,
        "interestExpense": 0,
        "depreciationAndAmortization": 1700000,
        "ebitda": 10800000,
        "ebitdaratio": 0.1312272175,
        "operatingIncome": 9100000,
        "operatingIncomeRatio": 0.1105710814,
        "totalOtherIncomeExpensesNet": -500000,
        "incomeBeforeTax": 8600000,
        "incomeBeforeTaxRatio": 0.1044957473,
        "incomeTaxExpense": 3200000,
        "netIncome": 5400000,
        "netIncomeRatio": 0.0656136087,
        "eps": 0.0156,
        "epsdiluted": 0.0156,
        "weightedAverageShsOut": 25899810,
        "weightedAverageShsOutDil": 25899810,
        "link": "https://www.sec.gov/Archives/edgar/data/61986/000006198695000017/0000061986-95-000017-index.html",
        "finalLink": "https://www.sec.gov/Archives/edgar/data/61986/"
    },
    {
        "date": "1995-03-31",
        "symbol": "MTW",
        "reportedCurrency": "USD",
        "cik": "0000061986",
        "fillingDate": "1995-05-09",
        "acceptedDate": "1995-05-09 00:00:00",
        "calendarYear": "1995",
        "period": "Q1",
        "revenue": 69100000,
        "costOfRevenue": 51800000,
        "grossProfit": 17300000,
        "grossProfitRatio": 0.2503617945,
        "researchAndDevelopmentExpenses": 0,
        "generalAndAdministrativeExpenses": 12900000,
        "sellingAndMarketingExpenses": 0,
        "sellingGeneralAndAdministrativeExpenses": 12900000,
        "otherExpenses": 1400000,
        "operatingExpenses": 14300000,
        "costAndExpenses": 66100000,
        "interestIncome": 0,
        "interestExpense": 300000,
        "depreciationAndAmortization": 1400000,
        "ebitda": 4400000,
        "ebitdaratio": 0.0636758321,
        "operatingIncome": 3000000,
        "operatingIncomeRatio": 0.0434153401,
        "totalOtherIncomeExpensesNet": -100000,
        "incomeBeforeTax": 2900000,
        "incomeBeforeTaxRatio": 0.0419681621,
        "incomeTaxExpense": 1100000,
        "netIncome": 1800000,
        "netIncomeRatio": 0.0260492041,
        "eps": 0.0052,
        "epsdiluted": 0.0052,
        "weightedAverageShsOut": 25899810,
        "weightedAverageShsOutDil": 25899810,
        "link": "https://www.sec.gov/Archives/edgar/data/61986/000006198695000014/0000061986-95-000014-index.html",
        "finalLink": "https://www.sec.gov/Archives/edgar/data/61986/"
    },
    {
        "date": "1994-12-31",
        "symbol": "MTW",
        "reportedCurrency": "USD",
        "cik": "0000061986",
        "fillingDate": "1995-02-13",
        "acceptedDate": "1995-02-13 00:00:00",
        "calendarYear": "1994",
        "period": "Q4",
        "revenue": 57900000,
        "costOfRevenue": 43300000,
        "grossProfit": 14600000,
        "grossProfitRatio": 0.2521588946,
        "researchAndDevelopmentExpenses": 0,
        "generalAndAdministrativeExpenses": 0,
        "sellingAndMarketingExpenses": 0,
        "sellingGeneralAndAdministrativeExpenses": 13600000,
        "otherExpenses": 1600000,
        "operatingExpenses": 15200000,
        "costAndExpenses": 58500000,
        "interestIncome": 0,
        "interestExpense": 28000000,
        "depreciationAndAmortization": 1600000,
        "ebitda": 1000000,
        "ebitdaratio": 0.0172711572,
        "operatingIncome": -600000,
        "operatingIncomeRatio": -0.0103626943,
        "totalOtherIncomeExpensesNet": -14000000,
        "incomeBeforeTax": -14600000,
        "incomeBeforeTaxRatio": -0.2521588946,
        "incomeTaxExpense": -5700000,
        "netIncome": -8900000,
        "netIncomeRatio": -0.1537132988,
        "eps": -0.34,
        "epsdiluted": -0.34,
        "weightedAverageShsOut": 25899810,
        "weightedAverageShsOutDil": 25899810,
        "link": "https://www.sec.gov/Archives/edgar/data/61986/000006198695000007/0000061986-95-000007-index.html",
        "finalLink": "https://www.sec.gov/Archives/edgar/data/61986/"
    },
    {
        "date": "1994-09-30",
        "symbol": "MTW",
        "reportedCurrency": "USD",
        "cik": "0000061986",
        "fillingDate": "1994-11-09",
        "acceptedDate": "1994-11-09 00:00:00",
        "calendarYear": "1994",
        "period": "Q3",
        "revenue": 66000000,
        "costOfRevenue": 45900000,
        "grossProfit": 20100000,
        "grossProfitRatio": 0.3045454545,
        "researchAndDevelopmentExpenses": 0,
        "generalAndAdministrativeExpenses": 0,
        "sellingAndMarketingExpenses": 0,
        "sellingGeneralAndAdministrativeExpenses": 12200000,
        "otherExpenses": 1800000,
        "operatingExpenses": 14000000,
        "costAndExpenses": 59900000,
        "interestIncome": 0,
        "interestExpense": 0,
        "depreciationAndAmortization": 1800000,
        "ebitda": 7900000,
        "ebitdaratio": 0.1196969697,
        "operatingIncome": 6100000,
        "operatingIncomeRatio": 0.0924242424,
        "totalOtherIncomeExpensesNet": 100000,
        "incomeBeforeTax": 6200000,
        "incomeBeforeTaxRatio": 0.0939393939,
        "incomeTaxExpense": 2400000,
        "netIncome": 3800000,
        "netIncomeRatio": 0.0575757576,
        "eps": 0.0111,
        "epsdiluted": 0.0111,
        "weightedAverageShsOut": 25899810,
        "weightedAverageShsOutDil": 25899810,
        "link": "https://www.sec.gov/Archives/edgar/data/61986/000006198694000033/0000061986-94-000033-index.html",
        "finalLink": "https://www.sec.gov/Archives/edgar/data/61986/"
    },
    {
        "date": "1994-07-02",
        "symbol": "MTW",
        "reportedCurrency": "USD",
        "cik": "0000061986",
        "fillingDate": "1994-09-30",
        "acceptedDate": "1994-09-30 00:00:00",
        "calendarYear": "1994",
        "period": "Q2",
        "revenue": 86000000,
        "costOfRevenue": 63000000,
        "grossProfit": 23000000,
        "grossProfitRatio": 0.2674418605,
        "researchAndDevelopmentExpenses": 0,
        "generalAndAdministrativeExpenses": 0,
        "sellingAndMarketingExpenses": 0,
        "sellingGeneralAndAdministrativeExpenses": 12800000,
        "otherExpenses": 1900000,
        "operatingExpenses": 14700000,
        "costAndExpenses": 77700000,
        "interestIncome": 0,
        "interestExpense": 0,
        "depreciationAndAmortization": 1900000,
        "ebitda": 10200000,
        "ebitdaratio": 0.1186046512,
        "operatingIncome": 8300000,
        "operatingIncomeRatio": 0.0965116279,
        "totalOtherIncomeExpensesNet": 100000,
        "incomeBeforeTax": 8400000,
        "incomeBeforeTaxRatio": 0.0976744186,
        "incomeTaxExpense": 3200000,
        "netIncome": 5200000,
        "netIncomeRatio": 0.0604651163,
        "eps": 0.18,
        "epsdiluted": 0.18,
        "weightedAverageShsOut": 27238000,
        "weightedAverageShsOutDil": 28505000,
        "link": "https://www.sec.gov/Archives/edgar/data/61986/000006198694000029/0000061986-94-000029-index.html",
        "finalLink": "https://www.sec.gov/Archives/edgar/data/61986/"
    },
    {
        "date": "1994-04-02",
        "symbol": "MTW",
        "reportedCurrency": "USD",
        "cik": "0000061986",
        "fillingDate": "1994-05-11",
        "acceptedDate": "1994-05-11 00:00:00",
        "calendarYear": "1994",
        "period": "Q1",
        "revenue": 60600000,
        "costOfRevenue": 46200000,
        "grossProfit": 14400000,
        "grossProfitRatio": 0.2376237624,
        "researchAndDevelopmentExpenses": 0,
        "generalAndAdministrativeExpenses": 0,
        "sellingAndMarketingExpenses": 0,
        "sellingGeneralAndAdministrativeExpenses": 12200000,
        "otherExpenses": 0,
        "operatingExpenses": 12200000,
        "costAndExpenses": 58400000,
        "interestIncome": 0,
        "interestExpense": 0,
        "depreciationAndAmortization": 1600000,
        "ebitda": 3800000,
        "ebitdaratio": 0.0627062706,
        "operatingIncome": 2200000,
        "operatingIncomeRatio": 0.0363036304,
        "totalOtherIncomeExpensesNet": 400000,
        "incomeBeforeTax": 2600000,
        "incomeBeforeTaxRatio": 0.0429042904,
        "incomeTaxExpense": 1000000,
        "netIncome": 1600000,
        "netIncomeRatio": 0.0264026403,
        "eps": 0.0044,
        "epsdiluted": 0.0044,
        "weightedAverageShsOut": 28505000,
        "weightedAverageShsOutDil": 28505000,
        "link": "https://www.sec.gov/Archives/edgar/data/61986/000006198694000012/0000061986-94-000012-index.html",
        "finalLink": "https://www.sec.gov/Archives/edgar/data/61986/"
    },
    {
        "date": "1994-01-01",
        "symbol": "MTW",
        "reportedCurrency": "USD",
        "cik": "0000061986",
        "fillingDate": "1994-02-14",
        "acceptedDate": "1994-02-14 00:00:00",
        "calendarYear": "1993",
        "period": "Q4",
        "revenue": 67800000,
        "costOfRevenue": 52100000,
        "grossProfit": 15700000,
        "grossProfitRatio": 0.2315634218,
        "researchAndDevelopmentExpenses": 0,
        "generalAndAdministrativeExpenses": 0,
        "sellingAndMarketingExpenses": 0,
        "sellingGeneralAndAdministrativeExpenses": 11100000,
        "otherExpenses": 0,
        "operatingExpenses": 11100000,
        "costAndExpenses": 63200000,
        "interestIncome": 0,
        "interestExpense": 0,
        "depreciationAndAmortization": -400000,
        "ebitda": 4200000,
        "ebitdaratio": 0.0619469027,
        "operatingIncome": 4600000,
        "operatingIncomeRatio": 0.0678466077,
        "totalOtherIncomeExpensesNet": 400000,
        "incomeBeforeTax": 5000000,
        "incomeBeforeTaxRatio": 0.0737463127,
        "incomeTaxExpense": 1900000,
        "netIncome": 3100000,
        "netIncomeRatio": 0.0457227139,
        "eps": 0.0074,
        "epsdiluted": 0.0074,
        "weightedAverageShsOut": 29814000,
        "weightedAverageShsOutDil": 29814000,
        "link": "https://www.sec.gov/Archives/edgar/data/61986/000006198694000008/0000061986-94-000008-index.html",
        "finalLink": "https://www.sec.gov/Archives/edgar/data/61986/"
    },
    {
        "date": "1993-09-30",
        "symbol": "MTW",
        "reportedCurrency": "USD",
        "cik": "0000061986",
        "fillingDate": "1993-09-30",
        "acceptedDate": "1993-09-30 00:00:00",
        "calendarYear": "1993",
        "period": "Q3",
        "revenue": 61100000,
        "costOfRevenue": 55100000,
        "grossProfit": 6000000,
        "grossProfitRatio": 0.0981996727,
        "researchAndDevelopmentExpenses": 0,
        "generalAndAdministrativeExpenses": 0,
        "sellingAndMarketingExpenses": 0,
        "sellingGeneralAndAdministrativeExpenses": 0,
        "otherExpenses": 0,
        "operatingExpenses": 0,
        "costAndExpenses": 55100000,
        "interestIncome": 0,
        "interestExpense": 0,
        "depreciationAndAmortization": -500000,
        "ebitda": 5500000,
        "ebitdaratio": 0.0900163666,
        "operatingIncome": 6000000,
        "operatingIncomeRatio": 0.0981996727,
        "totalOtherIncomeExpensesNet": 500000,
        "incomeBeforeTax": 6500000,
        "incomeBeforeTaxRatio": 0.1063829787,
        "incomeTaxExpense": 2400000,
        "netIncome": 4100000,
        "netIncomeRatio": 0.0671031097,
        "eps": 0.0096,
        "epsdiluted": 0.0096,
        "weightedAverageShsOut": 30826000,
        "weightedAverageShsOutDil": 30826000,
        "link": null,
        "finalLink": null
    },
    {
        "date": "1993-06-30",
        "symbol": "MTW",
        "reportedCurrency": "USD",
        "cik": "0000061986",
        "fillingDate": "1993-06-30",
        "acceptedDate": "1993-06-30 00:00:00",
        "calendarYear": "1993",
        "period": "Q2",
        "revenue": 100600000,
        "costOfRevenue": 73800000,
        "grossProfit": 26800000,
        "grossProfitRatio": 0.2664015905,
        "researchAndDevelopmentExpenses": 0,
        "generalAndAdministrativeExpenses": 0,
        "sellingAndMarketingExpenses": 0,
        "sellingGeneralAndAdministrativeExpenses": 12100000,
        "otherExpenses": 1600000,
        "operatingExpenses": 13700000,
        "costAndExpenses": 87500000,
        "interestIncome": 0,
        "interestExpense": 500000,
        "depreciationAndAmortization": 1600000,
        "ebitda": 14700000,
        "ebitdaratio": 0.1461232604,
        "operatingIncome": 13100000,
        "operatingIncomeRatio": 0.1302186879,
        "totalOtherIncomeExpensesNet": -300000,
        "incomeBeforeTax": 12800000,
        "incomeBeforeTaxRatio": 0.1272365805,
        "incomeTaxExpense": 4700000,
        "netIncome": 8100000,
        "netIncomeRatio": 0.0805168986,
        "eps": 0.25,
        "epsdiluted": 0.25,
        "weightedAverageShsOut": 30826000,
        "weightedAverageShsOutDil": 32367000,
        "link": null,
        "finalLink": null
    },
    {
        "date": "1993-03-31",
        "symbol": "MTW",
        "reportedCurrency": "USD",
        "cik": "0000061986",
        "fillingDate": "1993-03-31",
        "acceptedDate": "1993-03-31 00:00:00",
        "calendarYear": "1993",
        "period": "Q1",
        "revenue": 62900000,
        "costOfRevenue": 56100000,
        "grossProfit": 6800000,
        "grossProfitRatio": 0.1081081081,
        "researchAndDevelopmentExpenses": 0,
        "generalAndAdministrativeExpenses": 0,
        "sellingAndMarketingExpenses": 0,
        "sellingGeneralAndAdministrativeExpenses": 14000000,
        "otherExpenses": 1500000,
        "operatingExpenses": 15500000,
        "costAndExpenses": 71600000,
        "interestIncome": 0,
        "interestExpense": 0,
        "depreciationAndAmortization": 1500000,
        "ebitda": -7200000,
        "ebitdaratio": -0.1144674086,
        "operatingIncome": -8700000,
        "operatingIncomeRatio": -0.1383147854,
        "totalOtherIncomeExpensesNet": 300000,
        "incomeBeforeTax": -8400000,
        "incomeBeforeTaxRatio": -0.13354531,
        "incomeTaxExpense": -3600000,
        "netIncome": -4800000,
        "netIncomeRatio": -0.0763116057,
        "eps": -0.15,
        "epsdiluted": -0.15,
        "weightedAverageShsOut": 32367000,
        "weightedAverageShsOutDil": 32367000,
        "link": null,
        "finalLink": null
    },
    {
        "date": "1992-12-31",
        "symbol": "MTW",
        "reportedCurrency": "USD",
        "cik": "0000061986",
        "fillingDate": "1992-12-31",
        "acceptedDate": "1992-12-31 00:00:00",
        "calendarYear": "1992",
        "period": "Q4",
        "revenue": 53300000,
        "costOfRevenue": 42800000,
        "grossProfit": 10500000,
        "grossProfitRatio": 0.1969981238,
        "researchAndDevelopmentExpenses": 0,
        "generalAndAdministrativeExpenses": 0,
        "sellingAndMarketingExpenses": 0,
        "sellingGeneralAndAdministrativeExpenses": 10500000,
        "otherExpenses": 1500000,
        "operatingExpenses": 12000000,
        "costAndExpenses": 54800000,
        "interestIncome": 0,
        "interestExpense": 0,
        "depreciationAndAmortization": 1500000,
        "ebitda": 0,
        "ebitdaratio": 0,
        "operatingIncome": -1500000,
        "operatingIncomeRatio": -0.0281425891,
        "totalOtherIncomeExpensesNet": 200000,
        "incomeBeforeTax": -1300000,
        "incomeBeforeTaxRatio": -0.0243902439,
        "incomeTaxExpense": -500000,
        "netIncome": -800000,
        "netIncomeRatio": -0.0150093809,
        "eps": -0.0245,
        "epsdiluted": -0.0245,
        "weightedAverageShsOut": 32615000,
        "weightedAverageShsOutDil": 32615000,
        "link": null,
        "finalLink": null
    },
    {
        "date": "1992-09-30",
        "symbol": "MTW",
        "reportedCurrency": "USD",
        "cik": "0000061986",
        "fillingDate": "1992-09-30",
        "acceptedDate": "1992-09-30 00:00:00",
        "calendarYear": "1992",
        "period": "Q3",
        "revenue": 61800000,
        "costOfRevenue": 44100000,
        "grossProfit": 17700000,
        "grossProfitRatio": 0.286407767,
        "researchAndDevelopmentExpenses": 0,
        "generalAndAdministrativeExpenses": 0,
        "sellingAndMarketingExpenses": 0,
        "sellingGeneralAndAdministrativeExpenses": 10300000,
        "otherExpenses": 1400000,
        "operatingExpenses": 11700000,
        "costAndExpenses": 55800000,
        "interestIncome": 0,
        "interestExpense": 0,
        "depreciationAndAmortization": 1400000,
        "ebitda": 7400000,
        "ebitdaratio": 0.1197411003,
        "operatingIncome": 6000000,
        "operatingIncomeRatio": 0.0970873786,
        "totalOtherIncomeExpensesNet": 200000,
        "incomeBeforeTax": 6200000,
        "incomeBeforeTaxRatio": 0.1003236246,
        "incomeTaxExpense": 2200000,
        "netIncome": 4000000,
        "netIncomeRatio": 0.0647249191,
        "eps": 0.0081,
        "epsdiluted": 0.0081,
        "weightedAverageShsOut": 33255000,
        "weightedAverageShsOutDil": 33255000,
        "link": null,
        "finalLink": null
    },
    {
        "date": "1992-06-30",
        "symbol": "MTW",
        "reportedCurrency": "USD",
        "cik": "0000061986",
        "fillingDate": "1992-06-30",
        "acceptedDate": "1992-06-30 00:00:00",
        "calendarYear": "1992",
        "period": "Q2",
        "revenue": 74400000,
        "costOfRevenue": 54800000,
        "grossProfit": 19600000,
        "grossProfitRatio": 0.2634408602,
        "researchAndDevelopmentExpenses": 0,
        "generalAndAdministrativeExpenses": 0,
        "sellingAndMarketingExpenses": 0,
        "sellingGeneralAndAdministrativeExpenses": 12000000,
        "otherExpenses": 2000000,
        "operatingExpenses": 14000000,
        "costAndExpenses": 68800000,
        "interestIncome": 0,
        "interestExpense": 200000,
        "depreciationAndAmortization": 2000000,
        "ebitda": 7600000,
        "ebitdaratio": 0.1021505376,
        "operatingIncome": 5600000,
        "operatingIncomeRatio": 0.0752688172,
        "totalOtherIncomeExpensesNet": 100000,
        "incomeBeforeTax": 5700000,
        "incomeBeforeTaxRatio": 0.0766129032,
        "incomeTaxExpense": 1200000,
        "netIncome": 4500000,
        "netIncomeRatio": 0.060483871,
        "eps": 0.13,
        "epsdiluted": 0.13,
        "weightedAverageShsOut": 34781000,
        "weightedAverageShsOutDil": 34781000,
        "link": null,
        "finalLink": null
    },
    {
        "date": "1992-03-31",
        "symbol": "MTW",
        "reportedCurrency": "USD",
        "cik": "0000061986",
        "fillingDate": "1992-03-31",
        "acceptedDate": "1992-03-31 00:00:00",
        "calendarYear": "1992",
        "period": "Q1",
        "revenue": 74500000,
        "costOfRevenue": 61100000,
        "grossProfit": 13400000,
        "grossProfitRatio": 0.1798657718,
        "researchAndDevelopmentExpenses": 0,
        "generalAndAdministrativeExpenses": 0,
        "sellingAndMarketingExpenses": 0,
        "sellingGeneralAndAdministrativeExpenses": 11600000,
        "otherExpenses": 1400000,
        "operatingExpenses": 13000000,
        "costAndExpenses": 74100000,
        "interestIncome": 0,
        "interestExpense": 0,
        "depreciationAndAmortization": 1500000,
        "ebitda": 1900000,
        "ebitdaratio": 0.0255033557,
        "operatingIncome": 400000,
        "operatingIncomeRatio": 0.0053691275,
        "totalOtherIncomeExpensesNet": 100000,
        "incomeBeforeTax": 500000,
        "incomeBeforeTaxRatio": 0.0067114094,
        "incomeTaxExpense": 200000,
        "netIncome": 300000,
        "netIncomeRatio": 0.0040268456,
        "eps": 0.0007,
        "epsdiluted": 0.0007,
        "weightedAverageShsOut": 34781000,
        "weightedAverageShsOutDil": 34781000,
        "link": null,
        "finalLink": null
    },
    {
        "date": "1991-12-31",
        "symbol": "MTW",
        "reportedCurrency": "USD",
        "cik": "0000061986",
        "fillingDate": "1991-12-31",
        "acceptedDate": "1991-12-31 00:00:00",
        "calendarYear": "1991",
        "period": "Q4",
        "revenue": 42500000,
        "costOfRevenue": 31900000,
        "grossProfit": 10600000,
        "grossProfitRatio": 0.2494117647,
        "researchAndDevelopmentExpenses": 0,
        "generalAndAdministrativeExpenses": 0,
        "sellingAndMarketingExpenses": 0,
        "sellingGeneralAndAdministrativeExpenses": 9700000,
        "otherExpenses": 1400000,
        "operatingExpenses": 11100000,
        "costAndExpenses": 43000000,
        "interestIncome": 0,
        "interestExpense": 0,
        "depreciationAndAmortization": 1400000,
        "ebitda": 900000,
        "ebitdaratio": 0.0211764706,
        "operatingIncome": -500000,
        "operatingIncomeRatio": -0.0117647059,
        "totalOtherIncomeExpensesNet": 500000,
        "incomeBeforeTax": -500000,
        "incomeBeforeTaxRatio": -0.0117647059,
        "incomeTaxExpense": -100000,
        "netIncome": 100000,
        "netIncomeRatio": 0.0023529412,
        "eps": 0.0007,
        "epsdiluted": 0.0007,
        "weightedAverageShsOut": 34781000,
        "weightedAverageShsOutDil": 34781000,
        "link": null,
        "finalLink": null
    },
    {
        "date": "1991-09-30",
        "symbol": "MTW",
        "reportedCurrency": "USD",
        "cik": "0000061986",
        "fillingDate": "1991-09-30",
        "acceptedDate": "1991-09-30 00:00:00",
        "calendarYear": "1991",
        "period": "Q3",
        "revenue": 55000000,
        "costOfRevenue": 37900000,
        "grossProfit": 17100000,
        "grossProfitRatio": 0.3109090909,
        "researchAndDevelopmentExpenses": 0,
        "generalAndAdministrativeExpenses": 0,
        "sellingAndMarketingExpenses": 0,
        "sellingGeneralAndAdministrativeExpenses": 10700000,
        "otherExpenses": 1400000,
        "operatingExpenses": 12100000,
        "costAndExpenses": 50000000,
        "interestIncome": 0,
        "interestExpense": 0,
        "depreciationAndAmortization": 1400000,
        "ebitda": 6400000,
        "ebitdaratio": 0.1163636364,
        "operatingIncome": 5000000,
        "operatingIncomeRatio": 0.0909090909,
        "totalOtherIncomeExpensesNet": 300000,
        "incomeBeforeTax": 5300000,
        "incomeBeforeTaxRatio": 0.0963636364,
        "incomeTaxExpense": 2000000,
        "netIncome": 3300000,
        "netIncomeRatio": 0.06,
        "eps": 0.0067,
        "epsdiluted": 0.0067,
        "weightedAverageShsOut": 34781000,
        "weightedAverageShsOutDil": 34781000,
        "link": null,
        "finalLink": null
    },
    {
        "date": "1991-06-30",
        "symbol": "MTW",
        "reportedCurrency": "USD",
        "cik": "0000061986",
        "fillingDate": "1991-06-30",
        "acceptedDate": "1991-06-30 00:00:00",
        "calendarYear": "1991",
        "period": "Q2",
        "revenue": 75200000,
        "costOfRevenue": 53700000,
        "grossProfit": 21500000,
        "grossProfitRatio": 0.2859042553,
        "researchAndDevelopmentExpenses": 0,
        "generalAndAdministrativeExpenses": 0,
        "sellingAndMarketingExpenses": 0,
        "sellingGeneralAndAdministrativeExpenses": 10300000,
        "otherExpenses": 1500000,
        "operatingExpenses": 11800000,
        "costAndExpenses": 65500000,
        "interestIncome": 0,
        "interestExpense": 0,
        "depreciationAndAmortization": 1500000,
        "ebitda": 11200000,
        "ebitdaratio": 0.1489361702,
        "operatingIncome": 9700000,
        "operatingIncomeRatio": 0.1289893617,
        "totalOtherIncomeExpensesNet": 500000,
        "incomeBeforeTax": 10200000,
        "incomeBeforeTaxRatio": 0.1356382979,
        "incomeTaxExpense": 2800000,
        "netIncome": 7400000,
        "netIncomeRatio": 0.0984042553,
        "eps": 0.21,
        "epsdiluted": 0.21,
        "weightedAverageShsOut": 34781000,
        "weightedAverageShsOutDil": 34781000,
        "link": null,
        "finalLink": null
    },
    {
        "date": "1991-03-31",
        "symbol": "MTW",
        "reportedCurrency": "USD",
        "cik": "0000061986",
        "fillingDate": "1991-03-31",
        "acceptedDate": "1991-03-31 00:00:00",
        "calendarYear": "1991",
        "period": "Q1",
        "revenue": 46400000,
        "costOfRevenue": 33900000,
        "grossProfit": 12500000,
        "grossProfitRatio": 0.2693965517,
        "researchAndDevelopmentExpenses": 0,
        "generalAndAdministrativeExpenses": 0,
        "sellingAndMarketingExpenses": 0,
        "sellingGeneralAndAdministrativeExpenses": 10200000,
        "otherExpenses": 1500000,
        "operatingExpenses": 11700000,
        "costAndExpenses": 45600000,
        "interestIncome": 0,
        "interestExpense": 0,
        "depreciationAndAmortization": 1500000,
        "ebitda": 2300000,
        "ebitdaratio": 0.0495689655,
        "operatingIncome": 800000,
        "operatingIncomeRatio": 0.0172413793,
        "totalOtherIncomeExpensesNet": 300000,
        "incomeBeforeTax": 1100000,
        "incomeBeforeTaxRatio": 0.0237068966,
        "incomeTaxExpense": -300000,
        "netIncome": 1400000,
        "netIncomeRatio": 0.0301724138,
        "eps": 0.003,
        "epsdiluted": 0.003,
        "weightedAverageShsOut": 34781000,
        "weightedAverageShsOutDil": 34781000,
        "link": null,
        "finalLink": null
    },
    {
        "date": "1990-12-31",
        "symbol": "MTW",
        "reportedCurrency": "USD",
        "cik": "0000061986",
        "fillingDate": "1990-12-31",
        "acceptedDate": "1990-12-31 00:00:00",
        "calendarYear": "1990",
        "period": "Q4",
        "revenue": 53100000,
        "costOfRevenue": 38700000,
        "grossProfit": 14400000,
        "grossProfitRatio": 0.2711864407,
        "researchAndDevelopmentExpenses": 0,
        "generalAndAdministrativeExpenses": 0,
        "sellingAndMarketingExpenses": 0,
        "sellingGeneralAndAdministrativeExpenses": 9800000,
        "otherExpenses": 1300000,
        "operatingExpenses": 11100000,
        "costAndExpenses": 49800000,
        "interestIncome": 0,
        "interestExpense": 0,
        "depreciationAndAmortization": 1300000,
        "ebitda": 4600000,
        "ebitdaratio": 0.0866290019,
        "operatingIncome": 3300000,
        "operatingIncomeRatio": 0.0621468927,
        "totalOtherIncomeExpensesNet": 600000,
        "incomeBeforeTax": 3900000,
        "incomeBeforeTaxRatio": 0.0734463277,
        "incomeTaxExpense": 1000000,
        "netIncome": 2900000,
        "netIncomeRatio": 0.054613936,
        "eps": 0.0067,
        "epsdiluted": 0.0067,
        "weightedAverageShsOut": 34784000,
        "weightedAverageShsOutDil": 34784000,
        "link": null,
        "finalLink": null
    },
    {
        "date": "1990-09-30",
        "symbol": "MTW",
        "reportedCurrency": "USD",
        "cik": "0000061986",
        "fillingDate": "1990-09-30",
        "acceptedDate": "1990-09-30 00:00:00",
        "calendarYear": "1990",
        "period": "Q3",
        "revenue": 61600000,
        "costOfRevenue": 46100000,
        "grossProfit": 15500000,
        "grossProfitRatio": 0.2516233766,
        "researchAndDevelopmentExpenses": 0,
        "generalAndAdministrativeExpenses": 0,
        "sellingAndMarketingExpenses": 0,
        "sellingGeneralAndAdministrativeExpenses": 9500000,
        "otherExpenses": 1400000,
        "operatingExpenses": 10900000,
        "costAndExpenses": 57000000,
        "interestIncome": 0,
        "interestExpense": 0,
        "depreciationAndAmortization": 1400000,
        "ebitda": 6000000,
        "ebitdaratio": 0.0974025974,
        "operatingIncome": 4600000,
        "operatingIncomeRatio": 0.0746753247,
        "totalOtherIncomeExpensesNet": 700000,
        "incomeBeforeTax": 5300000,
        "incomeBeforeTaxRatio": 0.086038961,
        "incomeTaxExpense": 1600000,
        "netIncome": 3700000,
        "netIncomeRatio": 0.0600649351,
        "eps": 0.0081,
        "epsdiluted": 0.0081,
        "weightedAverageShsOut": 34784000,
        "weightedAverageShsOutDil": 34784000,
        "link": null,
        "finalLink": null
    },
    {
        "date": "1990-06-30",
        "symbol": "MTW",
        "reportedCurrency": "USD",
        "cik": "0000061986",
        "fillingDate": "1990-06-30",
        "acceptedDate": "1990-06-30 00:00:00",
        "calendarYear": "1990",
        "period": "Q2",
        "revenue": 71800000,
        "costOfRevenue": 48700000,
        "grossProfit": 23100000,
        "grossProfitRatio": 0.3217270195,
        "researchAndDevelopmentExpenses": 0,
        "generalAndAdministrativeExpenses": 0,
        "sellingAndMarketingExpenses": 0,
        "sellingGeneralAndAdministrativeExpenses": 4500000,
        "otherExpenses": 1600000,
        "operatingExpenses": 6100000,
        "costAndExpenses": 54800000,
        "interestIncome": 0,
        "interestExpense": 12500000,
        "depreciationAndAmortization": 1600000,
        "ebitda": 18600000,
        "ebitdaratio": 0.2590529248,
        "operatingIncome": 17000000,
        "operatingIncomeRatio": 0.2367688022,
        "totalOtherIncomeExpensesNet": -6200000,
        "incomeBeforeTax": 10800000,
        "incomeBeforeTaxRatio": 0.1504178273,
        "incomeTaxExpense": 3000000,
        "netIncome": 7800000,
        "netIncomeRatio": 0.1086350975,
        "eps": 0.22,
        "epsdiluted": 0.22,
        "weightedAverageShsOut": 34781000,
        "weightedAverageShsOutDil": 34781000,
        "link": null,
        "finalLink": null
    },
    {
        "date": "1990-03-31",
        "symbol": "MTW",
        "reportedCurrency": "USD",
        "cik": "0000061986",
        "fillingDate": "1990-03-31",
        "acceptedDate": "1990-03-31 00:00:00",
        "calendarYear": "1990",
        "period": "Q1",
        "revenue": 49500000,
        "costOfRevenue": 34000000,
        "grossProfit": 15500000,
        "grossProfitRatio": 0.3131313131,
        "researchAndDevelopmentExpenses": 0,
        "generalAndAdministrativeExpenses": 0,
        "sellingAndMarketingExpenses": 0,
        "sellingGeneralAndAdministrativeExpenses": 8700000,
        "otherExpenses": 1200000,
        "operatingExpenses": 9900000,
        "costAndExpenses": 43900000,
        "interestIncome": 0,
        "interestExpense": 0,
        "depreciationAndAmortization": 1200000,
        "ebitda": 6800000,
        "ebitdaratio": 0.1373737374,
        "operatingIncome": 5600000,
        "operatingIncomeRatio": 0.1131313131,
        "totalOtherIncomeExpensesNet": 1000000,
        "incomeBeforeTax": 6600000,
        "incomeBeforeTaxRatio": 0.1333333333,
        "incomeTaxExpense": 2200000,
        "netIncome": 4400000,
        "netIncomeRatio": 0.0888888889,
        "eps": 0.0096,
        "epsdiluted": 0.0096,
        "weightedAverageShsOut": 34781000,
        "weightedAverageShsOutDil": 34781000,
        "link": null,
        "finalLink": null
    },
    {
        "date": "1989-12-31",
        "symbol": "MTW",
        "reportedCurrency": "USD",
        "cik": "0000061986",
        "fillingDate": "1989-12-31",
        "acceptedDate": "1989-12-31 00:00:00",
        "calendarYear": "1989",
        "period": "Q4",
        "revenue": 46500000,
        "costOfRevenue": 37400000,
        "grossProfit": 9100000,
        "grossProfitRatio": 0.1956989247,
        "researchAndDevelopmentExpenses": 0,
        "generalAndAdministrativeExpenses": 0,
        "sellingAndMarketingExpenses": 0,
        "sellingGeneralAndAdministrativeExpenses": 8100000,
        "otherExpenses": 1200000,
        "operatingExpenses": 9300000,
        "costAndExpenses": 46700000,
        "interestIncome": 0,
        "interestExpense": 0,
        "depreciationAndAmortization": 1200000,
        "ebitda": 1000000,
        "ebitdaratio": 0.0215053763,
        "operatingIncome": -200000,
        "operatingIncomeRatio": -0.0043010753,
        "totalOtherIncomeExpensesNet": 9200000,
        "incomeBeforeTax": 9000000,
        "incomeBeforeTaxRatio": 0.1935483871,
        "incomeTaxExpense": 2900000,
        "netIncome": 6100000,
        "netIncomeRatio": 0.1311827957,
        "eps": 0.0126,
        "epsdiluted": 0.0126,
        "weightedAverageShsOut": 34781000,
        "weightedAverageShsOutDil": 34781000,
        "link": null,
        "finalLink": null
    },
    {
        "date": "1989-09-30",
        "symbol": "MTW",
        "reportedCurrency": "USD",
        "cik": "0000061986",
        "fillingDate": "1989-09-30",
        "acceptedDate": "1989-09-30 00:00:00",
        "calendarYear": "1989",
        "period": "Q3",
        "revenue": 58100000,
        "costOfRevenue": 46300000,
        "grossProfit": 11800000,
        "grossProfitRatio": 0.2030981067,
        "researchAndDevelopmentExpenses": 0,
        "generalAndAdministrativeExpenses": 0,
        "sellingAndMarketingExpenses": 0,
        "sellingGeneralAndAdministrativeExpenses": 7800000,
        "otherExpenses": 1100000,
        "operatingExpenses": 8900000,
        "costAndExpenses": 55200000,
        "interestIncome": 0,
        "interestExpense": 0,
        "depreciationAndAmortization": 1100000,
        "ebitda": 4000000,
        "ebitdaratio": 0.0688468158,
        "operatingIncome": 2900000,
        "operatingIncomeRatio": 0.0499139415,
        "totalOtherIncomeExpensesNet": 1000000,
        "incomeBeforeTax": 3900000,
        "incomeBeforeTaxRatio": 0.0671256454,
        "incomeTaxExpense": 1100000,
        "netIncome": 2800000,
        "netIncomeRatio": 0.0481927711,
        "eps": 0.0059,
        "epsdiluted": 0.0059,
        "weightedAverageShsOut": 34781000,
        "weightedAverageShsOutDil": 34781000,
        "link": null,
        "finalLink": null
    },
    {
        "date": "1989-06-30",
        "symbol": "MTW",
        "reportedCurrency": "USD",
        "cik": "0000061986",
        "fillingDate": "1989-06-30",
        "acceptedDate": "1989-06-30 00:00:00",
        "calendarYear": "1989",
        "period": "Q2",
        "revenue": 68300000,
        "costOfRevenue": 0,
        "grossProfit": 68300000,
        "grossProfitRatio": 1,
        "researchAndDevelopmentExpenses": 0,
        "generalAndAdministrativeExpenses": 0,
        "sellingAndMarketingExpenses": 0,
        "sellingGeneralAndAdministrativeExpenses": 0,
        "otherExpenses": -180800000,
        "operatingExpenses": -180800000,
        "costAndExpenses": -180800000,
        "interestIncome": 0,
        "interestExpense": 0,
        "depreciationAndAmortization": 0,
        "ebitda": -112500000,
        "ebitdaratio": -1.6471449488,
        "operatingIncome": -112500000,
        "operatingIncomeRatio": -1.6471449488,
        "totalOtherIncomeExpensesNet": 112500000,
        "incomeBeforeTax": 0,
        "incomeBeforeTaxRatio": 0,
        "incomeTaxExpense": 0,
        "netIncome": 6500000,
        "netIncomeRatio": 0.0951683748,
        "eps": 0.1868836434,
        "epsdiluted": 0.1866260875,
        "weightedAverageShsOut": 34781000,
        "weightedAverageShsOutDil": 34829000,
        "link": null,
        "finalLink": null
    },
    {
        "date": "1989-03-31",
        "symbol": "MTW",
        "reportedCurrency": "USD",
        "cik": "0000061986",
        "fillingDate": "1989-03-31",
        "acceptedDate": "1989-03-31 00:00:00",
        "calendarYear": "1989",
        "period": "Q1",
        "revenue": 48500000,
        "costOfRevenue": 0,
        "grossProfit": 48500000,
        "grossProfitRatio": 1,
        "researchAndDevelopmentExpenses": 0,
        "generalAndAdministrativeExpenses": 0,
        "sellingAndMarketingExpenses": 0,
        "sellingGeneralAndAdministrativeExpenses": 0,
        "otherExpenses": 0,
        "operatingExpenses": 0,
        "costAndExpenses": 0,
        "interestIncome": 0,
        "interestExpense": 0,
        "depreciationAndAmortization": 0,
        "ebitda": 48500000,
        "ebitdaratio": 1,
        "operatingIncome": 48500000,
        "operatingIncomeRatio": 1,
        "totalOtherIncomeExpensesNet": -48500000,
        "incomeBeforeTax": 0,
        "incomeBeforeTaxRatio": 0,
        "incomeTaxExpense": 0,
        "netIncome": 3100000,
        "netIncomeRatio": 0.0639175258,
        "eps": 0.0067,
        "epsdiluted": 0.0067,
        "weightedAverageShsOut": 34829000,
        "weightedAverageShsOutDil": 34829000,
        "link": null,
        "finalLink": null
    },
    {
        "date": "1988-12-31",
        "symbol": "MTW",
        "reportedCurrency": "USD",
        "cik": "0000061986",
        "fillingDate": "1988-12-31",
        "acceptedDate": "1988-12-31 00:00:00",
        "calendarYear": "1988",
        "period": "Q4",
        "revenue": 43100000,
        "costOfRevenue": 0,
        "grossProfit": 43100000,
        "grossProfitRatio": 1,
        "researchAndDevelopmentExpenses": 0,
        "generalAndAdministrativeExpenses": 0,
        "sellingAndMarketingExpenses": 0,
        "sellingGeneralAndAdministrativeExpenses": 0,
        "otherExpenses": 0,
        "operatingExpenses": 0,
        "costAndExpenses": 0,
        "interestIncome": 0,
        "interestExpense": 0,
        "depreciationAndAmortization": 0,
        "ebitda": 43100000,
        "ebitdaratio": 1,
        "operatingIncome": 43100000,
        "operatingIncomeRatio": 1,
        "totalOtherIncomeExpensesNet": -43100000,
        "incomeBeforeTax": 0,
        "incomeBeforeTaxRatio": 0,
        "incomeTaxExpense": 0,
        "netIncome": 3600000,
        "netIncomeRatio": 0.0835266821,
        "eps": 0.0074,
        "epsdiluted": 0.0074,
        "weightedAverageShsOut": 34844000,
        "weightedAverageShsOutDil": 34844000,
        "link": null,
        "finalLink": null
    },
    {
        "date": "1988-09-30",
        "symbol": "MTW",
        "reportedCurrency": "USD",
        "cik": "0000061986",
        "fillingDate": "1988-09-30",
        "acceptedDate": "1988-09-30 00:00:00",
        "calendarYear": "1988",
        "period": "Q3",
        "revenue": 40600000,
        "costOfRevenue": 0,
        "grossProfit": 40600000,
        "grossProfitRatio": 1,
        "researchAndDevelopmentExpenses": 0,
        "generalAndAdministrativeExpenses": 0,
        "sellingAndMarketingExpenses": 0,
        "sellingGeneralAndAdministrativeExpenses": 0,
        "otherExpenses": 0,
        "operatingExpenses": 0,
        "costAndExpenses": 0,
        "interestIncome": 0,
        "interestExpense": 0,
        "depreciationAndAmortization": 0,
        "ebitda": 40600000,
        "ebitdaratio": 1,
        "operatingIncome": 40600000,
        "operatingIncomeRatio": 1,
        "totalOtherIncomeExpensesNet": -40600000,
        "incomeBeforeTax": 0,
        "incomeBeforeTaxRatio": 0,
        "incomeTaxExpense": 0,
        "netIncome": 3700000,
        "netIncomeRatio": 0.0911330049,
        "eps": 0.0081,
        "epsdiluted": 0.0081,
        "weightedAverageShsOut": 34879000,
        "weightedAverageShsOutDil": 34879000,
        "link": null,
        "finalLink": null
    },
    {
        "date": "1988-06-30",
        "symbol": "MTW",
        "reportedCurrency": "USD",
        "cik": "0000061986",
        "fillingDate": "1988-06-30",
        "acceptedDate": "1988-06-30 00:00:00",
        "calendarYear": "1988",
        "period": "Q2",
        "revenue": 49600000,
        "costOfRevenue": 0,
        "grossProfit": 49600000,
        "grossProfitRatio": 1,
        "researchAndDevelopmentExpenses": 0,
        "generalAndAdministrativeExpenses": 0,
        "sellingAndMarketingExpenses": 0,
        "sellingGeneralAndAdministrativeExpenses": 0,
        "otherExpenses": -165600000,
        "operatingExpenses": -165600000,
        "costAndExpenses": -165600000,
        "interestIncome": 0,
        "interestExpense": 0,
        "depreciationAndAmortization": 0,
        "ebitda": -116000000,
        "ebitdaratio": -2.3387096774,
        "operatingIncome": -116000000,
        "operatingIncomeRatio": -2.3387096774,
        "totalOtherIncomeExpensesNet": 116000000,
        "incomeBeforeTax": 0,
        "incomeBeforeTaxRatio": 0,
        "incomeTaxExpense": 0,
        "netIncome": -6000000,
        "netIncomeRatio": -0.1209677419,
        "eps": -0.1721960739,
        "epsdiluted": -0.1659337924,
        "weightedAverageShsOut": 34844000,
        "weightedAverageShsOutDil": 36159000,
        "link": null,
        "finalLink": null
    },
    {
        "date": "1988-03-31",
        "symbol": "MTW",
        "reportedCurrency": "USD",
        "cik": "0000061986",
        "fillingDate": "1988-03-31",
        "acceptedDate": "1988-03-31 00:00:00",
        "calendarYear": "1988",
        "period": "Q1",
        "revenue": 41800000,
        "costOfRevenue": 0,
        "grossProfit": 41800000,
        "grossProfitRatio": 1,
        "researchAndDevelopmentExpenses": 0,
        "generalAndAdministrativeExpenses": 0,
        "sellingAndMarketingExpenses": 0,
        "sellingGeneralAndAdministrativeExpenses": 0,
        "otherExpenses": 0,
        "operatingExpenses": 0,
        "costAndExpenses": 0,
        "interestIncome": 0,
        "interestExpense": 0,
        "depreciationAndAmortization": 0,
        "ebitda": 41800000,
        "ebitdaratio": 1,
        "operatingIncome": 41800000,
        "operatingIncomeRatio": 1,
        "totalOtherIncomeExpensesNet": -41800000,
        "incomeBeforeTax": 0,
        "incomeBeforeTaxRatio": 0,
        "incomeTaxExpense": 0,
        "netIncome": 2000000,
        "netIncomeRatio": 0.04784689,
        "eps": 0.0044,
        "epsdiluted": 0.0044,
        "weightedAverageShsOut": 36159000,
        "weightedAverageShsOutDil": 36159000,
        "link": null,
        "finalLink": null
    },
    {
        "date": "1987-12-31",
        "symbol": "MTW",
        "reportedCurrency": "USD",
        "cik": "0000061986",
        "fillingDate": "1987-12-31",
        "acceptedDate": "1987-12-31 00:00:00",
        "calendarYear": "1987",
        "period": "Q4",
        "revenue": 36700000,
        "costOfRevenue": 0,
        "grossProfit": 36700000,
        "grossProfitRatio": 1,
        "researchAndDevelopmentExpenses": 0,
        "generalAndAdministrativeExpenses": 0,
        "sellingAndMarketingExpenses": 0,
        "sellingGeneralAndAdministrativeExpenses": 0,
        "otherExpenses": 0,
        "operatingExpenses": 0,
        "costAndExpenses": 0,
        "interestIncome": 0,
        "interestExpense": 0,
        "depreciationAndAmortization": 0,
        "ebitda": 36700000,
        "ebitdaratio": 1,
        "operatingIncome": 36700000,
        "operatingIncomeRatio": 1,
        "totalOtherIncomeExpensesNet": -36700000,
        "incomeBeforeTax": 0,
        "incomeBeforeTaxRatio": 0,
        "incomeTaxExpense": 0,
        "netIncome": 2200000,
        "netIncomeRatio": 0.0599455041,
        "eps": 0.0044,
        "epsdiluted": 0.0044,
        "weightedAverageShsOut": 36627000,
        "weightedAverageShsOutDil": 36627000,
        "link": null,
        "finalLink": null
    },
    {
        "date": "1987-09-30",
        "symbol": "MTW",
        "reportedCurrency": "USD",
        "cik": "0000061986",
        "fillingDate": "1987-09-30",
        "acceptedDate": "1987-09-30 00:00:00",
        "calendarYear": "1987",
        "period": "Q3",
        "revenue": 44100000,
        "costOfRevenue": 0,
        "grossProfit": 44100000,
        "grossProfitRatio": 1,
        "researchAndDevelopmentExpenses": 0,
        "generalAndAdministrativeExpenses": 0,
        "sellingAndMarketingExpenses": 0,
        "sellingGeneralAndAdministrativeExpenses": 0,
        "otherExpenses": 0,
        "operatingExpenses": 0,
        "costAndExpenses": 0,
        "interestIncome": 0,
        "interestExpense": 0,
        "depreciationAndAmortization": 0,
        "ebitda": 44100000,
        "ebitdaratio": 1,
        "operatingIncome": 44100000,
        "operatingIncomeRatio": 1,
        "totalOtherIncomeExpensesNet": -44100000,
        "incomeBeforeTax": 0,
        "incomeBeforeTaxRatio": 0,
        "incomeTaxExpense": 0,
        "netIncome": 1900000,
        "netIncomeRatio": 0.0430839002,
        "eps": 0.0037,
        "epsdiluted": 0.0037,
        "weightedAverageShsOut": 36627000,
        "weightedAverageShsOutDil": 36627000,
        "link": null,
        "finalLink": null
    },
    {
        "date": "1987-06-30",
        "symbol": "MTW",
        "reportedCurrency": "USD",
        "cik": "0000061986",
        "fillingDate": "1987-06-30",
        "acceptedDate": "1987-06-30 00:00:00",
        "calendarYear": "1987",
        "period": "Q2",
        "revenue": 65600000,
        "costOfRevenue": 0,
        "grossProfit": 65600000,
        "grossProfitRatio": 1,
        "researchAndDevelopmentExpenses": 0,
        "generalAndAdministrativeExpenses": 0,
        "sellingAndMarketingExpenses": 0,
        "sellingGeneralAndAdministrativeExpenses": 0,
        "otherExpenses": -220100000,
        "operatingExpenses": -220100000,
        "costAndExpenses": -220100000,
        "interestIncome": 0,
        "interestExpense": 0,
        "depreciationAndAmortization": 0,
        "ebitda": -154500000,
        "ebitdaratio": -2.3551829268,
        "operatingIncome": -154500000,
        "operatingIncomeRatio": -2.3551829268,
        "totalOtherIncomeExpensesNet": 154500000,
        "incomeBeforeTax": 0,
        "incomeBeforeTaxRatio": 0,
        "incomeTaxExpense": 0,
        "netIncome": 7300000,
        "netIncomeRatio": 0.1112804878,
        "eps": 0.1993065225,
        "epsdiluted": 0.1992684392,
        "weightedAverageShsOut": 36627000,
        "weightedAverageShsOutDil": 36634000,
        "link": null,
        "finalLink": null
    },
    {
        "date": "1987-03-31",
        "symbol": "MTW",
        "reportedCurrency": "USD",
        "cik": "0000061986",
        "fillingDate": "1987-03-31",
        "acceptedDate": "1987-03-31 00:00:00",
        "calendarYear": "1987",
        "period": "Q1",
        "revenue": 46800000,
        "costOfRevenue": 0,
        "grossProfit": 46800000,
        "grossProfitRatio": 1,
        "researchAndDevelopmentExpenses": 0,
        "generalAndAdministrativeExpenses": 0,
        "sellingAndMarketingExpenses": 0,
        "sellingGeneralAndAdministrativeExpenses": 0,
        "otherExpenses": 0,
        "operatingExpenses": 0,
        "costAndExpenses": 0,
        "interestIncome": 0,
        "interestExpense": 0,
        "depreciationAndAmortization": 0,
        "ebitda": 46800000,
        "ebitdaratio": 1,
        "operatingIncome": 46800000,
        "operatingIncomeRatio": 1,
        "totalOtherIncomeExpensesNet": -46800000,
        "incomeBeforeTax": 0,
        "incomeBeforeTaxRatio": 0,
        "incomeTaxExpense": 0,
        "netIncome": 2600000,
        "netIncomeRatio": 0.0555555556,
        "eps": 0.0052,
        "epsdiluted": 0.0052,
        "weightedAverageShsOut": 36634000,
        "weightedAverageShsOutDil": 36634000,
        "link": null,
        "finalLink": null
    },
    {
        "date": "1986-12-31",
        "symbol": "MTW",
        "reportedCurrency": "USD",
        "cik": "0000061986",
        "fillingDate": "1986-12-31",
        "acceptedDate": "1986-12-31 00:00:00",
        "calendarYear": "1986",
        "period": "Q4",
        "revenue": 46800000,
        "costOfRevenue": 0,
        "grossProfit": 46800000,
        "grossProfitRatio": 1,
        "researchAndDevelopmentExpenses": 0,
        "generalAndAdministrativeExpenses": 0,
        "sellingAndMarketingExpenses": 0,
        "sellingGeneralAndAdministrativeExpenses": 0,
        "otherExpenses": 0,
        "operatingExpenses": 0,
        "costAndExpenses": 0,
        "interestIncome": 0,
        "interestExpense": 0,
        "depreciationAndAmortization": 0,
        "ebitda": 46800000,
        "ebitdaratio": 1,
        "operatingIncome": 46800000,
        "operatingIncomeRatio": 1,
        "totalOtherIncomeExpensesNet": -46800000,
        "incomeBeforeTax": 0,
        "incomeBeforeTaxRatio": 0,
        "incomeTaxExpense": 0,
        "netIncome": -2800000,
        "netIncomeRatio": -0.0598290598,
        "eps": -0.0052,
        "epsdiluted": -0.0052,
        "weightedAverageShsOut": 36634000,
        "weightedAverageShsOutDil": 36634000,
        "link": null,
        "finalLink": null
    },
    {
        "date": "1986-09-30",
        "symbol": "MTW",
        "reportedCurrency": "USD",
        "cik": "0000061986",
        "fillingDate": "1986-09-30",
        "acceptedDate": "1986-09-30 00:00:00",
        "calendarYear": "1986",
        "period": "Q3",
        "revenue": 63900000,
        "costOfRevenue": 0,
        "grossProfit": 63900000,
        "grossProfitRatio": 1,
        "researchAndDevelopmentExpenses": 0,
        "generalAndAdministrativeExpenses": 0,
        "sellingAndMarketingExpenses": 0,
        "sellingGeneralAndAdministrativeExpenses": 0,
        "otherExpenses": 0,
        "operatingExpenses": 0,
        "costAndExpenses": 0,
        "interestIncome": 0,
        "interestExpense": 0,
        "depreciationAndAmortization": 0,
        "ebitda": 63900000,
        "ebitdaratio": 1,
        "operatingIncome": 63900000,
        "operatingIncomeRatio": 1,
        "totalOtherIncomeExpensesNet": -63900000,
        "incomeBeforeTax": 0,
        "incomeBeforeTaxRatio": 0,
        "incomeTaxExpense": 0,
        "netIncome": 4700000,
        "netIncomeRatio": 0.0735524257,
        "eps": 0.0096,
        "epsdiluted": 0.0096,
        "weightedAverageShsOut": 36639000,
        "weightedAverageShsOutDil": 36639000,
        "link": null,
        "finalLink": null
    },
    {
        "date": "1986-06-30",
        "symbol": "MTW",
        "reportedCurrency": "USD",
        "cik": "0000061986",
        "fillingDate": "1986-06-30",
        "acceptedDate": "1986-06-30 00:00:00",
        "calendarYear": "1986",
        "period": "Q2",
        "revenue": 92700000,
        "costOfRevenue": 0,
        "grossProfit": 92700000,
        "grossProfitRatio": 1,
        "researchAndDevelopmentExpenses": 0,
        "generalAndAdministrativeExpenses": 0,
        "sellingAndMarketingExpenses": 0,
        "sellingGeneralAndAdministrativeExpenses": 0,
        "otherExpenses": -222800000,
        "operatingExpenses": -222800000,
        "costAndExpenses": -222800000,
        "interestIncome": 0,
        "interestExpense": 0,
        "depreciationAndAmortization": 0,
        "ebitda": -130100000,
        "ebitdaratio": -1.4034519957,
        "operatingIncome": -130100000,
        "operatingIncomeRatio": -1.4034519957,
        "totalOtherIncomeExpensesNet": 130100000,
        "incomeBeforeTax": 0,
        "incomeBeforeTaxRatio": 0,
        "incomeTaxExpense": 0,
        "netIncome": -19500000,
        "netIncomeRatio": -0.2103559871,
        "eps": -0.532292406,
        "epsdiluted": -0.532292406,
        "weightedAverageShsOut": 36634000,
        "weightedAverageShsOutDil": 36634000,
        "link": null,
        "finalLink": null
    },
    {
        "date": "1986-03-31",
        "symbol": "MTW",
        "reportedCurrency": "USD",
        "cik": "0000061986",
        "fillingDate": "1986-03-31",
        "acceptedDate": "1986-03-31 00:00:00",
        "calendarYear": "1986",
        "period": "Q1",
        "revenue": 43600000,
        "costOfRevenue": 0,
        "grossProfit": 43600000,
        "grossProfitRatio": 1,
        "researchAndDevelopmentExpenses": 0,
        "generalAndAdministrativeExpenses": 0,
        "sellingAndMarketingExpenses": 0,
        "sellingGeneralAndAdministrativeExpenses": 0,
        "otherExpenses": 0,
        "operatingExpenses": 0,
        "costAndExpenses": 0,
        "interestIncome": 0,
        "interestExpense": 0,
        "depreciationAndAmortization": 0,
        "ebitda": 43600000,
        "ebitdaratio": 1,
        "operatingIncome": 43600000,
        "operatingIncomeRatio": 1,
        "totalOtherIncomeExpensesNet": -43600000,
        "incomeBeforeTax": 0,
        "incomeBeforeTaxRatio": 0,
        "incomeTaxExpense": 0,
        "netIncome": 1600000,
        "netIncomeRatio": 0.0366972477,
        "eps": 0.0037,
        "epsdiluted": 0.0037,
        "weightedAverageShsOut": 36634000,
        "weightedAverageShsOutDil": 36634000,
        "link": null,
        "finalLink": null
    },
    {
        "date": "1985-12-31",
        "symbol": "MTW",
        "reportedCurrency": "USD",
        "cik": "0000061986",
        "fillingDate": "1985-12-31",
        "acceptedDate": "1985-12-31 00:00:00",
        "calendarYear": "1985",
        "period": "Q4",
        "revenue": 51200000,
        "costOfRevenue": 0,
        "grossProfit": 51200000,
        "grossProfitRatio": 1,
        "researchAndDevelopmentExpenses": 0,
        "generalAndAdministrativeExpenses": 0,
        "sellingAndMarketingExpenses": 0,
        "sellingGeneralAndAdministrativeExpenses": 0,
        "otherExpenses": 0,
        "operatingExpenses": 0,
        "costAndExpenses": 0,
        "interestIncome": 0,
        "interestExpense": 0,
        "depreciationAndAmortization": 0,
        "ebitda": 51200000,
        "ebitdaratio": 1,
        "operatingIncome": 51200000,
        "operatingIncomeRatio": 1,
        "totalOtherIncomeExpensesNet": -51200000,
        "incomeBeforeTax": 0,
        "incomeBeforeTaxRatio": 0,
        "incomeTaxExpense": 0,
        "netIncome": 500000,
        "netIncomeRatio": 0.009765625,
        "eps": 0.0007,
        "epsdiluted": 0.0007,
        "weightedAverageShsOut": 36600000,
        "weightedAverageShsOutDil": 36600000,
        "link": null,
        "finalLink": null
    },
    {
        "date": "1985-09-30",
        "symbol": "MTW",
        "reportedCurrency": "USD",
        "cik": "0000061986",
        "fillingDate": "1985-09-30",
        "acceptedDate": "1985-09-30 00:00:00",
        "calendarYear": "1985",
        "period": "Q3",
        "revenue": 34700000,
        "costOfRevenue": 0,
        "grossProfit": 34700000,
        "grossProfitRatio": 1,
        "researchAndDevelopmentExpenses": 0,
        "generalAndAdministrativeExpenses": 0,
        "sellingAndMarketingExpenses": 0,
        "sellingGeneralAndAdministrativeExpenses": 0,
        "otherExpenses": 0,
        "operatingExpenses": 0,
        "costAndExpenses": 0,
        "interestIncome": 0,
        "interestExpense": 0,
        "depreciationAndAmortization": 0,
        "ebitda": 34700000,
        "ebitdaratio": 1,
        "operatingIncome": 34700000,
        "operatingIncomeRatio": 1,
        "totalOtherIncomeExpensesNet": -34700000,
        "incomeBeforeTax": 0,
        "incomeBeforeTaxRatio": 0,
        "incomeTaxExpense": 0,
        "netIncome": 3500000,
        "netIncomeRatio": 0.1008645533,
        "eps": 0.0067,
        "epsdiluted": 0.0067,
        "weightedAverageShsOut": 36613000,
        "weightedAverageShsOutDil": 36613000,
        "link": null,
        "finalLink": null
    }
]