[
    {
        "date": "2021-06-26",
        "symbol": "MXIM",
        "reportedCurrency": "USD",
        "cik": "0000743316",
        "fillingDate": "2021-08-20",
        "acceptedDate": "2021-08-20 17:16:36",
        "calendarYear": "2021",
        "period": "Q4",
        "revenue": 719855000,
        "costOfRevenue": 235830000,
        "grossProfit": 484025000,
        "grossProfitRatio": 0.6723923568,
        "researchAndDevelopmentExpenses": 114834000,
        "generalAndAdministrativeExpenses": 0,
        "sellingAndMarketingExpenses": 0,
        "sellingGeneralAndAdministrativeExpenses": 81071000,
        "otherExpenses": 3644000,
        "operatingExpenses": 199549000,
        "costAndExpenses": 435379000,
        "interestIncome": 0,
        "interestExpense": 0,
        "depreciationAndAmortization": 23564000,
        "ebitda": 301178000,
        "ebitdaratio": 0.4183870363,
        "operatingIncome": 284476000,
        "operatingIncomeRatio": 0.3951851415,
        "totalOtherIncomeExpensesNet": -6862000,
        "incomeBeforeTax": 277614000,
        "incomeBeforeTaxRatio": 0.3856526662,
        "incomeTaxExpense": 23875000,
        "netIncome": 253739000,
        "netIncomeRatio": 0.3524862646,
        "eps": 0.95,
        "epsdiluted": 0.95,
        "weightedAverageShsOut": 267892000,
        "weightedAverageShsOutDil": 267892000,
        "link": "https://www.sec.gov/Archives/edgar/data/743316/000074331621000025/0000743316-21-000025-index.htm",
        "finalLink": "https://www.sec.gov/Archives/edgar/data/743316/000074331621000025/mxim-20210626.htm"
    },
    {
        "date": "2021-03-27",
        "symbol": "MXIM",
        "reportedCurrency": "USD",
        "cik": "0000743316",
        "fillingDate": "2021-04-28",
        "acceptedDate": "2021-04-28 16:07:22",
        "calendarYear": "2021",
        "period": "Q3",
        "revenue": 665029000,
        "costOfRevenue": 222144000,
        "grossProfit": 442885000,
        "grossProfitRatio": 0.6659634392,
        "researchAndDevelopmentExpenses": 109228000,
        "generalAndAdministrativeExpenses": 0,
        "sellingAndMarketingExpenses": 0,
        "sellingGeneralAndAdministrativeExpenses": 76544000,
        "otherExpenses": 9694000,
        "operatingExpenses": 195466000,
        "costAndExpenses": 417610000,
        "interestIncome": 0,
        "interestExpense": 0,
        "depreciationAndAmortization": 24552000,
        "ebitda": 271814000,
        "ebitdaratio": 0.408725033,
        "operatingIncome": 247264000,
        "operatingIncomeRatio": 0.3718093497,
        "totalOtherIncomeExpensesNet": -2000,
        "incomeBeforeTax": 247262000,
        "incomeBeforeTaxRatio": 0.3718063423,
        "incomeTaxExpense": 27199000,
        "netIncome": 220063000,
        "netIncomeRatio": 0.330907374,
        "eps": 0.82,
        "epsdiluted": 0.81,
        "weightedAverageShsOut": 267892000,
        "weightedAverageShsOutDil": 271396000,
        "link": "https://www.sec.gov/Archives/edgar/data/743316/000074331621000016/0000743316-21-000016-index.htm",
        "finalLink": "https://www.sec.gov/Archives/edgar/data/743316/000074331621000016/mxim-20210327.htm"
    },
    {
        "date": "2020-12-26",
        "symbol": "MXIM",
        "reportedCurrency": "USD",
        "cik": "0000743316",
        "fillingDate": "2021-01-27",
        "acceptedDate": "2021-01-27 16:05:53",
        "calendarYear": "2021",
        "period": "Q2",
        "revenue": 628288000,
        "costOfRevenue": 211866000,
        "grossProfit": 416422000,
        "grossProfitRatio": 0.6627884028,
        "researchAndDevelopmentExpenses": 114802000,
        "generalAndAdministrativeExpenses": 80153000,
        "sellingAndMarketingExpenses": 7802000,
        "sellingGeneralAndAdministrativeExpenses": 87955000,
        "otherExpenses": 0,
        "operatingExpenses": 202757000,
        "costAndExpenses": 414623000,
        "interestIncome": 0,
        "interestExpense": 0,
        "depreciationAndAmortization": 24141000,
        "ebitda": 234604000,
        "ebitdaratio": 0.3734020067,
        "operatingIncome": 3532000,
        "operatingIncomeRatio": 0.0056216258,
        "totalOtherIncomeExpensesNet": 206931000,
        "incomeBeforeTax": 210463000,
        "incomeBeforeTaxRatio": 0.3349785449,
        "incomeTaxExpense": 26518000,
        "netIncome": 183945000,
        "netIncomeRatio": 0.2927717862,
        "eps": 0.69,
        "epsdiluted": 0.68,
        "weightedAverageShsOut": 266831000,
        "weightedAverageShsOutDil": 269529000,
        "link": "https://www.sec.gov/Archives/edgar/data/743316/000074331621000010/0000743316-21-000010-index.htm",
        "finalLink": "https://www.sec.gov/Archives/edgar/data/743316/000074331621000010/mxim-20201226.htm"
    },
    {
        "date": "2020-09-26",
        "symbol": "MXIM",
        "reportedCurrency": "USD",
        "cik": "0000743316",
        "fillingDate": "2020-10-28",
        "acceptedDate": "2020-10-28 16:04:07",
        "calendarYear": "2021",
        "period": "Q1",
        "revenue": 619357000,
        "costOfRevenue": 202343000,
        "grossProfit": 417014000,
        "grossProfitRatio": 0.6733015046,
        "researchAndDevelopmentExpenses": 115466000,
        "generalAndAdministrativeExpenses": 0,
        "sellingAndMarketingExpenses": 0,
        "sellingGeneralAndAdministrativeExpenses": 91301000,
        "otherExpenses": 0,
        "operatingExpenses": 206767000,
        "costAndExpenses": 409110000,
        "interestIncome": 0,
        "interestExpense": 0,
        "depreciationAndAmortization": 24199000,
        "ebitda": 218596000,
        "ebitdaratio": 0.3529402267,
        "operatingIncome": 210247000,
        "operatingIncomeRatio": 0.3394601175,
        "totalOtherIncomeExpensesNet": -15850000,
        "incomeBeforeTax": 194397000,
        "incomeBeforeTaxRatio": 0.313869061,
        "incomeTaxExpense": 24883000,
        "netIncome": 169514000,
        "netIncomeRatio": 0.2736935241,
        "eps": 0.64,
        "epsdiluted": 0.63,
        "weightedAverageShsOut": 266831000,
        "weightedAverageShsOutDil": 269529000,
        "link": "https://www.sec.gov/Archives/edgar/data/743316/000074331620000039/0000743316-20-000039-index.htm",
        "finalLink": "https://www.sec.gov/Archives/edgar/data/743316/000074331620000039/maximq12110-q.htm"
    },
    {
        "date": "2020-06-27",
        "symbol": "MXIM",
        "reportedCurrency": "USD",
        "cik": "0000743316",
        "fillingDate": "2020-08-19",
        "acceptedDate": "2020-08-19 16:06:33",
        "calendarYear": "2020",
        "period": "Q4",
        "revenue": 545369000,
        "costOfRevenue": 183001000,
        "grossProfit": 362368000,
        "grossProfitRatio": 0.6644455405,
        "researchAndDevelopmentExpenses": 110172000,
        "generalAndAdministrativeExpenses": 72893000,
        "sellingAndMarketingExpenses": 1316000,
        "sellingGeneralAndAdministrativeExpenses": 74209000,
        "otherExpenses": 0,
        "operatingExpenses": 184381000,
        "costAndExpenses": 367382000,
        "interestIncome": 0,
        "interestExpense": 0,
        "depreciationAndAmortization": 36384000,
        "ebitda": 205883000,
        "ebitdaratio": 0.377511373,
        "operatingIncome": 177987000,
        "operatingIncomeRatio": 0.3263606842,
        "totalOtherIncomeExpensesNet": -8488000,
        "incomeBeforeTax": 169499000,
        "incomeBeforeTaxRatio": 0.31079691,
        "incomeTaxExpense": -37799000,
        "netIncome": 207298000,
        "netIncomeRatio": 0.3801059466,
        "eps": 0.77,
        "epsdiluted": 0.77,
        "weightedAverageShsOut": 268551000,
        "weightedAverageShsOutDil": 268551000,
        "link": "https://www.sec.gov/Archives/edgar/data/743316/000074331620000025/0000743316-20-000025-index.htm",
        "finalLink": "https://www.sec.gov/Archives/edgar/data/743316/000074331620000025/maxim10-kfy2020.htm"
    },
    {
        "date": "2020-03-28",
        "symbol": "MXIM",
        "reportedCurrency": "USD",
        "cik": "0000743316",
        "fillingDate": "2020-04-29",
        "acceptedDate": "2020-04-29 17:23:41",
        "calendarYear": "2020",
        "period": "Q3",
        "revenue": 561916000,
        "costOfRevenue": 195479000,
        "grossProfit": 366437000,
        "grossProfitRatio": 0.6521206017,
        "researchAndDevelopmentExpenses": 109091000,
        "generalAndAdministrativeExpenses": 71643000,
        "sellingAndMarketingExpenses": 2356000,
        "sellingGeneralAndAdministrativeExpenses": 73999000,
        "otherExpenses": 0,
        "operatingExpenses": 183090000,
        "costAndExpenses": 378569000,
        "interestIncome": 0,
        "interestExpense": 0,
        "depreciationAndAmortization": 24141000,
        "ebitda": 205866000,
        "ebitdaratio": 0.3663643676,
        "operatingIncome": 183347000,
        "operatingIncomeRatio": 0.3262889827,
        "totalOtherIncomeExpensesNet": -1622000,
        "incomeBeforeTax": 181725000,
        "incomeBeforeTaxRatio": 0.3234024303,
        "incomeTaxExpense": 20535000,
        "netIncome": 161190000,
        "netIncomeRatio": 0.2868578222,
        "eps": 0.59,
        "epsdiluted": 0.59,
        "weightedAverageShsOut": 271579000,
        "weightedAverageShsOutDil": 271579000,
        "link": "https://www.sec.gov/Archives/edgar/data/743316/000074331620000015/0000743316-20-000015-index.html",
        "finalLink": "https://www.sec.gov/Archives/edgar/data/743316/000074331620000015/maximq32010-q.htm"
    },
    {
        "date": "2019-12-28",
        "symbol": "MXIM",
        "reportedCurrency": "USD",
        "cik": "0000743316",
        "fillingDate": "2020-01-29",
        "acceptedDate": "2020-01-29 16:07:50",
        "calendarYear": "2020",
        "period": "Q2",
        "revenue": 551070000,
        "costOfRevenue": 190546000,
        "grossProfit": 360524000,
        "grossProfitRatio": 0.654225416,
        "researchAndDevelopmentExpenses": 111914000,
        "generalAndAdministrativeExpenses": 76071000,
        "sellingAndMarketingExpenses": 3483000,
        "sellingGeneralAndAdministrativeExpenses": 79554000,
        "otherExpenses": 0,
        "operatingExpenses": 191468000,
        "costAndExpenses": 382014000,
        "interestIncome": 0,
        "interestExpense": 0,
        "depreciationAndAmortization": 24087000,
        "ebitda": 193126000,
        "ebitdaratio": 0.3504563849,
        "operatingIncome": 169056000,
        "operatingIncomeRatio": 0.3067777233,
        "totalOtherIncomeExpensesNet": -17000,
        "incomeBeforeTax": 169039000,
        "incomeBeforeTaxRatio": 0.3067468743,
        "incomeTaxExpense": 22989000,
        "netIncome": 146050000,
        "netIncomeRatio": 0.265029851,
        "eps": 0.53,
        "epsdiluted": 0.53,
        "weightedAverageShsOut": 273269000,
        "weightedAverageShsOutDil": 273269000,
        "link": "https://www.sec.gov/Archives/edgar/data/743316/000074331620000008/0000743316-20-000008-index.html",
        "finalLink": "https://www.sec.gov/Archives/edgar/data/743316/000074331620000008/maximq22010-q.htm"
    },
    {
        "date": "2019-09-28",
        "symbol": "MXIM",
        "reportedCurrency": "USD",
        "cik": "0000743316",
        "fillingDate": "2019-10-30",
        "acceptedDate": "2019-10-30 16:03:57",
        "calendarYear": "2020",
        "period": "Q1",
        "revenue": 533040000,
        "costOfRevenue": 189717000,
        "grossProfit": 343323000,
        "grossProfitRatio": 0.6440848717,
        "researchAndDevelopmentExpenses": 108989000,
        "generalAndAdministrativeExpenses": 76115000,
        "sellingAndMarketingExpenses": 2215000,
        "sellingGeneralAndAdministrativeExpenses": 78330000,
        "otherExpenses": 0,
        "operatingExpenses": 187319000,
        "costAndExpenses": 377036000,
        "interestIncome": 0,
        "interestExpense": 0,
        "depreciationAndAmortization": 23921000,
        "ebitda": 181754000,
        "ebitdaratio": 0.340976287,
        "operatingIncome": 156004000,
        "operatingIncomeRatio": 0.2926684677,
        "totalOtherIncomeExpensesNet": 1829000,
        "incomeBeforeTax": 157833000,
        "incomeBeforeTaxRatio": 0.2960997299,
        "incomeTaxExpense": 17677000,
        "netIncome": 140156000,
        "netIncomeRatio": 0.2629371154,
        "eps": 0.51,
        "epsdiluted": 0.51,
        "weightedAverageShsOut": 274436000,
        "weightedAverageShsOutDil": 274436000,
        "link": "https://www.sec.gov/Archives/edgar/data/743316/000074331619000041/0000743316-19-000041-index.html",
        "finalLink": "https://www.sec.gov/Archives/edgar/data/743316/000074331619000041/maximq12010-q.htm"
    },
    {
        "date": "2019-06-29",
        "symbol": "MXIM",
        "reportedCurrency": "USD",
        "cik": "0000743316",
        "fillingDate": "2019-08-21",
        "acceptedDate": "2019-08-21 17:25:03",
        "calendarYear": "2019",
        "period": "Q4",
        "revenue": 556545000,
        "costOfRevenue": 200154000,
        "grossProfit": 356391000,
        "grossProfitRatio": 0.6403633129,
        "researchAndDevelopmentExpenses": 105136000,
        "generalAndAdministrativeExpenses": 75130000,
        "sellingAndMarketingExpenses": 2554000,
        "sellingGeneralAndAdministrativeExpenses": 77684000,
        "otherExpenses": 0,
        "operatingExpenses": 182820000,
        "costAndExpenses": 382974000,
        "interestIncome": 0,
        "interestExpense": 0,
        "depreciationAndAmortization": 25569000,
        "ebitda": 203219000,
        "ebitdaratio": 0.3651438788,
        "operatingIncome": 173571000,
        "operatingIncomeRatio": 0.3118723553,
        "totalOtherIncomeExpensesNet": 4079000,
        "incomeBeforeTax": 177650000,
        "incomeBeforeTaxRatio": 0.3192015021,
        "incomeTaxExpense": -189908000,
        "netIncome": 367558000,
        "netIncomeRatio": 0.6604281774,
        "eps": 1.33,
        "epsdiluted": 1.33,
        "weightedAverageShsOut": 276068000,
        "weightedAverageShsOutDil": 276068000,
        "link": "https://www.sec.gov/Archives/edgar/data/743316/000074331619000024/0000743316-19-000024-index.html",
        "finalLink": "https://www.sec.gov/Archives/edgar/data/743316/000074331619000024/maxim10-kfy2019.htm"
    },
    {
        "date": "2019-03-30",
        "symbol": "MXIM",
        "reportedCurrency": "USD",
        "cik": "0000743316",
        "fillingDate": "2019-05-01",
        "acceptedDate": "2019-05-01 16:05:52",
        "calendarYear": "2019",
        "period": "Q3",
        "revenue": 542383000,
        "costOfRevenue": 201552000,
        "grossProfit": 340831000,
        "grossProfitRatio": 0.6283954327,
        "researchAndDevelopmentExpenses": 107075000,
        "generalAndAdministrativeExpenses": 74116000,
        "sellingAndMarketingExpenses": 2500000,
        "sellingGeneralAndAdministrativeExpenses": 76616000,
        "otherExpenses": 0,
        "operatingExpenses": 183691000,
        "costAndExpenses": 385243000,
        "interestIncome": 0,
        "interestExpense": 0,
        "depreciationAndAmortization": 27182000,
        "ebitda": 187640000,
        "ebitdaratio": 0.3459547958,
        "operatingIncome": 157140000,
        "operatingIncomeRatio": 0.2897214699,
        "totalOtherIncomeExpensesNet": 3318000,
        "incomeBeforeTax": 160458000,
        "incomeBeforeTaxRatio": 0.2958389183,
        "incomeTaxExpense": 29845000,
        "netIncome": 130613000,
        "netIncomeRatio": 0.2408132261,
        "eps": 0.47,
        "epsdiluted": 0.47,
        "weightedAverageShsOut": 276610000,
        "weightedAverageShsOutDil": 276610000,
        "link": "https://www.sec.gov/Archives/edgar/data/743316/000074331619000013/0000743316-19-000013-index.html",
        "finalLink": "https://www.sec.gov/Archives/edgar/data/743316/000074331619000013/maximq31910-q.htm"
    },
    {
        "date": "2018-12-29",
        "symbol": "MXIM",
        "reportedCurrency": "USD",
        "cik": "0000743316",
        "fillingDate": "2019-02-01",
        "acceptedDate": "2019-02-01 16:10:31",
        "calendarYear": "2019",
        "period": "Q2",
        "revenue": 576906000,
        "costOfRevenue": 203858000,
        "grossProfit": 373048000,
        "grossProfitRatio": 0.6466356737,
        "researchAndDevelopmentExpenses": 110303000,
        "generalAndAdministrativeExpenses": 77853000,
        "sellingAndMarketingExpenses": 2688000,
        "sellingGeneralAndAdministrativeExpenses": 80541000,
        "otherExpenses": 0,
        "operatingExpenses": 190844000,
        "costAndExpenses": 394702000,
        "interestIncome": 0,
        "interestExpense": 0,
        "depreciationAndAmortization": 26803000,
        "ebitda": 187379000,
        "ebitdaratio": 0.3247998807,
        "operatingIncome": 182204000,
        "operatingIncomeRatio": 0.3158296152,
        "totalOtherIncomeExpensesNet": 472000,
        "incomeBeforeTax": 182676000,
        "incomeBeforeTaxRatio": 0.3166477728,
        "incomeTaxExpense": 28684000,
        "netIncome": 131892000,
        "netIncomeRatio": 0.2286195671,
        "eps": 0.47,
        "epsdiluted": 0.47,
        "weightedAverageShsOut": 280008000,
        "weightedAverageShsOutDil": 280008000,
        "link": "https://www.sec.gov/Archives/edgar/data/743316/000074331619000006/0000743316-19-000006-index.html",
        "finalLink": "https://www.sec.gov/Archives/edgar/data/743316/000074331619000006/maximq21910-q.htm"
    },
    {
        "date": "2018-09-29",
        "symbol": "MXIM",
        "reportedCurrency": "USD",
        "cik": "0000743316",
        "fillingDate": "2018-11-01",
        "acceptedDate": "2018-11-01 16:41:04",
        "calendarYear": "2019",
        "period": "Q1",
        "revenue": 638500000,
        "costOfRevenue": 208300000,
        "grossProfit": 430200000,
        "grossProfitRatio": 0.6737666406,
        "researchAndDevelopmentExpenses": 112700000,
        "generalAndAdministrativeExpenses": 81500000,
        "sellingAndMarketingExpenses": 1800000,
        "sellingGeneralAndAdministrativeExpenses": 83300000,
        "otherExpenses": 0,
        "operatingExpenses": 196000000,
        "costAndExpenses": 404300000,
        "interestIncome": 0,
        "interestExpense": 0,
        "depreciationAndAmortization": 31191000,
        "ebitda": 264791000,
        "ebitdaratio": 0.4147079092,
        "operatingIncome": 234200000,
        "operatingIncomeRatio": 0.3667971809,
        "totalOtherIncomeExpensesNet": -600000,
        "incomeBeforeTax": 233600000,
        "incomeBeforeTaxRatio": 0.3658574785,
        "incomeTaxExpense": 36200000,
        "netIncome": 197400000,
        "netIncomeRatio": 0.3091620987,
        "eps": 0.7,
        "epsdiluted": 0.7,
        "weightedAverageShsOut": 282500000,
        "weightedAverageShsOutDil": 282500000,
        "link": "https://www.sec.gov/Archives/edgar/data/743316/000074331618000038/0000743316-18-000038-index.html",
        "finalLink": "https://www.sec.gov/Archives/edgar/data/743316/000074331618000038/maximq11910-q.htm"
    },
    {
        "date": "2018-06-30",
        "symbol": "MXIM",
        "reportedCurrency": "USD",
        "cik": "0000743316",
        "fillingDate": "2018-08-17",
        "acceptedDate": "2018-08-17 16:28:11",
        "calendarYear": "2018",
        "period": "Q4",
        "revenue": 633153000,
        "costOfRevenue": 214485000,
        "grossProfit": 418668000,
        "grossProfitRatio": 0.6612430171,
        "researchAndDevelopmentExpenses": 112057000,
        "generalAndAdministrativeExpenses": 82610000,
        "sellingAndMarketingExpenses": 772000,
        "sellingGeneralAndAdministrativeExpenses": 83382000,
        "otherExpenses": 0,
        "operatingExpenses": 195439000,
        "costAndExpenses": 409924000,
        "interestIncome": 0,
        "interestExpense": 0,
        "depreciationAndAmortization": 35206000,
        "ebitda": 258907000,
        "ebitdaratio": 0.40891696,
        "operatingIncome": 223229000,
        "operatingIncomeRatio": 0.352567231,
        "totalOtherIncomeExpensesNet": 472000,
        "incomeBeforeTax": 223701000,
        "incomeBeforeTaxRatio": 0.3533127064,
        "incomeTaxExpense": 29529000,
        "netIncome": 194172000,
        "netIncomeRatio": 0.30667469,
        "eps": 0.7,
        "epsdiluted": 0.68,
        "weightedAverageShsOut": 279304000,
        "weightedAverageShsOutDil": 283934000,
        "link": "https://www.sec.gov/Archives/edgar/data/743316/000074331618000031/0000743316-18-000031-index.html",
        "finalLink": "https://www.sec.gov/Archives/edgar/data/743316/000074331618000031/maxim10-kfy2018.htm"
    },
    {
        "date": "2018-03-31",
        "symbol": "MXIM",
        "reportedCurrency": "USD",
        "cik": "0000743316",
        "fillingDate": "2018-04-27",
        "acceptedDate": "2018-04-27 16:26:43",
        "calendarYear": "2018",
        "period": "Q3",
        "revenue": 648599000,
        "costOfRevenue": 224653000,
        "grossProfit": 423946000,
        "grossProfitRatio": 0.6536334469,
        "researchAndDevelopmentExpenses": 114390000,
        "generalAndAdministrativeExpenses": 81304000,
        "sellingAndMarketingExpenses": 1142000,
        "sellingGeneralAndAdministrativeExpenses": 82446000,
        "otherExpenses": 0,
        "operatingExpenses": 196836000,
        "costAndExpenses": 421489000,
        "interestIncome": 0,
        "interestExpense": 0,
        "depreciationAndAmortization": 37201000,
        "ebitda": 259505000,
        "ebitdaratio": 0.4001008327,
        "operatingIncome": 227110000,
        "operatingIncomeRatio": 0.3501547181,
        "totalOtherIncomeExpensesNet": -4806000,
        "incomeBeforeTax": 222304000,
        "incomeBeforeTaxRatio": 0.3427449009,
        "incomeTaxExpense": 28677000,
        "netIncome": 193627000,
        "netIncomeRatio": 0.2985311417,
        "eps": 0.69,
        "epsdiluted": 0.68,
        "weightedAverageShsOut": 280850000,
        "weightedAverageShsOutDil": 285881000,
        "link": "https://www.sec.gov/Archives/edgar/data/743316/000074331618000021/0000743316-18-000021-index.html",
        "finalLink": "https://www.sec.gov/Archives/edgar/data/743316/000074331618000021/maximq31810-q.htm"
    },
    {
        "date": "2017-12-30",
        "symbol": "MXIM",
        "reportedCurrency": "USD",
        "cik": "0000743316",
        "fillingDate": "2018-01-26",
        "acceptedDate": "2018-01-26 16:04:47",
        "calendarYear": "2018",
        "period": "Q2",
        "revenue": 622600000,
        "costOfRevenue": 213000000,
        "grossProfit": 409600000,
        "grossProfitRatio": 0.6578862833,
        "researchAndDevelopmentExpenses": 115900000,
        "generalAndAdministrativeExpenses": 85300000,
        "sellingAndMarketingExpenses": 7400000,
        "sellingGeneralAndAdministrativeExpenses": 92700000,
        "otherExpenses": 0,
        "operatingExpenses": 208600000,
        "costAndExpenses": 421600000,
        "interestIncome": 0,
        "interestExpense": 0,
        "depreciationAndAmortization": 35813000,
        "ebitda": -16887000,
        "ebitdaratio": -0.0271233537,
        "operatingIncome": 201000000,
        "operatingIncomeRatio": 0.3228397045,
        "totalOtherIncomeExpensesNet": -3100000,
        "incomeBeforeTax": 197900000,
        "incomeBeforeTaxRatio": 0.3178605846,
        "incomeTaxExpense": 22300000,
        "netIncome": -75000000,
        "netIncomeRatio": -0.1204625763,
        "eps": -0.27,
        "epsdiluted": -0.27,
        "weightedAverageShsOut": 281600000,
        "weightedAverageShsOutDil": 281600000,
        "link": "https://www.sec.gov/Archives/edgar/data/743316/000074331618000009/0000743316-18-000009-index.html",
        "finalLink": "https://www.sec.gov/Archives/edgar/data/743316/000074331618000009/maximq21810-q.htm"
    },
    {
        "date": "2017-09-23",
        "symbol": "MXIM",
        "reportedCurrency": "USD",
        "cik": "0000743316",
        "fillingDate": "2017-10-20",
        "acceptedDate": "2017-10-20 16:52:36",
        "calendarYear": "2018",
        "period": "Q1",
        "revenue": 575700000,
        "costOfRevenue": 201800000,
        "grossProfit": 373900000,
        "grossProfitRatio": 0.6494702102,
        "researchAndDevelopmentExpenses": 108600000,
        "generalAndAdministrativeExpenses": 73700000,
        "sellingAndMarketingExpenses": 6400000,
        "sellingGeneralAndAdministrativeExpenses": 80100000,
        "otherExpenses": 0,
        "operatingExpenses": 188700000,
        "costAndExpenses": 390500000,
        "interestIncome": 0,
        "interestExpense": 0,
        "depreciationAndAmortization": 36754000,
        "ebitda": 217654000,
        "ebitdaratio": 0.3780684384,
        "operatingIncome": 185200000,
        "operatingIncomeRatio": 0.3216953274,
        "totalOtherIncomeExpensesNet": -4200000,
        "incomeBeforeTax": 181000000,
        "incomeBeforeTaxRatio": 0.314399861,
        "incomeTaxExpense": 26400000,
        "netIncome": 154500000,
        "netIncomeRatio": 0.2683689422,
        "eps": 0.54,
        "epsdiluted": 0.54,
        "weightedAverageShsOut": 286400000,
        "weightedAverageShsOutDil": 286400000,
        "link": "https://www.sec.gov/Archives/edgar/data/743316/000074331617000037/0000743316-17-000037-index.html",
        "finalLink": "https://www.sec.gov/Archives/edgar/data/743316/000074331617000037/maximq11810-q.htm"
    },
    {
        "date": "2017-06-24",
        "symbol": "MXIM",
        "reportedCurrency": "USD",
        "cik": "0000743316",
        "fillingDate": "2017-08-11",
        "acceptedDate": "2017-08-11 16:26:13",
        "calendarYear": "2017",
        "period": "Q4",
        "revenue": 602000000,
        "costOfRevenue": 208300000,
        "grossProfit": 393700000,
        "grossProfitRatio": 0.653986711,
        "researchAndDevelopmentExpenses": 114000000,
        "generalAndAdministrativeExpenses": 75100000,
        "sellingAndMarketingExpenses": 5200000,
        "sellingGeneralAndAdministrativeExpenses": 80300000,
        "otherExpenses": 0,
        "operatingExpenses": 194300000,
        "costAndExpenses": 402600000,
        "interestIncome": 0,
        "interestExpense": 0,
        "depreciationAndAmortization": 38194000,
        "ebitda": 233794000,
        "ebitdaratio": 0.3883621262,
        "operatingIncome": 199400000,
        "operatingIncomeRatio": 0.3312292359,
        "totalOtherIncomeExpensesNet": -3800000,
        "incomeBeforeTax": 195600000,
        "incomeBeforeTaxRatio": 0.3249169435,
        "incomeTaxExpense": 32300000,
        "netIncome": 163300000,
        "netIncomeRatio": 0.2712624585,
        "eps": 0.57,
        "epsdiluted": 0.57,
        "weightedAverageShsOut": 287300000,
        "weightedAverageShsOutDil": 287300000,
        "link": "https://www.sec.gov/Archives/edgar/data/743316/000074331617000028/0000743316-17-000028-index.html",
        "finalLink": "https://www.sec.gov/Archives/edgar/data/743316/000074331617000028/maxim10-kfy2017.htm"
    },
    {
        "date": "2017-03-25",
        "symbol": "MXIM",
        "reportedCurrency": "USD",
        "cik": "0000743316",
        "fillingDate": "2017-04-21",
        "acceptedDate": "2017-04-21 17:14:26",
        "calendarYear": "2017",
        "period": "Q3",
        "revenue": 581200000,
        "costOfRevenue": 214300000,
        "grossProfit": 366900000,
        "grossProfitRatio": 0.6312801101,
        "researchAndDevelopmentExpenses": 113200000,
        "generalAndAdministrativeExpenses": 74000000,
        "sellingAndMarketingExpenses": 5500000,
        "sellingGeneralAndAdministrativeExpenses": 79500000,
        "otherExpenses": 0,
        "operatingExpenses": 192700000,
        "costAndExpenses": 407000000,
        "interestIncome": 0,
        "interestExpense": 0,
        "depreciationAndAmortization": 40473000,
        "ebitda": 210873000,
        "ebitdaratio": 0.3628234687,
        "operatingIncome": 174300000,
        "operatingIncomeRatio": 0.2998967653,
        "totalOtherIncomeExpensesNet": -3900000,
        "incomeBeforeTax": 170400000,
        "incomeBeforeTaxRatio": 0.2931865107,
        "incomeTaxExpense": 30200000,
        "netIncome": 140200000,
        "netIncomeRatio": 0.2412250516,
        "eps": 0.49,
        "epsdiluted": 0.49,
        "weightedAverageShsOut": 287900000,
        "weightedAverageShsOutDil": 287900000,
        "link": "https://www.sec.gov/Archives/edgar/data/743316/000074331617000015/0000743316-17-000015-index.html",
        "finalLink": "https://www.sec.gov/Archives/edgar/data/743316/000074331617000015/maximq31710-q.htm"
    },
    {
        "date": "2016-12-24",
        "symbol": "MXIM",
        "reportedCurrency": "USD",
        "cik": "0000743316",
        "fillingDate": "2017-01-27",
        "acceptedDate": "2017-01-27 16:18:46",
        "calendarYear": "2017",
        "period": "Q2",
        "revenue": 551000000,
        "costOfRevenue": 210800000,
        "grossProfit": 340200000,
        "grossProfitRatio": 0.6174228675,
        "researchAndDevelopmentExpenses": 114100000,
        "generalAndAdministrativeExpenses": 71500000,
        "sellingAndMarketingExpenses": 5500000,
        "sellingGeneralAndAdministrativeExpenses": 77000000,
        "otherExpenses": 0,
        "operatingExpenses": 191100000,
        "costAndExpenses": 401900000,
        "interestIncome": 0,
        "interestExpense": 0,
        "depreciationAndAmortization": 42140000,
        "ebitda": 190640000,
        "ebitdaratio": 0.3459891107,
        "operatingIncome": 149100000,
        "operatingIncomeRatio": 0.2705989111,
        "totalOtherIncomeExpensesNet": -700000,
        "incomeBeforeTax": 148400000,
        "incomeBeforeTaxRatio": 0.2693284936,
        "incomeTaxExpense": 18000000,
        "netIncome": 130500000,
        "netIncomeRatio": 0.2368421053,
        "eps": 0.45,
        "epsdiluted": 0.45,
        "weightedAverageShsOut": 288100000,
        "weightedAverageShsOutDil": 288100000,
        "link": "https://www.sec.gov/Archives/edgar/data/743316/000074331617000005/0000743316-17-000005-index.html",
        "finalLink": "https://www.sec.gov/Archives/edgar/data/743316/000074331617000005/maximq21710-q.htm"
    },
    {
        "date": "2016-09-24",
        "symbol": "MXIM",
        "reportedCurrency": "USD",
        "cik": "0000743316",
        "fillingDate": "2016-10-21",
        "acceptedDate": "2016-10-21 16:05:08",
        "calendarYear": "2017",
        "period": "Q1",
        "revenue": 561400000,
        "costOfRevenue": 215700000,
        "grossProfit": 345700000,
        "grossProfitRatio": 0.6157819736,
        "researchAndDevelopmentExpenses": 112700000,
        "generalAndAdministrativeExpenses": 70900000,
        "sellingAndMarketingExpenses": -9999999.99999997,
        "sellingGeneralAndAdministrativeExpenses": 60900000,
        "otherExpenses": 0,
        "operatingExpenses": 173600000,
        "costAndExpenses": 389300000,
        "interestIncome": 0,
        "interestExpense": 0,
        "depreciationAndAmortization": 43485000,
        "ebitda": 208685000,
        "ebitdaratio": 0.3717224795,
        "operatingIncome": 172100000,
        "operatingIncomeRatio": 0.306555041,
        "totalOtherIncomeExpensesNet": -6900000,
        "incomeBeforeTax": 165200000,
        "incomeBeforeTaxRatio": 0.2942643392,
        "incomeTaxExpense": 27600000,
        "netIncome": 137600000,
        "netIncomeRatio": 0.2451015319,
        "eps": 0.48,
        "epsdiluted": 0.48,
        "weightedAverageShsOut": 288600000,
        "weightedAverageShsOutDil": 288600000,
        "link": "https://www.sec.gov/Archives/edgar/data/743316/000074331616000092/0000743316-16-000092-index.html",
        "finalLink": "https://www.sec.gov/Archives/edgar/data/743316/000074331616000092/maximq11710-q.htm"
    },
    {
        "date": "2016-06-25",
        "symbol": "MXIM",
        "reportedCurrency": "USD",
        "cik": "0000743316",
        "fillingDate": "2016-08-12",
        "acceptedDate": "2016-08-12 16:49:52",
        "calendarYear": "2016",
        "period": "Q4",
        "revenue": 566100000,
        "costOfRevenue": 219100000,
        "grossProfit": 347000000,
        "grossProfitRatio": 0.6129659071,
        "researchAndDevelopmentExpenses": 113500000,
        "generalAndAdministrativeExpenses": 71500000,
        "sellingAndMarketingExpenses": 39700000,
        "sellingGeneralAndAdministrativeExpenses": 111200000,
        "otherExpenses": 0,
        "operatingExpenses": 224700000,
        "costAndExpenses": 443800000,
        "interestIncome": 0,
        "interestExpense": 0,
        "depreciationAndAmortization": 46414000,
        "ebitda": 162314000,
        "ebitdaratio": 0.2867231938,
        "operatingIncome": 122400000,
        "operatingIncomeRatio": 0.2162162162,
        "totalOtherIncomeExpensesNet": -6500000,
        "incomeBeforeTax": 115900000,
        "incomeBeforeTaxRatio": 0.2047341459,
        "incomeTaxExpense": 23600000,
        "netIncome": 92300000,
        "netIncomeRatio": 0.1630453983,
        "eps": 0.32,
        "epsdiluted": 0.32,
        "weightedAverageShsOut": 289000000,
        "weightedAverageShsOutDil": 289000000,
        "link": "https://www.sec.gov/Archives/edgar/data/743316/000074331616000081/0000743316-16-000081-index.htm",
        "finalLink": "https://www.sec.gov/Archives/edgar/data/743316/000074331616000081/maxim10-kfy2016.htm"
    },
    {
        "date": "2016-03-26",
        "symbol": "MXIM",
        "reportedCurrency": "USD",
        "cik": "0000743316",
        "fillingDate": "2016-04-22",
        "acceptedDate": "2016-04-22 16:59:49",
        "calendarYear": "2016",
        "period": "Q3",
        "revenue": 555300000,
        "costOfRevenue": 236400000,
        "grossProfit": 318900000,
        "grossProfitRatio": 0.5742841707,
        "researchAndDevelopmentExpenses": 119200000,
        "generalAndAdministrativeExpenses": 71800000,
        "sellingAndMarketingExpenses": -49900000,
        "sellingGeneralAndAdministrativeExpenses": 21900000,
        "otherExpenses": 0,
        "operatingExpenses": 141100000,
        "costAndExpenses": 377500000,
        "interestIncome": 0,
        "interestExpense": 0,
        "depreciationAndAmortization": 47088000,
        "ebitda": 218388000,
        "ebitdaratio": 0.3932793085,
        "operatingIncome": 177700000,
        "operatingIncomeRatio": 0.3200072033,
        "totalOtherIncomeExpensesNet": -6400000,
        "incomeBeforeTax": 171300000,
        "incomeBeforeTaxRatio": 0.3084819017,
        "incomeTaxExpense": 31500000,
        "netIncome": 139800000,
        "netIncomeRatio": 0.2517558077,
        "eps": 0.48,
        "epsdiluted": 0.48,
        "weightedAverageShsOut": 289800000,
        "weightedAverageShsOutDil": 289800000,
        "link": "https://www.sec.gov/Archives/edgar/data/743316/000074331616000063/0000743316-16-000063-index.html",
        "finalLink": "https://www.sec.gov/Archives/edgar/data/743316/000074331616000063/maximq31610-q.htm"
    },
    {
        "date": "2015-12-26",
        "symbol": "MXIM",
        "reportedCurrency": "USD",
        "cik": "0000743316",
        "fillingDate": "2016-01-22",
        "acceptedDate": "2016-01-22 17:06:36",
        "calendarYear": "2016",
        "period": "Q2",
        "revenue": 510800000,
        "costOfRevenue": 218700000,
        "grossProfit": 292100000,
        "grossProfitRatio": 0.5718480814,
        "researchAndDevelopmentExpenses": 113100000,
        "generalAndAdministrativeExpenses": 73600000,
        "sellingAndMarketingExpenses": 15900000,
        "sellingGeneralAndAdministrativeExpenses": 89500000,
        "otherExpenses": 0,
        "operatingExpenses": 202600000,
        "costAndExpenses": 421300000,
        "interestIncome": 0,
        "interestExpense": 0,
        "depreciationAndAmortization": 49082000,
        "ebitda": 129082000,
        "ebitdaratio": 0.2527055599,
        "operatingIncome": 89500000,
        "operatingIncomeRatio": 0.1752153485,
        "totalOtherIncomeExpensesNet": -9600000,
        "incomeBeforeTax": 79900000,
        "incomeBeforeTaxRatio": 0.1564212999,
        "incomeTaxExpense": 12500000,
        "netIncome": 67500000,
        "netIncomeRatio": 0.1321456539,
        "eps": 0.23,
        "epsdiluted": 0.23,
        "weightedAverageShsOut": 290500000,
        "weightedAverageShsOutDil": 290500000,
        "link": "https://www.sec.gov/Archives/edgar/data/743316/000074331616000051/0000743316-16-000051-index.html",
        "finalLink": "https://www.sec.gov/Archives/edgar/data/743316/000074331616000051/maximq21610-q.htm"
    },
    {
        "date": "2015-09-26",
        "symbol": "MXIM",
        "reportedCurrency": "USD",
        "cik": "0000743316",
        "fillingDate": "2015-10-23",
        "acceptedDate": "2015-10-23 16:46:06",
        "calendarYear": "2016",
        "period": "Q1",
        "revenue": 562500000,
        "costOfRevenue": 276200000,
        "grossProfit": 286300000,
        "grossProfitRatio": 0.5089777778,
        "researchAndDevelopmentExpenses": 121400000,
        "generalAndAdministrativeExpenses": 72000000,
        "sellingAndMarketingExpenses": 168700000,
        "sellingGeneralAndAdministrativeExpenses": 240700000,
        "otherExpenses": 0,
        "operatingExpenses": 362100000,
        "costAndExpenses": 638300000,
        "interestIncome": 0,
        "interestExpense": 0,
        "depreciationAndAmortization": 102053000,
        "ebitda": 19953000,
        "ebitdaratio": 0.035472,
        "operatingIncome": -75800000,
        "operatingIncomeRatio": -0.1347555556,
        "totalOtherIncomeExpensesNet": -6400000,
        "incomeBeforeTax": -82200000,
        "incomeBeforeTaxRatio": -0.1461333333,
        "incomeTaxExpense": -10000000,
        "netIncome": -72100000,
        "netIncomeRatio": -0.1281777778,
        "eps": -0.25,
        "epsdiluted": -0.25,
        "weightedAverageShsOut": 284600000,
        "weightedAverageShsOutDil": 284600000,
        "link": "https://www.sec.gov/Archives/edgar/data/743316/000074331615000039/0000743316-15-000039-index.html",
        "finalLink": "https://www.sec.gov/Archives/edgar/data/743316/000074331615000039/maximq11610-q.htm"
    },
    {
        "date": "2015-06-27",
        "symbol": "MXIM",
        "reportedCurrency": "USD",
        "cik": "0000743316",
        "fillingDate": "2015-08-18",
        "acceptedDate": "2015-08-17 19:18:45",
        "calendarYear": "2015",
        "period": "Q4",
        "revenue": 582500000,
        "costOfRevenue": 278800000,
        "grossProfit": 303700000,
        "grossProfitRatio": 0.5213733906,
        "researchAndDevelopmentExpenses": 121600000,
        "generalAndAdministrativeExpenses": 72500000,
        "sellingAndMarketingExpenses": 14700000,
        "sellingGeneralAndAdministrativeExpenses": 87200000,
        "otherExpenses": 0,
        "operatingExpenses": 208800000,
        "costAndExpenses": 487600000,
        "interestIncome": 0,
        "interestExpense": 0,
        "depreciationAndAmortization": 92639000,
        "ebitda": 216139000,
        "ebitdaratio": 0.3710540773,
        "operatingIncome": 94900000,
        "operatingIncomeRatio": 0.1629184549,
        "totalOtherIncomeExpensesNet": 28500000,
        "incomeBeforeTax": 123400000,
        "incomeBeforeTaxRatio": 0.2118454936,
        "incomeTaxExpense": 24800000,
        "netIncome": 98700000,
        "netIncomeRatio": 0.1694420601,
        "eps": 0.34,
        "epsdiluted": 0.34,
        "weightedAverageShsOut": 289900000,
        "weightedAverageShsOutDil": 289900000,
        "link": "https://www.sec.gov/Archives/edgar/data/743316/000074331615000029/0000743316-15-000029-index.html",
        "finalLink": "https://www.sec.gov/Archives/edgar/data/743316/000074331615000029/maxim10-kfy2015.htm"
    },
    {
        "date": "2015-03-28",
        "symbol": "MXIM",
        "reportedCurrency": "USD",
        "cik": "0000743316",
        "fillingDate": "2015-04-24",
        "acceptedDate": "2015-04-24 13:51:29",
        "calendarYear": "2015",
        "period": "Q3",
        "revenue": 577300000,
        "costOfRevenue": 262000000,
        "grossProfit": 315300000,
        "grossProfitRatio": 0.5461631734,
        "researchAndDevelopmentExpenses": 123900000,
        "generalAndAdministrativeExpenses": 75800000,
        "sellingAndMarketingExpenses": 10100000,
        "sellingGeneralAndAdministrativeExpenses": 85900000,
        "otherExpenses": 0,
        "operatingExpenses": 209800000,
        "costAndExpenses": 471800000,
        "interestIncome": 0,
        "interestExpense": 0,
        "depreciationAndAmortization": 71439000,
        "ebitda": 171339000,
        "ebitdaratio": 0.2967936948,
        "operatingIncome": 105500000,
        "operatingIncomeRatio": 0.1827472718,
        "totalOtherIncomeExpensesNet": -5600000,
        "incomeBeforeTax": 99900000,
        "incomeBeforeTaxRatio": 0.1730469427,
        "incomeTaxExpense": 20500000,
        "netIncome": 79400000,
        "netIncomeRatio": 0.1375368093,
        "eps": 0.27,
        "epsdiluted": 0.27,
        "weightedAverageShsOut": 288800000,
        "weightedAverageShsOutDil": 288800000,
        "link": "https://www.sec.gov/Archives/edgar/data/743316/000074331615000015/0000743316-15-000015-index.html",
        "finalLink": "https://www.sec.gov/Archives/edgar/data/743316/000074331615000015/maximq31510-q.htm"
    },
    {
        "date": "2014-12-27",
        "symbol": "MXIM",
        "reportedCurrency": "USD",
        "cik": "0000743316",
        "fillingDate": "2015-02-04",
        "acceptedDate": "2015-02-04 13:13:22",
        "calendarYear": "2015",
        "period": "Q2",
        "revenue": 566800000,
        "costOfRevenue": 252700000,
        "grossProfit": 314100000,
        "grossProfitRatio": 0.5541637262,
        "researchAndDevelopmentExpenses": 135900000,
        "generalAndAdministrativeExpenses": 79800000,
        "sellingAndMarketingExpenses": 162500000,
        "sellingGeneralAndAdministrativeExpenses": 242300000,
        "otherExpenses": 0,
        "operatingExpenses": 378200000,
        "costAndExpenses": 630900000,
        "interestIncome": 0,
        "interestExpense": 0,
        "depreciationAndAmortization": 71625000,
        "ebitda": 25000,
        "ebitdaratio": 4.41073e-05,
        "operatingIncome": -64100000,
        "operatingIncomeRatio": -0.1130910374,
        "totalOtherIncomeExpensesNet": -7600000,
        "incomeBeforeTax": -71700000,
        "incomeBeforeTaxRatio": -0.1264996471,
        "incomeTaxExpense": 400000,
        "netIncome": -72000000,
        "netIncomeRatio": -0.1270289344,
        "eps": -0.25,
        "epsdiluted": -0.25,
        "weightedAverageShsOut": 283000000,
        "weightedAverageShsOutDil": 283000000,
        "link": "https://www.sec.gov/Archives/edgar/data/743316/000074331615000006/0000743316-15-000006-index.htm",
        "finalLink": "https://www.sec.gov/Archives/edgar/data/743316/000074331615000006/maximq21510-q.htm"
    },
    {
        "date": "2014-09-27",
        "symbol": "MXIM",
        "reportedCurrency": "USD",
        "cik": "0000743316",
        "fillingDate": "2014-10-24",
        "acceptedDate": "2014-10-24 16:25:35",
        "calendarYear": "2015",
        "period": "Q1",
        "revenue": 580300000,
        "costOfRevenue": 241500000,
        "grossProfit": 338800000,
        "grossProfitRatio": 0.5838359469,
        "researchAndDevelopmentExpenses": 140400000,
        "generalAndAdministrativeExpenses": 80000000,
        "sellingAndMarketingExpenses": 17400000,
        "sellingGeneralAndAdministrativeExpenses": 97400000,
        "otherExpenses": 0,
        "operatingExpenses": 237800000,
        "costAndExpenses": 479300000,
        "interestIncome": 0,
        "interestExpense": 0,
        "depreciationAndAmortization": 63693000,
        "ebitda": 158193000,
        "ebitdaratio": 0.2726055489,
        "operatingIncome": 101000000,
        "operatingIncomeRatio": 0.1740479063,
        "totalOtherIncomeExpensesNet": -6500000,
        "incomeBeforeTax": 94500000,
        "incomeBeforeTaxRatio": 0.1628468034,
        "incomeTaxExpense": -5500000,
        "netIncome": 100000000,
        "netIncomeRatio": 0.1723246597,
        "eps": 0.35,
        "epsdiluted": 0.35,
        "weightedAverageShsOut": 289400000,
        "weightedAverageShsOutDil": 289400000,
        "link": "https://www.sec.gov/Archives/edgar/data/743316/000074331614000043/0000743316-14-000043-index.html",
        "finalLink": "https://www.sec.gov/Archives/edgar/data/743316/000074331614000043/maximq11510-q.htm"
    },
    {
        "date": "2014-06-28",
        "symbol": "MXIM",
        "reportedCurrency": "USD",
        "cik": "0000743316",
        "fillingDate": "2014-08-18",
        "acceptedDate": "2014-08-15 18:42:51",
        "calendarYear": "2014",
        "period": "Q4",
        "revenue": 642500000,
        "costOfRevenue": 273500000,
        "grossProfit": 369000000,
        "grossProfitRatio": 0.5743190661,
        "researchAndDevelopmentExpenses": 143800000,
        "generalAndAdministrativeExpenses": 83200000,
        "sellingAndMarketingExpenses": 25400000,
        "sellingGeneralAndAdministrativeExpenses": 108600000,
        "otherExpenses": 0,
        "operatingExpenses": 252400000,
        "costAndExpenses": 525900000,
        "interestIncome": 0,
        "interestExpense": 0,
        "depreciationAndAmortization": 64391000,
        "ebitda": 171991000,
        "ebitdaratio": 0.2676902724,
        "operatingIncome": 116600000,
        "operatingIncomeRatio": 0.1814785992,
        "totalOtherIncomeExpensesNet": -9000000,
        "incomeBeforeTax": 107600000,
        "incomeBeforeTaxRatio": 0.1674708171,
        "incomeTaxExpense": 22800000,
        "netIncome": 84800000,
        "netIncomeRatio": 0.1319844358,
        "eps": 0.29,
        "epsdiluted": 0.29,
        "weightedAverageShsOut": 289100000,
        "weightedAverageShsOutDil": 289100000,
        "link": "https://www.sec.gov/Archives/edgar/data/743316/000074331614000032/0000743316-14-000032-index.html",
        "finalLink": "https://www.sec.gov/Archives/edgar/data/743316/000074331614000032/maxim10-kfy2014.htm"
    },
    {
        "date": "2014-03-29",
        "symbol": "MXIM",
        "reportedCurrency": "USD",
        "cik": "0000743316",
        "fillingDate": "2014-04-25",
        "acceptedDate": "2014-04-25 16:21:20",
        "calendarYear": "2014",
        "period": "Q3",
        "revenue": 605700000,
        "costOfRevenue": 265700000,
        "grossProfit": 340000000,
        "grossProfitRatio": 0.5613339937,
        "researchAndDevelopmentExpenses": 141500000,
        "generalAndAdministrativeExpenses": 80700000,
        "sellingAndMarketingExpenses": 11000000,
        "sellingGeneralAndAdministrativeExpenses": 91700000,
        "otherExpenses": 0,
        "operatingExpenses": 233200000,
        "costAndExpenses": 498900000,
        "interestIncome": 0,
        "interestExpense": 0,
        "depreciationAndAmortization": 64665000,
        "ebitda": 176565000,
        "ebitdaratio": 0.2915056959,
        "operatingIncome": 106700000,
        "operatingIncomeRatio": 0.1761598151,
        "totalOtherIncomeExpensesNet": 5200000,
        "incomeBeforeTax": 111900000,
        "incomeBeforeTaxRatio": 0.1847449232,
        "incomeTaxExpense": -10600000,
        "netIncome": 122500000,
        "netIncomeRatio": 0.202245336,
        "eps": 0.42,
        "epsdiluted": 0.42,
        "weightedAverageShsOut": 288600000,
        "weightedAverageShsOutDil": 288600000,
        "link": "https://www.sec.gov/Archives/edgar/data/743316/000074331614000023/0000743316-14-000023-index.html",
        "finalLink": "https://www.sec.gov/Archives/edgar/data/743316/000074331614000023/maximq31410-q.htm"
    },
    {
        "date": "2013-12-28",
        "symbol": "MXIM",
        "reportedCurrency": "USD",
        "cik": "0000743316",
        "fillingDate": "2014-02-03",
        "acceptedDate": "2014-02-03 17:20:14",
        "calendarYear": "2014",
        "period": "Q2",
        "revenue": 620300000,
        "costOfRevenue": 291600000,
        "grossProfit": 328700000,
        "grossProfitRatio": 0.5299048847,
        "researchAndDevelopmentExpenses": 143000000,
        "generalAndAdministrativeExpenses": 83500000,
        "sellingAndMarketingExpenses": 31800000,
        "sellingGeneralAndAdministrativeExpenses": 115300000,
        "otherExpenses": 0,
        "operatingExpenses": 258300000,
        "costAndExpenses": 549900000,
        "interestIncome": 0,
        "interestExpense": 0,
        "depreciationAndAmortization": 64404000,
        "ebitda": 129004000,
        "ebitdaratio": 0.2079703369,
        "operatingIncome": 70400000,
        "operatingIncomeRatio": 0.1134934709,
        "totalOtherIncomeExpensesNet": -5800000,
        "incomeBeforeTax": 64600000,
        "incomeBeforeTaxRatio": 0.1041431565,
        "incomeTaxExpense": 20200000,
        "netIncome": 44400000,
        "netIncomeRatio": 0.0715782686,
        "eps": 0.15,
        "epsdiluted": 0.15,
        "weightedAverageShsOut": 288600000,
        "weightedAverageShsOutDil": 288600000,
        "link": "https://www.sec.gov/Archives/edgar/data/743316/000074331614000009/0000743316-14-000009-index.htm",
        "finalLink": "https://www.sec.gov/Archives/edgar/data/743316/000074331614000009/maximq21410-q.htm"
    },
    {
        "date": "2013-09-28",
        "symbol": "MXIM",
        "reportedCurrency": "USD",
        "cik": "0000743316",
        "fillingDate": "2013-10-25",
        "acceptedDate": "2013-10-25 17:09:06",
        "calendarYear": "2014",
        "period": "Q1",
        "revenue": 585200000,
        "costOfRevenue": 238000000,
        "grossProfit": 347200000,
        "grossProfitRatio": 0.5933014354,
        "researchAndDevelopmentExpenses": 129900000,
        "generalAndAdministrativeExpenses": 77400000,
        "sellingAndMarketingExpenses": 11300000,
        "sellingGeneralAndAdministrativeExpenses": 88700000,
        "otherExpenses": 0,
        "operatingExpenses": 218600000,
        "costAndExpenses": 456600000,
        "interestIncome": 0,
        "interestExpense": 0,
        "depreciationAndAmortization": 51133000,
        "ebitda": 176233000,
        "ebitdaratio": 0.3011500342,
        "operatingIncome": 128600000,
        "operatingIncomeRatio": 0.2197539303,
        "totalOtherIncomeExpensesNet": -3500000,
        "incomeBeforeTax": 125100000,
        "incomeBeforeTaxRatio": 0.213773069,
        "incomeTaxExpense": 22000000,
        "netIncome": 103100000,
        "netIncomeRatio": 0.1761790841,
        "eps": 0.36,
        "epsdiluted": 0.36,
        "weightedAverageShsOut": 289000000,
        "weightedAverageShsOutDil": 289000000,
        "link": "https://www.sec.gov/Archives/edgar/data/743316/000074331613000059/0000743316-13-000059-index.html",
        "finalLink": "https://www.sec.gov/Archives/edgar/data/743316/000074331613000059/maxim_q11410-q.htm"
    },
    {
        "date": "2013-06-29",
        "symbol": "MXIM",
        "reportedCurrency": "USD",
        "cik": "0000743316",
        "fillingDate": "2013-08-13",
        "acceptedDate": "2013-08-12 21:43:00",
        "calendarYear": "2013",
        "period": "Q4",
        "revenue": 608200000,
        "costOfRevenue": 236800000,
        "grossProfit": 371400000,
        "grossProfitRatio": 0.61065439,
        "researchAndDevelopmentExpenses": 132000000,
        "generalAndAdministrativeExpenses": 82100000,
        "sellingAndMarketingExpenses": 6200000,
        "sellingGeneralAndAdministrativeExpenses": 88300000,
        "otherExpenses": 0,
        "operatingExpenses": 220300000,
        "costAndExpenses": 457100000,
        "interestIncome": 0,
        "interestExpense": 0,
        "depreciationAndAmortization": 51191000,
        "ebitda": 195391000,
        "ebitdaratio": 0.3212610983,
        "operatingIncome": 151100000,
        "operatingIncomeRatio": 0.2484380138,
        "totalOtherIncomeExpensesNet": -6800000,
        "incomeBeforeTax": 144300000,
        "incomeBeforeTaxRatio": 0.2372574811,
        "incomeTaxExpense": 25200000,
        "netIncome": 119000000,
        "netIncomeRatio": 0.1956593226,
        "eps": 0.4,
        "epsdiluted": 0.4,
        "weightedAverageShsOut": 297900000,
        "weightedAverageShsOutDil": 297900000,
        "link": "https://www.sec.gov/Archives/edgar/data/743316/000074331613000039/0000743316-13-000039-index.html",
        "finalLink": "https://www.sec.gov/Archives/edgar/data/743316/000074331613000039/maxim10-kfy2013.htm"
    },
    {
        "date": "2013-03-30",
        "symbol": "MXIM",
        "reportedCurrency": "USD",
        "cik": "0000743316",
        "fillingDate": "2013-04-26",
        "acceptedDate": "2013-04-25 18:11:50",
        "calendarYear": "2013",
        "period": "Q3",
        "revenue": 604900000,
        "costOfRevenue": 228800000,
        "grossProfit": 376100000,
        "grossProfitRatio": 0.6217556621,
        "researchAndDevelopmentExpenses": 134100000,
        "generalAndAdministrativeExpenses": 82000000,
        "sellingAndMarketingExpenses": 5700000,
        "sellingGeneralAndAdministrativeExpenses": 87700000,
        "otherExpenses": 0,
        "operatingExpenses": 221800000,
        "costAndExpenses": 450600000,
        "interestIncome": 0,
        "interestExpense": 0,
        "depreciationAndAmortization": 50391000,
        "ebitda": 204591000,
        "ebitdaratio": 0.3382228468,
        "operatingIncome": 154300000,
        "operatingIncomeRatio": 0.2550834849,
        "totalOtherIncomeExpensesNet": -2700000,
        "incomeBeforeTax": 151600000,
        "incomeBeforeTaxRatio": 0.2506199372,
        "incomeTaxExpense": 22800000,
        "netIncome": 131400000,
        "netIncomeRatio": 0.2172259878,
        "eps": 0.44,
        "epsdiluted": 0.44,
        "weightedAverageShsOut": 300100000,
        "weightedAverageShsOutDil": 300100000,
        "link": "https://www.sec.gov/Archives/edgar/data/743316/000074331613000028/0000743316-13-000028-index.html",
        "finalLink": "https://www.sec.gov/Archives/edgar/data/743316/000074331613000028/maxim_q31310-q.htm"
    },
    {
        "date": "2012-12-29",
        "symbol": "MXIM",
        "reportedCurrency": "USD",
        "cik": "0000743316",
        "fillingDate": "2013-01-25",
        "acceptedDate": "2013-01-25 16:31:44",
        "calendarYear": "2013",
        "period": "Q2",
        "revenue": 605300000,
        "costOfRevenue": 241900000,
        "grossProfit": 363400000,
        "grossProfitRatio": 0.6003634561,
        "researchAndDevelopmentExpenses": 135700000,
        "generalAndAdministrativeExpenses": 80100000,
        "sellingAndMarketingExpenses": 30100000,
        "sellingGeneralAndAdministrativeExpenses": 110200000,
        "otherExpenses": 0,
        "operatingExpenses": 245900000,
        "costAndExpenses": 487800000,
        "interestIncome": 0,
        "interestExpense": 0,
        "depreciationAndAmortization": 51880000,
        "ebitda": 166580000,
        "ebitdaratio": 0.275202379,
        "operatingIncome": 117500000,
        "operatingIncomeRatio": 0.1941186189,
        "totalOtherIncomeExpensesNet": -2700000,
        "incomeBeforeTax": 114800000,
        "incomeBeforeTaxRatio": 0.1896580208,
        "incomeTaxExpense": 38100000,
        "netIncome": 76600000,
        "netIncomeRatio": 0.1265488188,
        "eps": 0.26,
        "epsdiluted": 0.26,
        "weightedAverageShsOut": 298800000,
        "weightedAverageShsOutDil": 298800000,
        "link": "https://www.sec.gov/Archives/edgar/data/743316/000074331613000010/0000743316-13-000010-index.html",
        "finalLink": "https://www.sec.gov/Archives/edgar/data/743316/000074331613000010/maxim_q21310-q.htm"
    },
    {
        "date": "2012-09-29",
        "symbol": "MXIM",
        "reportedCurrency": "USD",
        "cik": "0000743316",
        "fillingDate": "2012-10-26",
        "acceptedDate": "2012-10-26 17:10:50",
        "calendarYear": "2013",
        "period": "Q1",
        "revenue": 623100000,
        "costOfRevenue": 237400000,
        "grossProfit": 385700000,
        "grossProfitRatio": 0.6190017654,
        "researchAndDevelopmentExpenses": 132900000,
        "generalAndAdministrativeExpenses": 80200000,
        "sellingAndMarketingExpenses": 7200000,
        "sellingGeneralAndAdministrativeExpenses": 87400000,
        "otherExpenses": 0,
        "operatingExpenses": 220300000,
        "costAndExpenses": 457700000,
        "interestIncome": 0,
        "interestExpense": 0,
        "depreciationAndAmortization": 53674000,
        "ebitda": 213374000,
        "ebitdaratio": 0.3424394158,
        "operatingIncome": 165400000,
        "operatingIncomeRatio": 0.2654469588,
        "totalOtherIncomeExpensesNet": -5700000,
        "incomeBeforeTax": 159700000,
        "incomeBeforeTaxRatio": 0.2562991494,
        "incomeTaxExpense": 31800000,
        "netIncome": 127900000,
        "netIncomeRatio": 0.2052640026,
        "eps": 0.43,
        "epsdiluted": 0.43,
        "weightedAverageShsOut": 298800000,
        "weightedAverageShsOutDil": 298800000,
        "link": "https://www.sec.gov/Archives/edgar/data/743316/000074331612000036/0000743316-12-000036-index.html",
        "finalLink": "https://www.sec.gov/Archives/edgar/data/743316/000074331612000036/maxim_q11310-q.htm"
    },
    {
        "date": "2012-06-30",
        "symbol": "MXIM",
        "reportedCurrency": "USD",
        "cik": "0000743316",
        "fillingDate": "2012-08-17",
        "acceptedDate": "2012-08-17 16:08:20",
        "calendarYear": "2012",
        "period": "Q4",
        "revenue": 604956000,
        "costOfRevenue": 232967000,
        "grossProfit": 371989000,
        "grossProfitRatio": 0.6149025714,
        "researchAndDevelopmentExpenses": 134007000,
        "generalAndAdministrativeExpenses": 79980000,
        "sellingAndMarketingExpenses": -420000,
        "sellingGeneralAndAdministrativeExpenses": 79560000,
        "otherExpenses": 0,
        "operatingExpenses": 213567000,
        "costAndExpenses": 446534000,
        "interestIncome": 0,
        "interestExpense": 0,
        "depreciationAndAmortization": 53554000,
        "ebitda": 189467000,
        "ebitdaratio": 0.3131913726,
        "operatingIncome": 158422000,
        "operatingIncomeRatio": 0.2618735908,
        "totalOtherIncomeExpensesNet": -22509000,
        "incomeBeforeTax": 135913000,
        "incomeBeforeTaxRatio": 0.2246659261,
        "incomeTaxExpense": 25279000,
        "netIncome": 110634000,
        "netIncomeRatio": 0.182879416,
        "eps": 0.38,
        "epsdiluted": 0.37,
        "weightedAverageShsOut": 292757000,
        "weightedAverageShsOutDil": 299793000,
        "link": "https://www.sec.gov/Archives/edgar/data/743316/000074331612000022/0000743316-12-000022-index.html",
        "finalLink": "https://www.sec.gov/Archives/edgar/data/743316/000074331612000022/maxim10-k063012.htm"
    },
    {
        "date": "2012-03-31",
        "symbol": "MXIM",
        "reportedCurrency": "USD",
        "cik": "0000743316",
        "fillingDate": "2012-04-27",
        "acceptedDate": "2012-04-27 16:07:18",
        "calendarYear": "2012",
        "period": "Q3",
        "revenue": 571212000,
        "costOfRevenue": 235782000,
        "grossProfit": 335430000,
        "grossProfitRatio": 0.5872250583,
        "researchAndDevelopmentExpenses": 136075000,
        "generalAndAdministrativeExpenses": 78011000,
        "sellingAndMarketingExpenses": 1518000,
        "sellingGeneralAndAdministrativeExpenses": 79529000,
        "otherExpenses": 0,
        "operatingExpenses": 215604000,
        "costAndExpenses": 451386000,
        "interestIncome": 0,
        "interestExpense": 0,
        "depreciationAndAmortization": 23639000,
        "ebitda": 143465000,
        "ebitdaratio": 0.2511589392,
        "operatingIncome": 119826000,
        "operatingIncomeRatio": 0.2097750047,
        "totalOtherIncomeExpensesNet": -8170000,
        "incomeBeforeTax": 111656000,
        "incomeBeforeTaxRatio": 0.1954720839,
        "incomeTaxExpense": 88948000,
        "netIncome": 54517000,
        "netIncomeRatio": 0.0954409221,
        "eps": 0.19,
        "epsdiluted": 0.18,
        "weightedAverageShsOut": 292276000,
        "weightedAverageShsOutDil": 300221000,
        "link": "https://www.sec.gov/Archives/edgar/data/743316/000074331612000015/0000743316-12-000015-index.html",
        "finalLink": "https://www.sec.gov/Archives/edgar/data/743316/000074331612000015/maxim_q31210-q.htm"
    },
    {
        "date": "2011-12-31",
        "symbol": "MXIM",
        "reportedCurrency": "USD",
        "cik": "0000743316",
        "fillingDate": "2012-01-30",
        "acceptedDate": "2012-01-27 18:42:52",
        "calendarYear": "2012",
        "period": "Q2",
        "revenue": 591359000,
        "costOfRevenue": 243399000,
        "grossProfit": 347960000,
        "grossProfitRatio": 0.5884073803,
        "researchAndDevelopmentExpenses": 142084000,
        "generalAndAdministrativeExpenses": 80826000,
        "sellingAndMarketingExpenses": 4493000,
        "sellingGeneralAndAdministrativeExpenses": 85319000,
        "otherExpenses": 0,
        "operatingExpenses": 227403000,
        "costAndExpenses": 470802000,
        "interestIncome": 0,
        "interestExpense": 0,
        "depreciationAndAmortization": -3673000,
        "ebitda": 116884000,
        "ebitdaratio": 0.1976532022,
        "operatingIncome": 120557000,
        "operatingIncomeRatio": 0.2038643193,
        "totalOtherIncomeExpensesNet": -3673000,
        "incomeBeforeTax": 116884000,
        "incomeBeforeTaxRatio": 0.1976532022,
        "incomeTaxExpense": 28754000,
        "netIncome": 88130000,
        "netIncomeRatio": 0.1490296081,
        "eps": 0.3,
        "epsdiluted": 0.29,
        "weightedAverageShsOut": 291824000,
        "weightedAverageShsOutDil": 299290000,
        "link": "https://www.sec.gov/Archives/edgar/data/743316/000144530512000164/0001445305-12-000164-index.html",
        "finalLink": "https://www.sec.gov/Archives/edgar/data/743316/000144530512000164/maxim_q21210-q.htm"
    },
    {
        "date": "2011-09-24",
        "symbol": "MXIM",
        "reportedCurrency": "USD",
        "cik": "0000743316",
        "fillingDate": "2011-10-26",
        "acceptedDate": "2011-10-26 17:27:18",
        "calendarYear": "2012",
        "period": "Q1",
        "revenue": 636000000,
        "costOfRevenue": 240500000,
        "grossProfit": 395500000,
        "grossProfitRatio": 0.6218553459,
        "researchAndDevelopmentExpenses": 140200000,
        "generalAndAdministrativeExpenses": 82500000,
        "sellingAndMarketingExpenses": 400000,
        "sellingGeneralAndAdministrativeExpenses": 82900000,
        "otherExpenses": 0,
        "operatingExpenses": 223100000,
        "costAndExpenses": 463600000,
        "interestIncome": 0,
        "interestExpense": 4100000,
        "depreciationAndAmortization": 52071000,
        "ebitda": 224371000,
        "ebitdaratio": 0.3527845912,
        "operatingIncome": 172400000,
        "operatingIncomeRatio": 0.2710691824,
        "totalOtherIncomeExpensesNet": -4100000,
        "incomeBeforeTax": 168300000,
        "incomeBeforeTaxRatio": 0.2646226415,
        "incomeTaxExpense": 34800000,
        "netIncome": 133400000,
        "netIncomeRatio": 0.2097484277,
        "eps": 0.44,
        "epsdiluted": 0.44,
        "weightedAverageShsOut": 301100000,
        "weightedAverageShsOutDil": 301100000,
        "link": "https://www.sec.gov/Archives/edgar/data/743316/000144530511003070/0001445305-11-003070-index.html",
        "finalLink": "https://www.sec.gov/Archives/edgar/data/743316/000144530511003070/maxim_q11210-q.htm"
    },
    {
        "date": "2011-06-25",
        "symbol": "MXIM",
        "reportedCurrency": "USD",
        "cik": "0000743316",
        "fillingDate": "2011-08-08",
        "acceptedDate": "2011-08-05 20:58:22",
        "calendarYear": "2011",
        "period": "Q4",
        "revenue": 626500000,
        "costOfRevenue": 235700000,
        "grossProfit": 390800000,
        "grossProfitRatio": 0.623782921,
        "researchAndDevelopmentExpenses": 136600000,
        "generalAndAdministrativeExpenses": 74500000,
        "sellingAndMarketingExpenses": 1800000,
        "sellingGeneralAndAdministrativeExpenses": 76300000,
        "otherExpenses": 0,
        "operatingExpenses": 212900000,
        "costAndExpenses": 448600000,
        "interestIncome": 0,
        "interestExpense": 0,
        "depreciationAndAmortization": 50100000,
        "ebitda": 226000000,
        "ebitdaratio": 0.3607342378,
        "operatingIncome": 177900000,
        "operatingIncomeRatio": 0.2839584996,
        "totalOtherIncomeExpensesNet": -2000000,
        "incomeBeforeTax": 175900000,
        "incomeBeforeTaxRatio": 0.2807661612,
        "incomeTaxExpense": 50300000,
        "netIncome": 125600000,
        "netIncomeRatio": 0.2004788508,
        "eps": 0.41,
        "epsdiluted": 0.41,
        "weightedAverageShsOut": 303900000,
        "weightedAverageShsOutDil": 303900000,
        "link": "https://www.sec.gov/Archives/edgar/data/743316/000144530511002404/0001445305-11-002404-index.html",
        "finalLink": "https://www.sec.gov/Archives/edgar/data/743316/000144530511002404/maxim10-k062511.htm"
    },
    {
        "date": "2011-03-26",
        "symbol": "MXIM",
        "reportedCurrency": "USD",
        "cik": "0000743316",
        "fillingDate": "2011-04-28",
        "acceptedDate": "2011-04-28 17:30:23",
        "calendarYear": "2011",
        "period": "Q3",
        "revenue": 606800000,
        "costOfRevenue": 234100000,
        "grossProfit": 372700000,
        "grossProfitRatio": 0.6142056691,
        "researchAndDevelopmentExpenses": 131000000,
        "generalAndAdministrativeExpenses": 73400000,
        "sellingAndMarketingExpenses": 4300000,
        "sellingGeneralAndAdministrativeExpenses": 77700000,
        "otherExpenses": 0,
        "operatingExpenses": 208700000,
        "costAndExpenses": 442800000,
        "interestIncome": 0,
        "interestExpense": 0,
        "depreciationAndAmortization": 50600000,
        "ebitda": 213000000,
        "ebitdaratio": 0.3510217535,
        "operatingIncome": 164000000,
        "operatingIncomeRatio": 0.2702702703,
        "totalOtherIncomeExpensesNet": -1600000,
        "incomeBeforeTax": 162400000,
        "incomeBeforeTaxRatio": 0.2676334871,
        "incomeTaxExpense": 26100000,
        "netIncome": 136300000,
        "netIncomeRatio": 0.2246209624,
        "eps": 0.45,
        "epsdiluted": 0.45,
        "weightedAverageShsOut": 304500000,
        "weightedAverageShsOutDil": 304500000,
        "link": "https://www.sec.gov/Archives/edgar/data/743316/000144530511000751/0001445305-11-000751-index.html",
        "finalLink": "https://www.sec.gov/Archives/edgar/data/743316/000144530511000751/maximq31110q.htm"
    },
    {
        "date": "2010-12-25",
        "symbol": "MXIM",
        "reportedCurrency": "USD",
        "cik": "0000743316",
        "fillingDate": "2011-01-24",
        "acceptedDate": "2011-01-21 18:52:56",
        "calendarYear": "2011",
        "period": "Q2",
        "revenue": 612900000,
        "costOfRevenue": 232700000,
        "grossProfit": 380200000,
        "grossProfitRatio": 0.6203295807,
        "researchAndDevelopmentExpenses": 130000000,
        "generalAndAdministrativeExpenses": 79100000,
        "sellingAndMarketingExpenses": 19100000,
        "sellingGeneralAndAdministrativeExpenses": 98200000,
        "otherExpenses": 0,
        "operatingExpenses": 228200000,
        "costAndExpenses": 460900000,
        "interestIncome": 0,
        "interestExpense": 0,
        "depreciationAndAmortization": 52228000,
        "ebitda": 200128000,
        "ebitdaratio": 0.3265263501,
        "operatingIncome": 152000000,
        "operatingIncomeRatio": 0.2480013053,
        "totalOtherIncomeExpensesNet": -4100000,
        "incomeBeforeTax": 147900000,
        "incomeBeforeTaxRatio": 0.2413117964,
        "incomeTaxExpense": 38300000,
        "netIncome": 109600000,
        "netIncomeRatio": 0.1788219938,
        "eps": 0.36,
        "epsdiluted": 0.36,
        "weightedAverageShsOut": 303300000,
        "weightedAverageShsOutDil": 303300000,
        "link": "https://www.sec.gov/Archives/edgar/data/743316/000144530511000110/0001445305-11-000110-index.htm",
        "finalLink": "https://www.sec.gov/Archives/edgar/data/743316/000144530511000110/maximq21110q.htm"
    },
    {
        "date": "2010-09-25",
        "symbol": "MXIM",
        "reportedCurrency": "USD",
        "cik": "0000743316",
        "fillingDate": "2010-11-02",
        "acceptedDate": "2010-11-01 21:37:55",
        "calendarYear": "2011",
        "period": "Q1",
        "revenue": 626100000,
        "costOfRevenue": 239900000,
        "grossProfit": 386200000,
        "grossProfitRatio": 0.6168343715,
        "researchAndDevelopmentExpenses": 127800000,
        "generalAndAdministrativeExpenses": 72100000,
        "sellingAndMarketingExpenses": 7200000,
        "sellingGeneralAndAdministrativeExpenses": 79300000,
        "otherExpenses": 0,
        "operatingExpenses": 207100000,
        "costAndExpenses": 447000000,
        "interestIncome": 0,
        "interestExpense": 0,
        "depreciationAndAmortization": 52134000,
        "ebitda": 227634000,
        "ebitdaratio": 0.3635745089,
        "operatingIncome": 179100000,
        "operatingIncomeRatio": 0.2860565405,
        "totalOtherIncomeExpensesNet": -3700000,
        "incomeBeforeTax": 175400000,
        "incomeBeforeTaxRatio": 0.2801469414,
        "incomeTaxExpense": 57900000,
        "netIncome": 117600000,
        "netIncomeRatio": 0.1878294202,
        "eps": 0.39,
        "epsdiluted": 0.39,
        "weightedAverageShsOut": 301700000,
        "weightedAverageShsOutDil": 301700000,
        "link": "https://www.sec.gov/Archives/edgar/data/743316/000144530510001199/0001445305-10-001199-index.html",
        "finalLink": "https://www.sec.gov/Archives/edgar/data/743316/000144530510001199/maxim10q092510.htm"
    },
    {
        "date": "2010-06-26",
        "symbol": "MXIM",
        "reportedCurrency": "USD",
        "cik": "0000743316",
        "fillingDate": "2010-08-19",
        "acceptedDate": "2010-08-18 20:46:35",
        "calendarYear": "2010",
        "period": "Q4",
        "revenue": 566000000,
        "costOfRevenue": 225000000,
        "grossProfit": 341000000,
        "grossProfitRatio": 0.6024734982,
        "researchAndDevelopmentExpenses": 123500000,
        "generalAndAdministrativeExpenses": 67300000,
        "sellingAndMarketingExpenses": 9100000,
        "sellingGeneralAndAdministrativeExpenses": 76400000,
        "otherExpenses": 0,
        "operatingExpenses": 199900000,
        "costAndExpenses": 424900000,
        "interestIncome": 0,
        "interestExpense": 0,
        "depreciationAndAmortization": 50385000,
        "ebitda": 193385000,
        "ebitdaratio": 0.3416696113,
        "operatingIncome": 141100000,
        "operatingIncomeRatio": 0.2492932862,
        "totalOtherIncomeExpensesNet": 1800000,
        "incomeBeforeTax": 142900000,
        "incomeBeforeTaxRatio": 0.2524734982,
        "incomeTaxExpense": 84500000,
        "netIncome": 58500000,
        "netIncomeRatio": 0.1033568905,
        "eps": 0.19,
        "epsdiluted": 0.19,
        "weightedAverageShsOut": 313300000,
        "weightedAverageShsOutDil": 313300000,
        "link": "https://www.sec.gov/Archives/edgar/data/743316/000144530510000890/0001445305-10-000890-index.html",
        "finalLink": "https://www.sec.gov/Archives/edgar/data/743316/000144530510000890/maxim10k062610.htm"
    },
    {
        "date": "2010-03-27",
        "symbol": "MXIM",
        "reportedCurrency": "USD",
        "cik": "0000743316",
        "fillingDate": "2010-05-05",
        "acceptedDate": "2010-05-05 17:11:44",
        "calendarYear": "2010",
        "period": "Q3",
        "revenue": 508900000,
        "costOfRevenue": 200200000,
        "grossProfit": 308700000,
        "grossProfitRatio": 0.6066024759,
        "researchAndDevelopmentExpenses": 116800000,
        "generalAndAdministrativeExpenses": 66000000,
        "sellingAndMarketingExpenses": 174100000,
        "sellingGeneralAndAdministrativeExpenses": 240100000,
        "otherExpenses": 0,
        "operatingExpenses": 356900000,
        "costAndExpenses": 557100000,
        "interestIncome": 0,
        "interestExpense": 0,
        "depreciationAndAmortization": 40810000,
        "ebitda": -6790000,
        "ebitdaratio": -0.0133425034,
        "operatingIncome": -48300000,
        "operatingIncomeRatio": -0.0949105915,
        "totalOtherIncomeExpensesNet": 700000,
        "incomeBeforeTax": -47600000,
        "incomeBeforeTaxRatio": -0.0935350757,
        "incomeTaxExpense": -13700000,
        "netIncome": -33900000,
        "netIncomeRatio": -0.0666142661,
        "eps": -0.11,
        "epsdiluted": -0.11,
        "weightedAverageShsOut": 304500000,
        "weightedAverageShsOutDil": 304500000,
        "link": "https://www.sec.gov/Archives/edgar/data/743316/000144530510000432/0001445305-10-000432-index.html",
        "finalLink": "https://www.sec.gov/Archives/edgar/data/743316/000144530510000432/maxim10q032710.htm"
    },
    {
        "date": "2009-12-26",
        "symbol": "MXIM",
        "reportedCurrency": "USD",
        "cik": "0000743316",
        "fillingDate": "2010-02-04",
        "acceptedDate": "2010-02-04 13:01:52",
        "calendarYear": "2010",
        "period": "Q2",
        "revenue": 473500000,
        "costOfRevenue": 181700000,
        "grossProfit": 291800000,
        "grossProfitRatio": 0.6162618796,
        "researchAndDevelopmentExpenses": 118000000,
        "generalAndAdministrativeExpenses": 60700000,
        "sellingAndMarketingExpenses": 4000000,
        "sellingGeneralAndAdministrativeExpenses": 64700000,
        "otherExpenses": 0,
        "operatingExpenses": 182700000,
        "costAndExpenses": 364400000,
        "interestIncome": 0,
        "interestExpense": 0,
        "depreciationAndAmortization": 39832000,
        "ebitda": 152532000,
        "ebitdaratio": 0.3221372756,
        "operatingIncome": 109100000,
        "operatingIncomeRatio": 0.2304118268,
        "totalOtherIncomeExpensesNet": 3700000,
        "incomeBeforeTax": 112800000,
        "incomeBeforeTaxRatio": 0.2382259768,
        "incomeTaxExpense": 54100000,
        "netIncome": 58600000,
        "netIncomeRatio": 0.1237592397,
        "eps": 0.19,
        "epsdiluted": 0.19,
        "weightedAverageShsOut": 310100000,
        "weightedAverageShsOutDil": 310100000,
        "link": "https://www.sec.gov/Archives/edgar/data/743316/000144530510000053/0001445305-10-000053-index.html",
        "finalLink": "https://www.sec.gov/Archives/edgar/data/743316/000144530510000053/maxim10q122609.htm"
    },
    {
        "date": "2009-09-26",
        "symbol": "MXIM",
        "reportedCurrency": "USD",
        "cik": "0000743316",
        "fillingDate": "2009-11-05",
        "acceptedDate": "2009-11-04 20:57:49",
        "calendarYear": "2010",
        "period": "Q1",
        "revenue": 449200000,
        "costOfRevenue": 197600000,
        "grossProfit": 251600000,
        "grossProfitRatio": 0.5601068566,
        "researchAndDevelopmentExpenses": 116300000,
        "generalAndAdministrativeExpenses": 53000000,
        "sellingAndMarketingExpenses": -7799999.99999997,
        "sellingGeneralAndAdministrativeExpenses": 45200000,
        "otherExpenses": 0,
        "operatingExpenses": 161500000,
        "costAndExpenses": 359100000,
        "interestIncome": 0,
        "interestExpense": 0,
        "depreciationAndAmortization": 36496000,
        "ebitda": 128496000,
        "ebitdaratio": 0.2860552093,
        "operatingIncome": 90100000,
        "operatingIncomeRatio": 0.2005788068,
        "totalOtherIncomeExpensesNet": 1900000,
        "incomeBeforeTax": 92000000,
        "incomeBeforeTaxRatio": 0.2048085485,
        "incomeTaxExpense": 50000000,
        "netIncome": 42000000,
        "netIncomeRatio": 0.0934995548,
        "eps": 0.13,
        "epsdiluted": 0.13,
        "weightedAverageShsOut": 312200000,
        "weightedAverageShsOutDil": 312200000,
        "link": "https://www.sec.gov/Archives/edgar/data/743316/000113626109000329/0001136261-09-000329-index.html",
        "finalLink": "https://www.sec.gov/Archives/edgar/data/743316/000113626109000329/form10q.htm"
    },
    {
        "date": "2009-06-27",
        "symbol": "MXIM",
        "reportedCurrency": "USD",
        "cik": "0000743316",
        "fillingDate": "2009-08-26",
        "acceptedDate": "2009-08-26 16:46:23",
        "calendarYear": "2009",
        "period": "Q4",
        "revenue": 394500000,
        "costOfRevenue": 203900000,
        "grossProfit": 190600000,
        "grossProfitRatio": 0.4831432193,
        "researchAndDevelopmentExpenses": 117100000,
        "generalAndAdministrativeExpenses": 48500000,
        "sellingAndMarketingExpenses": 3400000,
        "sellingGeneralAndAdministrativeExpenses": 51900000,
        "otherExpenses": 0,
        "operatingExpenses": 169000000,
        "costAndExpenses": 372900000,
        "interestIncome": 0,
        "interestExpense": 0,
        "depreciationAndAmortization": 56513000,
        "ebitda": 79113000,
        "ebitdaratio": 0.200539924,
        "operatingIncome": 21600000,
        "operatingIncomeRatio": 0.0547528517,
        "totalOtherIncomeExpensesNet": 1000000,
        "incomeBeforeTax": 22600000,
        "incomeBeforeTaxRatio": 0.057287706,
        "incomeTaxExpense": 14500000,
        "netIncome": 8100000,
        "netIncomeRatio": 0.0205323194,
        "eps": 0.0263,
        "epsdiluted": 0.0263,
        "weightedAverageShsOut": 308400000,
        "weightedAverageShsOutDil": 308400000,
        "link": "https://www.sec.gov/Archives/edgar/data/743316/000113626109000263/0001136261-09-000263-index.html",
        "finalLink": "https://www.sec.gov/Archives/edgar/data/743316/000113626109000263/form10k.htm"
    },
    {
        "date": "2009-03-28",
        "symbol": "MXIM",
        "reportedCurrency": "USD",
        "cik": "0000743316",
        "fillingDate": "2009-05-07",
        "acceptedDate": "2009-05-07 16:53:48",
        "calendarYear": "2009",
        "period": "Q3",
        "revenue": 339700000,
        "costOfRevenue": 172000000,
        "grossProfit": 167700000,
        "grossProfitRatio": 0.4936708861,
        "researchAndDevelopmentExpenses": 119900000,
        "generalAndAdministrativeExpenses": 30400000,
        "sellingAndMarketingExpenses": 34300000,
        "sellingGeneralAndAdministrativeExpenses": 64700000,
        "otherExpenses": 0,
        "operatingExpenses": 184600000,
        "costAndExpenses": 356600000,
        "interestIncome": 0,
        "interestExpense": 0,
        "depreciationAndAmortization": 51236000,
        "ebitda": 34036000,
        "ebitdaratio": 0.1001942891,
        "operatingIncome": -17000000,
        "operatingIncomeRatio": -0.0500441566,
        "totalOtherIncomeExpensesNet": -200000,
        "incomeBeforeTax": -17200000,
        "incomeBeforeTaxRatio": -0.0506329114,
        "incomeTaxExpense": 9200000,
        "netIncome": -26400000,
        "netIncomeRatio": -0.0777156314,
        "eps": -0.0845,
        "epsdiluted": -0.0845,
        "weightedAverageShsOut": 312300000,
        "weightedAverageShsOutDil": 312300000,
        "link": "https://www.sec.gov/Archives/edgar/data/743316/000113626109000162/0001136261-09-000162-index.html",
        "finalLink": "https://www.sec.gov/Archives/edgar/data/743316/000113626109000162/form10q.htm"
    },
    {
        "date": "2008-12-27",
        "symbol": "MXIM",
        "reportedCurrency": "USD",
        "cik": "0000743316",
        "fillingDate": "2009-02-05",
        "acceptedDate": "2009-02-05 16:49:43",
        "calendarYear": "2009",
        "period": "Q2",
        "revenue": 410700000,
        "costOfRevenue": 211600000,
        "grossProfit": 199100000,
        "grossProfitRatio": 0.4847820794,
        "researchAndDevelopmentExpenses": 144300000,
        "generalAndAdministrativeExpenses": 74000000,
        "sellingAndMarketingExpenses": 61600000,
        "sellingGeneralAndAdministrativeExpenses": 135600000,
        "otherExpenses": 0,
        "operatingExpenses": 279900000,
        "costAndExpenses": 491500000,
        "interestIncome": 0,
        "interestExpense": 0,
        "depreciationAndAmortization": 50893000,
        "ebitda": -22607000,
        "ebitdaratio": -0.055045045,
        "operatingIncome": -80800000,
        "operatingIncomeRatio": -0.1967372778,
        "totalOtherIncomeExpensesNet": 7300000,
        "incomeBeforeTax": -73500000,
        "incomeBeforeTaxRatio": -0.1789627465,
        "incomeTaxExpense": -34700000,
        "netIncome": -38800000,
        "netIncomeRatio": -0.0944728512,
        "eps": -0.12,
        "epsdiluted": -0.12,
        "weightedAverageShsOut": 312700000,
        "weightedAverageShsOutDil": 312700000,
        "link": "https://www.sec.gov/Archives/edgar/data/743316/000113626109000069/0001136261-09-000069-index.html",
        "finalLink": "https://www.sec.gov/Archives/edgar/data/743316/000113626109000069/form10q.htm"
    },
    {
        "date": "2008-09-27",
        "symbol": "MXIM",
        "reportedCurrency": "USD",
        "cik": "0000743316",
        "fillingDate": "2008-09-30",
        "acceptedDate": "2008-09-30 16:25:26",
        "calendarYear": "2009",
        "period": "Q1",
        "revenue": 501200000,
        "costOfRevenue": 209700000,
        "grossProfit": 291500000,
        "grossProfitRatio": 0.58160415,
        "researchAndDevelopmentExpenses": 138900000,
        "generalAndAdministrativeExpenses": 46200000,
        "sellingAndMarketingExpenses": 12800000,
        "sellingGeneralAndAdministrativeExpenses": 59000000,
        "otherExpenses": 0,
        "operatingExpenses": 197900000,
        "costAndExpenses": 407600000,
        "interestIncome": 0,
        "interestExpense": 0,
        "depreciationAndAmortization": 46781000,
        "ebitda": 149481000,
        "ebitdaratio": 0.2982462091,
        "operatingIncome": 93600000,
        "operatingIncomeRatio": 0.1867517957,
        "totalOtherIncomeExpensesNet": 9100000,
        "incomeBeforeTax": 102700000,
        "incomeBeforeTaxRatio": 0.2049082203,
        "incomeTaxExpense": 35100000,
        "netIncome": 67600000,
        "netIncomeRatio": 0.1348762969,
        "eps": 0.21,
        "epsdiluted": 0.21,
        "weightedAverageShsOut": 323800000,
        "weightedAverageShsOutDil": 323800000,
        "link": "https://www.sec.gov/Archives/edgar/data/743316/000119312508203957/0001193125-08-203957-index.html",
        "finalLink": "https://www.sec.gov/Archives/edgar/data/743316/000119312508203957/d10k.htm"
    },
    {
        "date": "2008-06-28",
        "symbol": "MXIM",
        "reportedCurrency": "USD",
        "cik": "0000743316",
        "fillingDate": "2008-09-30",
        "acceptedDate": "2008-09-30 16:25:26",
        "calendarYear": "2008",
        "period": "Q4",
        "revenue": 501300000,
        "costOfRevenue": 198200000,
        "grossProfit": 303100000,
        "grossProfitRatio": 0.6046279673,
        "researchAndDevelopmentExpenses": 143600000,
        "generalAndAdministrativeExpenses": 36200000,
        "sellingAndMarketingExpenses": 28400000,
        "sellingGeneralAndAdministrativeExpenses": 64600000,
        "otherExpenses": 0,
        "operatingExpenses": 208200000,
        "costAndExpenses": 406400000,
        "interestIncome": 0,
        "interestExpense": 0,
        "depreciationAndAmortization": 50731000,
        "ebitda": 151431000,
        "ebitdaratio": 0.3020766008,
        "operatingIncome": 94900000,
        "operatingIncomeRatio": 0.1893077997,
        "totalOtherIncomeExpensesNet": 5800000,
        "incomeBeforeTax": 100700000,
        "incomeBeforeTaxRatio": 0.2008777179,
        "incomeTaxExpense": 34700000,
        "netIncome": 66000000,
        "netIncomeRatio": 0.13165769,
        "eps": 0.2,
        "epsdiluted": 0.2,
        "weightedAverageShsOut": 323800000,
        "weightedAverageShsOutDil": 323800000,
        "link": "https://www.sec.gov/Archives/edgar/data/743316/000119312508203957/0001193125-08-203957-index.htm",
        "finalLink": "https://www.sec.gov/Archives/edgar/data/743316/000119312508203957/d10k.htm"
    },
    {
        "date": "2008-03-29",
        "symbol": "MXIM",
        "reportedCurrency": "USD",
        "cik": "0000743316",
        "fillingDate": "2008-09-30",
        "acceptedDate": "2008-09-30 16:23:33",
        "calendarYear": "2008",
        "period": "Q3",
        "revenue": 487400000,
        "costOfRevenue": 198000000,
        "grossProfit": 289400000,
        "grossProfitRatio": 0.5937628231,
        "researchAndDevelopmentExpenses": 138700000,
        "generalAndAdministrativeExpenses": 39100000,
        "sellingAndMarketingExpenses": 30600000,
        "sellingGeneralAndAdministrativeExpenses": 69700000,
        "otherExpenses": 0,
        "operatingExpenses": 208400000,
        "costAndExpenses": 406400000,
        "interestIncome": 0,
        "interestExpense": 0,
        "depreciationAndAmortization": 46352000,
        "ebitda": 138952000,
        "ebitdaratio": 0.2850882232,
        "operatingIncome": 81100000,
        "operatingIncomeRatio": 0.1663931063,
        "totalOtherIncomeExpensesNet": 11600000,
        "incomeBeforeTax": 92700000,
        "incomeBeforeTaxRatio": 0.1901928601,
        "incomeTaxExpense": 31600000,
        "netIncome": 61000000,
        "netIncomeRatio": 0.1251538777,
        "eps": 0.19,
        "epsdiluted": 0.19,
        "weightedAverageShsOut": 322500000,
        "weightedAverageShsOutDil": 322500000,
        "link": "https://www.sec.gov/Archives/edgar/data/743316/000119312508203955/0001193125-08-203955-index.htm",
        "finalLink": "https://www.sec.gov/Archives/edgar/data/743316/000119312508203955/d10q.htm"
    },
    {
        "date": "2007-12-29",
        "symbol": "MXIM",
        "reportedCurrency": "USD",
        "cik": "0000743316",
        "fillingDate": "2008-09-30",
        "acceptedDate": "2008-09-30 16:22:02",
        "calendarYear": "2008",
        "period": "Q2",
        "revenue": 540000000,
        "costOfRevenue": 204300000,
        "grossProfit": 335700000,
        "grossProfitRatio": 0.6216666667,
        "researchAndDevelopmentExpenses": 138300000,
        "generalAndAdministrativeExpenses": 41600000,
        "sellingAndMarketingExpenses": 15200000,
        "sellingGeneralAndAdministrativeExpenses": 56800000,
        "otherExpenses": 0,
        "operatingExpenses": 195100000,
        "costAndExpenses": 399400000,
        "interestIncome": 0,
        "interestExpense": 0,
        "depreciationAndAmortization": 34479000,
        "ebitda": 196979000,
        "ebitdaratio": 0.3647759259,
        "operatingIncome": 140600000,
        "operatingIncomeRatio": 0.2603703704,
        "totalOtherIncomeExpensesNet": 21900000,
        "incomeBeforeTax": 162500000,
        "incomeBeforeTaxRatio": 0.3009259259,
        "incomeTaxExpense": 55500000,
        "netIncome": 107000000,
        "netIncomeRatio": 0.1981481481,
        "eps": 0.33,
        "epsdiluted": 0.33,
        "weightedAverageShsOut": 326300000,
        "weightedAverageShsOutDil": 326300000,
        "link": "https://www.sec.gov/Archives/edgar/data/743316/000119312508203951/0001193125-08-203951-index.htm",
        "finalLink": "https://www.sec.gov/Archives/edgar/data/743316/000119312508203951/d10q.htm"
    },
    {
        "date": "2007-09-29",
        "symbol": "MXIM",
        "reportedCurrency": "USD",
        "cik": "0000743316",
        "fillingDate": "2008-09-30",
        "acceptedDate": "2008-09-30 16:21:00",
        "calendarYear": "2008",
        "period": "Q1",
        "revenue": 524100000,
        "costOfRevenue": 203500000,
        "grossProfit": 320600000,
        "grossProfitRatio": 0.6117153215,
        "researchAndDevelopmentExpenses": 160000000,
        "generalAndAdministrativeExpenses": 48700000,
        "sellingAndMarketingExpenses": 2300000,
        "sellingGeneralAndAdministrativeExpenses": 51000000,
        "otherExpenses": 0,
        "operatingExpenses": 211000000,
        "costAndExpenses": 414500000,
        "interestIncome": 0,
        "interestExpense": 0,
        "depreciationAndAmortization": 30345000,
        "ebitda": 157245000,
        "ebitdaratio": 0.3000286205,
        "operatingIncome": 109500000,
        "operatingIncomeRatio": 0.2089295936,
        "totalOtherIncomeExpensesNet": 17400000,
        "incomeBeforeTax": 126900000,
        "incomeBeforeTaxRatio": 0.2421293646,
        "incomeTaxExpense": 43300000,
        "netIncome": 83600000,
        "netIncomeRatio": 0.1595115436,
        "eps": 0.25,
        "epsdiluted": 0.25,
        "weightedAverageShsOut": 328900000,
        "weightedAverageShsOutDil": 328900000,
        "link": "https://www.sec.gov/Archives/edgar/data/743316/000119312508203949/0001193125-08-203949-index.htm",
        "finalLink": "https://www.sec.gov/Archives/edgar/data/743316/000119312508203949/d10q.htm"
    },
    {
        "date": "2007-06-30",
        "symbol": "MXIM",
        "reportedCurrency": "USD",
        "cik": "0000743316",
        "fillingDate": "2008-09-30",
        "acceptedDate": "2008-09-30 16:19:23",
        "calendarYear": "2007",
        "period": "Q4",
        "revenue": 532370000,
        "costOfRevenue": 209454000,
        "grossProfit": 322916000,
        "grossProfitRatio": 0.6065631046,
        "researchAndDevelopmentExpenses": 148526000,
        "generalAndAdministrativeExpenses": 51222000,
        "sellingAndMarketingExpenses": 0,
        "sellingGeneralAndAdministrativeExpenses": 51222000,
        "otherExpenses": 0,
        "operatingExpenses": 199748000,
        "costAndExpenses": 409202000,
        "interestIncome": 0,
        "interestExpense": 0,
        "depreciationAndAmortization": 27142000,
        "ebitda": 168359000,
        "ebitdaratio": 0.3162443413,
        "operatingIncome": 123168000,
        "operatingIncomeRatio": 0.2313578902,
        "totalOtherIncomeExpensesNet": 18049000,
        "incomeBeforeTax": 141217000,
        "incomeBeforeTaxRatio": 0.2652610027,
        "incomeTaxExpense": 48964000,
        "netIncome": 92253000,
        "netIncomeRatio": 0.1732873753,
        "eps": 0.28,
        "epsdiluted": 0.28,
        "weightedAverageShsOut": 328900000,
        "weightedAverageShsOutDil": 328900000,
        "link": "https://www.sec.gov/Archives/edgar/data/743316/000119312508203947/0001193125-08-203947-index.htm",
        "finalLink": "https://www.sec.gov/Archives/edgar/data/743316/000119312508203947/d10k.htm"
    },
    {
        "date": "2007-03-24",
        "symbol": "MXIM",
        "reportedCurrency": "USD",
        "cik": "0000743316",
        "fillingDate": "2008-09-30",
        "acceptedDate": "2008-09-30 16:18:15",
        "calendarYear": "2007",
        "period": "Q3",
        "revenue": 476600000,
        "costOfRevenue": 190300000,
        "grossProfit": 286300000,
        "grossProfitRatio": 0.6007133865,
        "researchAndDevelopmentExpenses": 159400000,
        "generalAndAdministrativeExpenses": 40600000,
        "sellingAndMarketingExpenses": 0,
        "sellingGeneralAndAdministrativeExpenses": 40600000,
        "otherExpenses": 0,
        "operatingExpenses": 200000000,
        "costAndExpenses": 390300000,
        "interestIncome": 0,
        "interestExpense": 0,
        "depreciationAndAmortization": 27265000,
        "ebitda": 128665000,
        "ebitdaratio": 0.2699643307,
        "operatingIncome": 86300000,
        "operatingIncomeRatio": 0.1810742761,
        "totalOtherIncomeExpensesNet": 15000000,
        "incomeBeforeTax": 101300000,
        "incomeBeforeTaxRatio": 0.2125472094,
        "incomeTaxExpense": 25300000,
        "netIncome": 76100000,
        "netIncomeRatio": 0.1596726815,
        "eps": 0.23,
        "epsdiluted": 0.23,
        "weightedAverageShsOut": 330400000,
        "weightedAverageShsOutDil": 330400000,
        "link": "https://www.sec.gov/Archives/edgar/data/743316/000119312508203945/0001193125-08-203945-index.htm",
        "finalLink": "https://www.sec.gov/Archives/edgar/data/743316/000119312508203945/d10q.htm"
    },
    {
        "date": "2006-12-23",
        "symbol": "MXIM",
        "reportedCurrency": "USD",
        "cik": "0000743316",
        "fillingDate": "2008-09-30",
        "acceptedDate": "2008-09-30 16:16:00",
        "calendarYear": "2007",
        "period": "Q2",
        "revenue": 497500000,
        "costOfRevenue": 189300000,
        "grossProfit": 308200000,
        "grossProfitRatio": 0.6194974874,
        "researchAndDevelopmentExpenses": 138300000,
        "generalAndAdministrativeExpenses": 43000000,
        "sellingAndMarketingExpenses": 0,
        "sellingGeneralAndAdministrativeExpenses": 43000000,
        "otherExpenses": 0,
        "operatingExpenses": 181300000,
        "costAndExpenses": 370600000,
        "interestIncome": 0,
        "interestExpense": 0,
        "depreciationAndAmortization": 25889000,
        "ebitda": 167489000,
        "ebitdaratio": 0.3366613065,
        "operatingIncome": 126800000,
        "operatingIncomeRatio": 0.2548743719,
        "totalOtherIncomeExpensesNet": 14800000,
        "incomeBeforeTax": 141600000,
        "incomeBeforeTaxRatio": 0.2846231156,
        "incomeTaxExpense": 44000000,
        "netIncome": 97600000,
        "netIncomeRatio": 0.1961809045,
        "eps": 0.3,
        "epsdiluted": 0.3,
        "weightedAverageShsOut": 329600000,
        "weightedAverageShsOutDil": 329600000,
        "link": "https://www.sec.gov/Archives/edgar/data/743316/000119312508203941/0001193125-08-203941-index.htm",
        "finalLink": "https://www.sec.gov/Archives/edgar/data/743316/000119312508203941/d10q.htm"
    },
    {
        "date": "2006-09-23",
        "symbol": "MXIM",
        "reportedCurrency": "USD",
        "cik": "0000743316",
        "fillingDate": "2008-09-30",
        "acceptedDate": "2008-09-30 16:15:13",
        "calendarYear": "2007",
        "period": "Q1",
        "revenue": 502700000,
        "costOfRevenue": 203700000,
        "grossProfit": 299000000,
        "grossProfitRatio": 0.594788144,
        "researchAndDevelopmentExpenses": 213200000,
        "generalAndAdministrativeExpenses": 69700000,
        "sellingAndMarketingExpenses": 0,
        "sellingGeneralAndAdministrativeExpenses": 69700000,
        "otherExpenses": 0,
        "operatingExpenses": 282900000,
        "costAndExpenses": 486600000,
        "interestIncome": 0,
        "interestExpense": 0,
        "depreciationAndAmortization": 24347000,
        "ebitda": 53847000,
        "ebitdaratio": 0.1071155759,
        "operatingIncome": 16100000,
        "operatingIncomeRatio": 0.0320270539,
        "totalOtherIncomeExpensesNet": 13400000,
        "incomeBeforeTax": 29500000,
        "incomeBeforeTaxRatio": 0.0586831112,
        "incomeTaxExpense": 9200000,
        "netIncome": 20300000,
        "netIncomeRatio": 0.0403819375,
        "eps": 0.0619,
        "epsdiluted": 0.0619,
        "weightedAverageShsOut": 328200000,
        "weightedAverageShsOutDil": 328200000,
        "link": "https://www.sec.gov/Archives/edgar/data/743316/000119312508203940/0001193125-08-203940-index.htm",
        "finalLink": "https://www.sec.gov/Archives/edgar/data/743316/000119312508203940/d10q.htm"
    },
    {
        "date": "2006-06-24",
        "symbol": "MXIM",
        "reportedCurrency": "USD",
        "cik": "0000743316",
        "fillingDate": "2008-09-30",
        "acceptedDate": "2008-09-30 16:13:32",
        "calendarYear": "2006",
        "period": "Q4",
        "revenue": 509200000,
        "costOfRevenue": 180400000,
        "grossProfit": 328800000,
        "grossProfitRatio": 0.6457187745,
        "researchAndDevelopmentExpenses": 133800000,
        "generalAndAdministrativeExpenses": 64600000,
        "sellingAndMarketingExpenses": 0,
        "sellingGeneralAndAdministrativeExpenses": 64600000,
        "otherExpenses": 0,
        "operatingExpenses": 198400000,
        "costAndExpenses": 378800000,
        "interestIncome": 0,
        "interestExpense": 0,
        "depreciationAndAmortization": 27408000,
        "ebitda": 170608000,
        "ebitdaratio": 0.3350510605,
        "operatingIncome": 130400000,
        "operatingIncomeRatio": 0.2560879811,
        "totalOtherIncomeExpensesNet": 12800000,
        "incomeBeforeTax": 143200000,
        "incomeBeforeTaxRatio": 0.2812254517,
        "incomeTaxExpense": 47100000,
        "netIncome": 96100000,
        "netIncomeRatio": 0.1887274156,
        "eps": 0.29,
        "epsdiluted": 0.29,
        "weightedAverageShsOut": 333000000,
        "weightedAverageShsOutDil": 333000000,
        "link": "https://www.sec.gov/Archives/edgar/data/743316/000119312508203936/0001193125-08-203936-index.htm",
        "finalLink": "https://www.sec.gov/Archives/edgar/data/743316/000119312508203936/d10k.htm"
    },
    {
        "date": "2006-03-25",
        "symbol": "MXIM",
        "reportedCurrency": "USD",
        "cik": "0000743316",
        "fillingDate": "2006-05-03",
        "acceptedDate": "2006-05-03 16:13:50",
        "calendarYear": "2006",
        "period": "Q3",
        "revenue": 478200000,
        "costOfRevenue": 163800000,
        "grossProfit": 314400000,
        "grossProfitRatio": 0.6574654956,
        "researchAndDevelopmentExpenses": 127400000,
        "generalAndAdministrativeExpenses": 39900000,
        "sellingAndMarketingExpenses": 0,
        "sellingGeneralAndAdministrativeExpenses": 39900000,
        "otherExpenses": 0,
        "operatingExpenses": 167300000,
        "costAndExpenses": 331100000,
        "interestIncome": 0,
        "interestExpense": 0,
        "depreciationAndAmortization": 21817000,
        "ebitda": 179817000,
        "ebitdaratio": 0.3760288582,
        "operatingIncome": 147000000,
        "operatingIncomeRatio": 0.3074027604,
        "totalOtherIncomeExpensesNet": 11000000,
        "incomeBeforeTax": 158000000,
        "incomeBeforeTaxRatio": 0.330405688,
        "incomeTaxExpense": 50900000,
        "netIncome": 107100000,
        "netIncomeRatio": 0.2239648683,
        "eps": 0.32,
        "epsdiluted": 0.32,
        "weightedAverageShsOut": 336100000,
        "weightedAverageShsOutDil": 336100000,
        "link": "https://www.sec.gov/Archives/edgar/data/743316/000113626106000055/0001136261-06-000055-index.htm",
        "finalLink": "https://www.sec.gov/Archives/edgar/data/743316/000113626106000055/form10q.htm"
    },
    {
        "date": "2005-12-24",
        "symbol": "MXIM",
        "reportedCurrency": "USD",
        "cik": "0000743316",
        "fillingDate": "2006-02-02",
        "acceptedDate": "2006-02-02 15:01:24",
        "calendarYear": "2006",
        "period": "Q2",
        "revenue": 445500000,
        "costOfRevenue": 152300000,
        "grossProfit": 293200000,
        "grossProfitRatio": 0.6581369248,
        "researchAndDevelopmentExpenses": 123400000,
        "generalAndAdministrativeExpenses": 36900000,
        "sellingAndMarketingExpenses": 0,
        "sellingGeneralAndAdministrativeExpenses": 36900000,
        "otherExpenses": 0,
        "operatingExpenses": 160300000,
        "costAndExpenses": 312600000,
        "interestIncome": 0,
        "interestExpense": 0,
        "depreciationAndAmortization": 20531000,
        "ebitda": 165031000,
        "ebitdaratio": 0.3704399551,
        "operatingIncome": 132900000,
        "operatingIncomeRatio": 0.2983164983,
        "totalOtherIncomeExpensesNet": 11500000,
        "incomeBeforeTax": 144400000,
        "incomeBeforeTaxRatio": 0.3241301908,
        "incomeTaxExpense": 46800000,
        "netIncome": 97700000,
        "netIncomeRatio": 0.2193041526,
        "eps": 0.29,
        "epsdiluted": 0.29,
        "weightedAverageShsOut": 338700000,
        "weightedAverageShsOutDil": 338700000,
        "link": "https://www.sec.gov/Archives/edgar/data/743316/000119312506018364/0001193125-06-018364-index.htm",
        "finalLink": "https://www.sec.gov/Archives/edgar/data/743316/000119312506018364/d10q.htm"
    },
    {
        "date": "2005-09-24",
        "symbol": "MXIM",
        "reportedCurrency": "USD",
        "cik": "0000743316",
        "fillingDate": "2005-11-03",
        "acceptedDate": "2005-11-03 15:43:04",
        "calendarYear": "2006",
        "period": "Q1",
        "revenue": 424100000,
        "costOfRevenue": 142000000,
        "grossProfit": 282100000,
        "grossProfitRatio": 0.6651733082,
        "researchAndDevelopmentExpenses": 129500000,
        "generalAndAdministrativeExpenses": 37500000,
        "sellingAndMarketingExpenses": -100000.0000000298,
        "sellingGeneralAndAdministrativeExpenses": 37400000,
        "otherExpenses": 0,
        "operatingExpenses": 166900000,
        "costAndExpenses": 308900000,
        "interestIncome": 0,
        "interestExpense": 0,
        "depreciationAndAmortization": 20568000,
        "ebitda": 148468000,
        "ebitdaratio": 0.3500778118,
        "operatingIncome": 115200000,
        "operatingIncomeRatio": 0.2716340486,
        "totalOtherIncomeExpensesNet": 11000000,
        "incomeBeforeTax": 126200000,
        "incomeBeforeTaxRatio": 0.2975713275,
        "incomeTaxExpense": 41100000,
        "netIncome": 86800000,
        "netIncomeRatio": 0.2046687102,
        "eps": 0.25,
        "epsdiluted": 0.25,
        "weightedAverageShsOut": 346700000,
        "weightedAverageShsOutDil": 346700000,
        "link": "https://www.sec.gov/Archives/edgar/data/743316/000119312505215589/0001193125-05-215589-index.htm",
        "finalLink": "https://www.sec.gov/Archives/edgar/data/743316/000119312505215589/d10q.htm"
    },
    {
        "date": "2005-06-25",
        "symbol": "MXIM",
        "reportedCurrency": "USD",
        "cik": "0000743316",
        "fillingDate": "2005-09-08",
        "acceptedDate": "2005-09-08 16:43:21",
        "calendarYear": "2005",
        "period": "Q4",
        "revenue": 399400000,
        "costOfRevenue": 121300000,
        "grossProfit": 278100000,
        "grossProfitRatio": 0.6962944417,
        "researchAndDevelopmentExpenses": 98200000,
        "generalAndAdministrativeExpenses": 30400000,
        "sellingAndMarketingExpenses": 0,
        "sellingGeneralAndAdministrativeExpenses": 30400000,
        "otherExpenses": 0,
        "operatingExpenses": 128600000,
        "costAndExpenses": 249900000,
        "interestIncome": 0,
        "interestExpense": 0,
        "depreciationAndAmortization": 19748000,
        "ebitda": 178848000,
        "ebitdaratio": 0.4477916875,
        "operatingIncome": 149400000,
        "operatingIncomeRatio": 0.3740610916,
        "totalOtherIncomeExpensesNet": 9700000,
        "incomeBeforeTax": 159100000,
        "incomeBeforeTaxRatio": 0.3983475213,
        "incomeTaxExpense": 54700000,
        "netIncome": 104400000,
        "netIncomeRatio": 0.2613920881,
        "eps": 0.31,
        "epsdiluted": 0.31,
        "weightedAverageShsOut": 340900000,
        "weightedAverageShsOutDil": 340900000,
        "link": "https://www.sec.gov/Archives/edgar/data/743316/000119312505182318/0001193125-05-182318-index.htm",
        "finalLink": "https://www.sec.gov/Archives/edgar/data/743316/000119312505182318/d10k.htm"
    },
    {
        "date": "2005-03-26",
        "symbol": "MXIM",
        "reportedCurrency": "USD",
        "cik": "0000743316",
        "fillingDate": "2005-05-05",
        "acceptedDate": "2005-05-05 14:37:02",
        "calendarYear": "2005",
        "period": "Q3",
        "revenue": 402700000,
        "costOfRevenue": 119700000,
        "grossProfit": 283000000,
        "grossProfitRatio": 0.7027563943,
        "researchAndDevelopmentExpenses": 99400000,
        "generalAndAdministrativeExpenses": 33200000,
        "sellingAndMarketingExpenses": 100000,
        "sellingGeneralAndAdministrativeExpenses": 33300000,
        "otherExpenses": 0,
        "operatingExpenses": 132700000,
        "costAndExpenses": 252400000,
        "interestIncome": 0,
        "interestExpense": 0,
        "depreciationAndAmortization": 19282000,
        "ebitda": 177482000,
        "ebitdaratio": 0.440730072,
        "operatingIncome": 150300000,
        "operatingIncomeRatio": 0.3732306928,
        "totalOtherIncomeExpensesNet": 7900000,
        "incomeBeforeTax": 158200000,
        "incomeBeforeTaxRatio": 0.3928482741,
        "incomeTaxExpense": 52800000,
        "netIncome": 105400000,
        "netIncomeRatio": 0.2617333002,
        "eps": 0.31,
        "epsdiluted": 0.31,
        "weightedAverageShsOut": 341700000,
        "weightedAverageShsOutDil": 341700000,
        "link": "https://www.sec.gov/Archives/edgar/data/743316/000120677405000830/0001206774-05-000830-index.htm",
        "finalLink": "https://www.sec.gov/Archives/edgar/data/743316/000120677405000830/mi911544.htm"
    },
    {
        "date": "2004-12-25",
        "symbol": "MXIM",
        "reportedCurrency": "USD",
        "cik": "0000743316",
        "fillingDate": "2005-02-03",
        "acceptedDate": "2005-02-03 14:13:49",
        "calendarYear": "2005",
        "period": "Q2",
        "revenue": 433500000,
        "costOfRevenue": 125700000,
        "grossProfit": 307800000,
        "grossProfitRatio": 0.7100346021,
        "researchAndDevelopmentExpenses": 92300000,
        "generalAndAdministrativeExpenses": 30200000,
        "sellingAndMarketingExpenses": 0,
        "sellingGeneralAndAdministrativeExpenses": 30200000,
        "otherExpenses": 0,
        "operatingExpenses": 122500000,
        "costAndExpenses": 248200000,
        "interestIncome": 0,
        "interestExpense": 0,
        "depreciationAndAmortization": 19134000,
        "ebitda": 210834000,
        "ebitdaratio": 0.4863529412,
        "operatingIncome": 185300000,
        "operatingIncomeRatio": 0.4274509804,
        "totalOtherIncomeExpensesNet": 6400000,
        "incomeBeforeTax": 191700000,
        "incomeBeforeTaxRatio": 0.4422145329,
        "incomeTaxExpense": 64500000,
        "netIncome": 127200000,
        "netIncomeRatio": 0.2934256055,
        "eps": 0.37,
        "epsdiluted": 0.37,
        "weightedAverageShsOut": 342200000,
        "weightedAverageShsOutDil": 342200000,
        "link": "https://www.sec.gov/Archives/edgar/data/743316/000120677405000095/0001206774-05-000095-index.htm",
        "finalLink": "https://www.sec.gov/Archives/edgar/data/743316/000120677405000095/mi910302.htm"
    },
    {
        "date": "2004-09-25",
        "symbol": "MXIM",
        "reportedCurrency": "USD",
        "cik": "0000743316",
        "fillingDate": "2004-11-04",
        "acceptedDate": "2004-11-04 13:58:55",
        "calendarYear": "2005",
        "period": "Q1",
        "revenue": 436200000,
        "costOfRevenue": 133000000,
        "grossProfit": 303200000,
        "grossProfitRatio": 0.6950939936,
        "researchAndDevelopmentExpenses": 90500000,
        "generalAndAdministrativeExpenses": 29000000,
        "sellingAndMarketingExpenses": 0,
        "sellingGeneralAndAdministrativeExpenses": 29000000,
        "otherExpenses": 0,
        "operatingExpenses": 119500000,
        "costAndExpenses": 252500000,
        "interestIncome": 0,
        "interestExpense": 0,
        "depreciationAndAmortization": 18685000,
        "ebitda": 208485000,
        "ebitdaratio": 0.477957359,
        "operatingIncome": 183700000,
        "operatingIncomeRatio": 0.4211370931,
        "totalOtherIncomeExpensesNet": 6100000,
        "incomeBeforeTax": 189800000,
        "incomeBeforeTaxRatio": 0.4351215039,
        "incomeTaxExpense": 64500000,
        "netIncome": 125300000,
        "netIncomeRatio": 0.2872535534,
        "eps": 0.37,
        "epsdiluted": 0.37,
        "weightedAverageShsOut": 343200000,
        "weightedAverageShsOutDil": 343200000,
        "link": "https://www.sec.gov/Archives/edgar/data/743316/000120677404001587/0001206774-04-001587-index.htm",
        "finalLink": "https://www.sec.gov/Archives/edgar/data/743316/000120677404001587/mi908624.htm"
    },
    {
        "date": "2004-06-26",
        "symbol": "MXIM",
        "reportedCurrency": "USD",
        "cik": "0000743316",
        "fillingDate": "2004-09-09",
        "acceptedDate": "2004-09-09 16:11:58",
        "calendarYear": "2004",
        "period": "Q4",
        "revenue": 421000000,
        "costOfRevenue": 125500000,
        "grossProfit": 295500000,
        "grossProfitRatio": 0.7019002375,
        "researchAndDevelopmentExpenses": 87800000,
        "generalAndAdministrativeExpenses": 26400000,
        "sellingAndMarketingExpenses": 0,
        "sellingGeneralAndAdministrativeExpenses": 26400000,
        "otherExpenses": 0,
        "operatingExpenses": 114200000,
        "costAndExpenses": 239700000,
        "interestIncome": 0,
        "interestExpense": 0,
        "depreciationAndAmortization": 18289000,
        "ebitda": 204389000,
        "ebitdaratio": 0.4854845606,
        "operatingIncome": 181200000,
        "operatingIncomeRatio": 0.4304038005,
        "totalOtherIncomeExpensesNet": 4900000,
        "incomeBeforeTax": 186100000,
        "incomeBeforeTaxRatio": 0.4420427553,
        "incomeTaxExpense": 61400000,
        "netIncome": 124700000,
        "netIncomeRatio": 0.2961995249,
        "eps": 0.36,
        "epsdiluted": 0.36,
        "weightedAverageShsOut": 346900000,
        "weightedAverageShsOutDil": 346900000,
        "link": "https://www.sec.gov/Archives/edgar/data/743316/000120677404001379/0001206774-04-001379-index.htm",
        "finalLink": "https://www.sec.gov/Archives/edgar/data/743316/000120677404001379/mi909762.htm"
    },
    {
        "date": "2004-03-27",
        "symbol": "MXIM",
        "reportedCurrency": "USD",
        "cik": "0000743316",
        "fillingDate": "2004-05-06",
        "acceptedDate": "2004-05-06 12:33:02",
        "calendarYear": "2004",
        "period": "Q3",
        "revenue": 370000000,
        "costOfRevenue": 111800000,
        "grossProfit": 258200000,
        "grossProfitRatio": 0.6978378378,
        "researchAndDevelopmentExpenses": 77300000,
        "generalAndAdministrativeExpenses": 23500000,
        "sellingAndMarketingExpenses": 0,
        "sellingGeneralAndAdministrativeExpenses": 23500000,
        "otherExpenses": 0,
        "operatingExpenses": 100800000,
        "costAndExpenses": 212600000,
        "interestIncome": 0,
        "interestExpense": 0,
        "depreciationAndAmortization": 14297000,
        "ebitda": 177297000,
        "ebitdaratio": 0.4791810811,
        "operatingIncome": 157500000,
        "operatingIncomeRatio": 0.4256756757,
        "totalOtherIncomeExpensesNet": 5400000,
        "incomeBeforeTax": 162900000,
        "incomeBeforeTaxRatio": 0.4402702703,
        "incomeTaxExpense": 53800000,
        "netIncome": 109200000,
        "netIncomeRatio": 0.2951351351,
        "eps": 0.31,
        "epsdiluted": 0.31,
        "weightedAverageShsOut": 354200000,
        "weightedAverageShsOutDil": 354200000,
        "link": "https://www.sec.gov/Archives/edgar/data/743316/000120677404000456/0001206774-04-000456-index.htm",
        "finalLink": "https://www.sec.gov/Archives/edgar/data/743316/000120677404000456/d14635_10q.htm"
    },
    {
        "date": "2003-12-27",
        "symbol": "MXIM",
        "reportedCurrency": "USD",
        "cik": "0000743316",
        "fillingDate": "2004-02-05",
        "acceptedDate": "2004-02-05 16:05:58",
        "calendarYear": "2004",
        "period": "Q2",
        "revenue": 338100000,
        "costOfRevenue": 103000000,
        "grossProfit": 235100000,
        "grossProfitRatio": 0.6953564034,
        "researchAndDevelopmentExpenses": 71200000,
        "generalAndAdministrativeExpenses": 22200000,
        "sellingAndMarketingExpenses": 0,
        "sellingGeneralAndAdministrativeExpenses": 22200000,
        "otherExpenses": 0,
        "operatingExpenses": 93400000,
        "costAndExpenses": 196400000,
        "interestIncome": 0,
        "interestExpense": 0,
        "depreciationAndAmortization": 14279000,
        "ebitda": 161279000,
        "ebitdaratio": 0.4770156758,
        "operatingIncome": 141700000,
        "operatingIncomeRatio": 0.4191067731,
        "totalOtherIncomeExpensesNet": 5300000,
        "incomeBeforeTax": 147000000,
        "incomeBeforeTaxRatio": 0.4347826087,
        "incomeTaxExpense": 48500000,
        "netIncome": 98500000,
        "netIncomeRatio": 0.2913339249,
        "eps": 0.28,
        "epsdiluted": 0.28,
        "weightedAverageShsOut": 353900000,
        "weightedAverageShsOutDil": 353900000,
        "link": "https://www.sec.gov/Archives/edgar/data/743316/000120677404000029/0001206774-04-000029-index.htm",
        "finalLink": "https://www.sec.gov/Archives/edgar/data/743316/000120677404000029/d13903.htm"
    },
    {
        "date": "2003-09-27",
        "symbol": "MXIM",
        "reportedCurrency": "USD",
        "cik": "0000743316",
        "fillingDate": "2003-11-06",
        "acceptedDate": "2003-11-06 08:00:40",
        "calendarYear": "2004",
        "period": "Q1",
        "revenue": 310200000,
        "costOfRevenue": 93000000,
        "grossProfit": 217200000,
        "grossProfitRatio": 0.7001934236,
        "researchAndDevelopmentExpenses": 70100000,
        "generalAndAdministrativeExpenses": 21400000,
        "sellingAndMarketingExpenses": 0,
        "sellingGeneralAndAdministrativeExpenses": 21400000,
        "otherExpenses": 0,
        "operatingExpenses": 91500000,
        "costAndExpenses": 184500000,
        "interestIncome": 0,
        "interestExpense": 0,
        "depreciationAndAmortization": 14995000,
        "ebitda": 145395000,
        "ebitdaratio": 0.4687137331,
        "operatingIncome": 125700000,
        "operatingIncomeRatio": 0.4052224371,
        "totalOtherIncomeExpensesNet": 4700000,
        "incomeBeforeTax": 130400000,
        "incomeBeforeTaxRatio": 0.4203739523,
        "incomeTaxExpense": 43000000,
        "netIncome": 87400000,
        "netIncomeRatio": 0.2817537073,
        "eps": 0.25,
        "epsdiluted": 0.25,
        "weightedAverageShsOut": 347300000,
        "weightedAverageShsOutDil": 347300000,
        "link": "https://www.sec.gov/Archives/edgar/data/743316/000120677403000805/0001206774-03-000805-index.htm",
        "finalLink": "https://www.sec.gov/Archives/edgar/data/743316/000120677403000805/d13499.htm"
    },
    {
        "date": "2003-06-28",
        "symbol": "MXIM",
        "reportedCurrency": "USD",
        "cik": "0000743316",
        "fillingDate": "2003-09-22",
        "acceptedDate": "2003-09-19 19:22:27",
        "calendarYear": "2003",
        "period": "Q4",
        "revenue": 295000000,
        "costOfRevenue": 88500000,
        "grossProfit": 206500000,
        "grossProfitRatio": 0.7,
        "researchAndDevelopmentExpenses": 67200000,
        "generalAndAdministrativeExpenses": 21000000,
        "sellingAndMarketingExpenses": 0,
        "sellingGeneralAndAdministrativeExpenses": 21000000,
        "otherExpenses": 0,
        "operatingExpenses": 88200000,
        "costAndExpenses": 176700000,
        "interestIncome": 0,
        "interestExpense": 0,
        "depreciationAndAmortization": 14541000,
        "ebitda": 136541000,
        "ebitdaratio": 0.4628508475,
        "operatingIncome": 118400000,
        "operatingIncomeRatio": 0.4013559322,
        "totalOtherIncomeExpensesNet": 3600000,
        "incomeBeforeTax": 122000000,
        "incomeBeforeTaxRatio": 0.413559322,
        "incomeTaxExpense": 40300000,
        "netIncome": 81700000,
        "netIncomeRatio": 0.2769491525,
        "eps": 0.24,
        "epsdiluted": 0.24,
        "weightedAverageShsOut": 344900000,
        "weightedAverageShsOutDil": 344900000,
        "link": "https://www.sec.gov/Archives/edgar/data/743316/000120677403000728/0001206774-03-000728-index.htm",
        "finalLink": "https://www.sec.gov/Archives/edgar/data/743316/000120677403000728/d13285.htm"
    },
    {
        "date": "2003-03-29",
        "symbol": "MXIM",
        "reportedCurrency": "USD",
        "cik": "0000743316",
        "fillingDate": "2003-05-12",
        "acceptedDate": "2003-05-09 20:36:33",
        "calendarYear": "2003",
        "period": "Q3",
        "revenue": 286200000,
        "costOfRevenue": 86100000,
        "grossProfit": 200100000,
        "grossProfitRatio": 0.6991614256,
        "researchAndDevelopmentExpenses": 66800000,
        "generalAndAdministrativeExpenses": 21100000,
        "sellingAndMarketingExpenses": 0,
        "sellingGeneralAndAdministrativeExpenses": 21100000,
        "otherExpenses": 0,
        "operatingExpenses": 87900000,
        "costAndExpenses": 174000000,
        "interestIncome": 0,
        "interestExpense": 0,
        "depreciationAndAmortization": 14959000,
        "ebitda": 130759000,
        "ebitdaratio": 0.4568798043,
        "operatingIncome": 112200000,
        "operatingIncomeRatio": 0.392033543,
        "totalOtherIncomeExpensesNet": 3600000,
        "incomeBeforeTax": 115800000,
        "incomeBeforeTaxRatio": 0.4046121593,
        "incomeTaxExpense": 38200000,
        "netIncome": 77600000,
        "netIncomeRatio": 0.2711390636,
        "eps": 0.23,
        "epsdiluted": 0.23,
        "weightedAverageShsOut": 341900000,
        "weightedAverageShsOutDil": 341900000,
        "link": "https://www.sec.gov/Archives/edgar/data/743316/000089161803002401/0000891618-03-002401-index.html",
        "finalLink": "https://www.sec.gov/Archives/edgar/data/743316/000089161803002401/f89953e10vq.htm"
    },
    {
        "date": "2002-12-28",
        "symbol": "MXIM",
        "reportedCurrency": "USD",
        "cik": "0000743316",
        "fillingDate": "2003-02-11",
        "acceptedDate": "2003-02-11 16:37:50",
        "calendarYear": "2003",
        "period": "Q2",
        "revenue": 286100000,
        "costOfRevenue": 86500000,
        "grossProfit": 199600000,
        "grossProfitRatio": 0.6976581615,
        "researchAndDevelopmentExpenses": 67200000,
        "generalAndAdministrativeExpenses": 21200000,
        "sellingAndMarketingExpenses": 100000,
        "sellingGeneralAndAdministrativeExpenses": 21300000,
        "otherExpenses": 0,
        "operatingExpenses": 88500000,
        "costAndExpenses": 175000000,
        "interestIncome": 0,
        "interestExpense": 0,
        "depreciationAndAmortization": 15137000,
        "ebitda": 130237000,
        "ebitdaratio": 0.4552149598,
        "operatingIncome": 111100000,
        "operatingIncomeRatio": 0.3883257602,
        "totalOtherIncomeExpensesNet": 3900000,
        "incomeBeforeTax": 115000000,
        "incomeBeforeTaxRatio": 0.4019573576,
        "incomeTaxExpense": 38000000,
        "netIncome": 77100000,
        "netIncomeRatio": 0.2694861936,
        "eps": 0.23,
        "epsdiluted": 0.23,
        "weightedAverageShsOut": 340300000,
        "weightedAverageShsOutDil": 340300000,
        "link": "https://www.sec.gov/Archives/edgar/data/743316/000089161803000713/0000891618-03-000713-index.htm",
        "finalLink": "https://www.sec.gov/Archives/edgar/data/743316/000089161803000713/f87439e10vq.htm"
    },
    {
        "date": "2002-09-28",
        "symbol": "MXIM",
        "reportedCurrency": "USD",
        "cik": "0000743316",
        "fillingDate": "2002-11-08",
        "acceptedDate": "2002-11-08 11:54:19",
        "calendarYear": "2003",
        "period": "Q1",
        "revenue": 285900000,
        "costOfRevenue": 87100000,
        "grossProfit": 198800000,
        "grossProfitRatio": 0.6953480238,
        "researchAndDevelopmentExpenses": 71100000,
        "generalAndAdministrativeExpenses": 22300000,
        "sellingAndMarketingExpenses": 0,
        "sellingGeneralAndAdministrativeExpenses": 22300000,
        "otherExpenses": 0,
        "operatingExpenses": 93400000,
        "costAndExpenses": 180500000,
        "interestIncome": 0,
        "interestExpense": 0,
        "depreciationAndAmortization": 15699000,
        "ebitda": 124899000,
        "ebitdaratio": 0.4368625393,
        "operatingIncome": 105400000,
        "operatingIncomeRatio": 0.3686603708,
        "totalOtherIncomeExpensesNet": 3800000,
        "incomeBeforeTax": 109200000,
        "incomeBeforeTaxRatio": 0.3819517314,
        "incomeTaxExpense": 36000000,
        "netIncome": 73200000,
        "netIncomeRatio": 0.2560335782,
        "eps": 0.22,
        "epsdiluted": 0.22,
        "weightedAverageShsOut": 337900000,
        "weightedAverageShsOutDil": 337900000,
        "link": "https://www.sec.gov/Archives/edgar/data/743316/000089161802004950/0000891618-02-004950-index.htm",
        "finalLink": "https://www.sec.gov/Archives/edgar/data/743316/000089161802004950/f85662e10vq.htm"
    },
    {
        "date": "2002-06-29",
        "symbol": "MXIM",
        "reportedCurrency": "USD",
        "cik": "0000743316",
        "fillingDate": "2002-09-25",
        "acceptedDate": "2002-09-25 12:36:26",
        "calendarYear": "2002",
        "period": "Q4",
        "revenue": 280100000,
        "costOfRevenue": 89400000,
        "grossProfit": 190700000,
        "grossProfitRatio": 0.6808282756,
        "researchAndDevelopmentExpenses": 72000000,
        "generalAndAdministrativeExpenses": 22100000,
        "sellingAndMarketingExpenses": 0,
        "sellingGeneralAndAdministrativeExpenses": 22100000,
        "otherExpenses": 0,
        "operatingExpenses": 94100000,
        "costAndExpenses": 183500000,
        "interestIncome": 0,
        "interestExpense": 0,
        "depreciationAndAmortization": 14557000,
        "ebitda": 116957000,
        "ebitdaratio": 0.4175544448,
        "operatingIncome": 96500000,
        "operatingIncomeRatio": 0.3445198144,
        "totalOtherIncomeExpensesNet": 5900000,
        "incomeBeforeTax": 102400000,
        "incomeBeforeTaxRatio": 0.3655837201,
        "incomeTaxExpense": 33800000,
        "netIncome": 68600000,
        "netIncomeRatio": 0.2449125312,
        "eps": 0.2,
        "epsdiluted": 0.2,
        "weightedAverageShsOut": 349400000,
        "weightedAverageShsOutDil": 349400000,
        "link": "https://www.sec.gov/Archives/edgar/data/743316/000089161802004425/0000891618-02-004425-index.html",
        "finalLink": "https://www.sec.gov/Archives/edgar/data/743316/000089161802004425/f84464e10vk.htm"
    },
    {
        "date": "2002-03-30",
        "symbol": "MXIM",
        "reportedCurrency": "USD",
        "cik": "0000743316",
        "fillingDate": "2002-05-14",
        "acceptedDate": "2002-05-14 14:31:08",
        "calendarYear": "2002",
        "period": "Q3",
        "revenue": 258500000,
        "costOfRevenue": 77000000,
        "grossProfit": 181500000,
        "grossProfitRatio": 0.7021276596,
        "researchAndDevelopmentExpenses": 69000000,
        "generalAndAdministrativeExpenses": 22000000,
        "sellingAndMarketingExpenses": -100000,
        "sellingGeneralAndAdministrativeExpenses": 21900000,
        "otherExpenses": 0,
        "operatingExpenses": 90900000,
        "costAndExpenses": 167900000,
        "interestIncome": 0,
        "interestExpense": 0,
        "depreciationAndAmortization": 13176000,
        "ebitda": 112776000,
        "ebitdaratio": 0.436270793,
        "operatingIncome": 90600000,
        "operatingIncomeRatio": 0.350483559,
        "totalOtherIncomeExpensesNet": 9000000,
        "incomeBeforeTax": 99600000,
        "incomeBeforeTaxRatio": 0.3852998066,
        "incomeTaxExpense": 32900000,
        "netIncome": 66700000,
        "netIncomeRatio": 0.2580270793,
        "eps": 0.19,
        "epsdiluted": 0.19,
        "weightedAverageShsOut": 358600000,
        "weightedAverageShsOutDil": 358600000,
        "link": "https://www.sec.gov/Archives/edgar/data/743316/000089161802002382/0000891618-02-002382-index.html",
        "finalLink": "https://www.sec.gov/Archives/edgar/data/743316/000089161802002382/f81531e10-q.htm"
    },
    {
        "date": "2001-12-29",
        "symbol": "MXIM",
        "reportedCurrency": "USD",
        "cik": "0000743316",
        "fillingDate": "2001-12-29",
        "acceptedDate": "2001-12-28 19:00:00",
        "calendarYear": "2002",
        "period": "Q2",
        "revenue": 247100000,
        "costOfRevenue": 74000000,
        "grossProfit": 173100000,
        "grossProfitRatio": 0.7005261028,
        "researchAndDevelopmentExpenses": 68600000,
        "generalAndAdministrativeExpenses": 22900000,
        "sellingAndMarketingExpenses": -100000,
        "sellingGeneralAndAdministrativeExpenses": 22800000,
        "otherExpenses": 0,
        "operatingExpenses": 91400000,
        "costAndExpenses": 165400000,
        "interestIncome": 0,
        "interestExpense": 0,
        "depreciationAndAmortization": 14321000,
        "ebitda": 107721000,
        "ebitdaratio": 0.4359409146,
        "operatingIncome": 81700000,
        "operatingIncomeRatio": 0.3306353703,
        "totalOtherIncomeExpensesNet": 11700000,
        "incomeBeforeTax": 93400000,
        "incomeBeforeTaxRatio": 0.3779846216,
        "incomeTaxExpense": 30800000,
        "netIncome": 62600000,
        "netIncomeRatio": 0.2533387293,
        "eps": 0.18,
        "epsdiluted": 0.18,
        "weightedAverageShsOut": 355800000,
        "weightedAverageShsOutDil": 355800000,
        "link": "",
        "finalLink": ""
    },
    {
        "date": "2001-09-29",
        "symbol": "MXIM",
        "reportedCurrency": "USD",
        "cik": "0000743316",
        "fillingDate": "2001-11-13",
        "acceptedDate": "2001-11-13 00:00:00",
        "calendarYear": "2002",
        "period": "Q1",
        "revenue": 239400000,
        "costOfRevenue": 71800000,
        "grossProfit": 167600000,
        "grossProfitRatio": 0.7000835422,
        "researchAndDevelopmentExpenses": 66000000,
        "generalAndAdministrativeExpenses": 25100000,
        "sellingAndMarketingExpenses": 0,
        "sellingGeneralAndAdministrativeExpenses": 25100000,
        "otherExpenses": 0,
        "operatingExpenses": 91100000,
        "costAndExpenses": 162900000,
        "interestIncome": 0,
        "interestExpense": 0,
        "depreciationAndAmortization": 14198000,
        "ebitda": 105698000,
        "ebitdaratio": 0.4415121136,
        "operatingIncome": 76500000,
        "operatingIncomeRatio": 0.3195488722,
        "totalOtherIncomeExpensesNet": 15000000,
        "incomeBeforeTax": 91500000,
        "incomeBeforeTaxRatio": 0.3822055138,
        "incomeTaxExpense": 30200000,
        "netIncome": 61300000,
        "netIncomeRatio": 0.2560568087,
        "eps": 0.17,
        "epsdiluted": 0.17,
        "weightedAverageShsOut": 359500000,
        "weightedAverageShsOutDil": 359500000,
        "link": "https://www.sec.gov/Archives/edgar/data/743316/000089161801502099/0000891618-01-502099-index.html",
        "finalLink": "https://www.sec.gov/Archives/edgar/data/743316/000089161801502099/f77037e10-q.txt"
    },
    {
        "date": "2001-06-30",
        "symbol": "MXIM",
        "reportedCurrency": "USD",
        "cik": "0000743316",
        "fillingDate": "2001-09-24",
        "acceptedDate": "2001-09-24 00:00:00",
        "calendarYear": "2001",
        "period": "Q4",
        "revenue": 679662000,
        "costOfRevenue": 275508000,
        "grossProfit": 404154000,
        "grossProfitRatio": 0.5946396886,
        "researchAndDevelopmentExpenses": 130143000,
        "generalAndAdministrativeExpenses": 82112000,
        "sellingAndMarketingExpenses": 0,
        "sellingGeneralAndAdministrativeExpenses": 82112000,
        "otherExpenses": 0,
        "operatingExpenses": 212255000,
        "costAndExpenses": 487763000,
        "interestIncome": 0,
        "interestExpense": 0,
        "depreciationAndAmortization": 64719000,
        "ebitda": 120756000,
        "ebitdaratio": 0.1776706657,
        "operatingIncome": 191899000,
        "operatingIncomeRatio": 0.2823447537,
        "totalOtherIncomeExpensesNet": -135862000,
        "incomeBeforeTax": 56037000,
        "incomeBeforeTaxRatio": 0.0824483346,
        "incomeTaxExpense": 17405000,
        "netIncome": 38632000,
        "netIncomeRatio": 0.0568400175,
        "eps": 0.11,
        "epsdiluted": 0.11,
        "weightedAverageShsOut": 359500000,
        "weightedAverageShsOutDil": 359500000,
        "link": "https://www.sec.gov/Archives/edgar/data/743316/000109581101505061/0001095811-01-505061-index.html",
        "finalLink": "https://www.sec.gov/Archives/edgar/data/743316/000109581101505061/f75694e10-k.txt"
    },
    {
        "date": "2001-03-31",
        "symbol": "MXIM",
        "reportedCurrency": "USD",
        "cik": "0000743316",
        "fillingDate": "2001-05-15",
        "acceptedDate": "2001-05-15 00:00:00",
        "calendarYear": "2001",
        "period": "Q3",
        "revenue": 306752000,
        "costOfRevenue": 87851000,
        "grossProfit": 218901000,
        "grossProfitRatio": 0.7136090392,
        "researchAndDevelopmentExpenses": 52088000,
        "generalAndAdministrativeExpenses": 20643000,
        "sellingAndMarketingExpenses": 0,
        "sellingGeneralAndAdministrativeExpenses": 20643000,
        "otherExpenses": 0,
        "operatingExpenses": 72731000,
        "costAndExpenses": 160582000,
        "interestIncome": 0,
        "interestExpense": 0,
        "depreciationAndAmortization": 9733000,
        "ebitda": 167214000,
        "ebitdaratio": 0.5451113603,
        "operatingIncome": 146170000,
        "operatingIncomeRatio": 0.4765087106,
        "totalOtherIncomeExpensesNet": 11311000,
        "incomeBeforeTax": 157481000,
        "incomeBeforeTaxRatio": 0.5133821458,
        "incomeTaxExpense": 53544000,
        "netIncome": 103937000,
        "netIncomeRatio": 0.3388307167,
        "eps": 0.36,
        "epsdiluted": 0.33,
        "weightedAverageShsOut": 286214000,
        "weightedAverageShsOutDil": 317828000,
        "link": "https://www.sec.gov/Archives/edgar/data/743316/000089161801500740/0000891618-01-500740-index.html",
        "finalLink": "https://www.sec.gov/Archives/edgar/data/743316/000089161801500740/f72752e10-q.txt"
    },
    {
        "date": "2000-12-30",
        "symbol": "MXIM",
        "reportedCurrency": "USD",
        "cik": "0000743316",
        "fillingDate": "2001-02-09",
        "acceptedDate": "2001-02-09 00:00:00",
        "calendarYear": "2001",
        "period": "Q2",
        "revenue": 438300000,
        "costOfRevenue": 154100000,
        "grossProfit": 284200000,
        "grossProfitRatio": 0.6484143281,
        "researchAndDevelopmentExpenses": 71500000,
        "generalAndAdministrativeExpenses": 43400000,
        "sellingAndMarketingExpenses": 100000,
        "sellingGeneralAndAdministrativeExpenses": 43500000,
        "otherExpenses": 0,
        "operatingExpenses": 115000000,
        "costAndExpenses": 269100000,
        "interestIncome": 0,
        "interestExpense": 0,
        "depreciationAndAmortization": 9478000,
        "ebitda": 193678000,
        "ebitdaratio": 0.441884554,
        "operatingIncome": 169300000,
        "operatingIncomeRatio": 0.3862651152,
        "totalOtherIncomeExpensesNet": 14900000,
        "incomeBeforeTax": 184200000,
        "incomeBeforeTaxRatio": 0.4202600958,
        "incomeTaxExpense": 62000000,
        "netIncome": 122200000,
        "netIncomeRatio": 0.2788044718,
        "eps": 0.34,
        "epsdiluted": 0.34,
        "weightedAverageShsOut": 361600000,
        "weightedAverageShsOutDil": 361600000,
        "link": "https://www.sec.gov/Archives/edgar/data/743316/000109581101000904/0001095811-01-000904-index.html",
        "finalLink": "https://www.sec.gov/Archives/edgar/data/743316/000109581101000904/f69301e10-q.txt"
    },
    {
        "date": "2000-09-23",
        "symbol": "MXIM",
        "reportedCurrency": "USD",
        "cik": "0000743316",
        "fillingDate": "2000-11-07",
        "acceptedDate": "2000-11-07 00:00:00",
        "calendarYear": "2001",
        "period": "Q1",
        "revenue": 422300000,
        "costOfRevenue": 148400000,
        "grossProfit": 273900000,
        "grossProfitRatio": 0.648591049,
        "researchAndDevelopmentExpenses": 66600000,
        "generalAndAdministrativeExpenses": 41600000,
        "sellingAndMarketingExpenses": 0,
        "sellingGeneralAndAdministrativeExpenses": 41600000,
        "otherExpenses": 0,
        "operatingExpenses": 108200000,
        "costAndExpenses": 256600000,
        "interestIncome": 0,
        "interestExpense": 0,
        "depreciationAndAmortization": 6931000,
        "ebitda": 186131000,
        "ebitdaratio": 0.4407553872,
        "operatingIncome": 165700000,
        "operatingIncomeRatio": 0.3923750888,
        "totalOtherIncomeExpensesNet": 13400000,
        "incomeBeforeTax": 179100000,
        "incomeBeforeTaxRatio": 0.4241060857,
        "incomeTaxExpense": 60100000,
        "netIncome": 119100000,
        "netIncomeRatio": 0.282026995,
        "eps": 0.33,
        "epsdiluted": 0.33,
        "weightedAverageShsOut": 364500000,
        "weightedAverageShsOutDil": 364500000,
        "link": "https://www.sec.gov/Archives/edgar/data/743316/000109581100004377/0001095811-00-004377-index.html",
        "finalLink": "https://www.sec.gov/Archives/edgar/data/743316/000109581100004377/f66757e10-q.txt"
    },
    {
        "date": "2000-06-24",
        "symbol": "MXIM",
        "reportedCurrency": "USD",
        "cik": "0000743316",
        "fillingDate": "2000-09-22",
        "acceptedDate": "2000-09-22 00:00:00",
        "calendarYear": "2000",
        "period": "Q4",
        "revenue": 256600000,
        "costOfRevenue": 76700000,
        "grossProfit": 179900000,
        "grossProfitRatio": 0.7010911925,
        "researchAndDevelopmentExpenses": 45300000,
        "generalAndAdministrativeExpenses": 23200000,
        "sellingAndMarketingExpenses": -100000.0000000149,
        "sellingGeneralAndAdministrativeExpenses": 23100000,
        "otherExpenses": 0,
        "operatingExpenses": 68400000,
        "costAndExpenses": 145100000,
        "interestIncome": 0,
        "interestExpense": 0,
        "depreciationAndAmortization": 5419000,
        "ebitda": 131019000,
        "ebitdaratio": 0.5105962588,
        "operatingIncome": 111500000,
        "operatingIncomeRatio": 0.4345284489,
        "totalOtherIncomeExpensesNet": 14200000,
        "incomeBeforeTax": 125700000,
        "incomeBeforeTaxRatio": 0.4898674981,
        "incomeTaxExpense": 42700000,
        "netIncome": 82900000,
        "netIncomeRatio": 0.3230709275,
        "eps": 0.26,
        "epsdiluted": 0.26,
        "weightedAverageShsOut": 321700000,
        "weightedAverageShsOutDil": 321700000,
        "link": "https://www.sec.gov/Archives/edgar/data/743316/000109581100003529/0001095811-00-003529-index.html",
        "finalLink": "https://www.sec.gov/Archives/edgar/data/743316/000109581100003529/f65666e10-k.txt"
    },
    {
        "date": "2000-03-25",
        "symbol": "MXIM",
        "reportedCurrency": "USD",
        "cik": "0000743316",
        "fillingDate": "2000-05-09",
        "acceptedDate": "2000-05-09 00:00:00",
        "calendarYear": "2000",
        "period": "Q3",
        "revenue": 226500000,
        "costOfRevenue": 68100000,
        "grossProfit": 158400000,
        "grossProfitRatio": 0.6993377483,
        "researchAndDevelopmentExpenses": 36400000,
        "generalAndAdministrativeExpenses": 21300000,
        "sellingAndMarketingExpenses": 100000,
        "sellingGeneralAndAdministrativeExpenses": 21400000,
        "otherExpenses": 0,
        "operatingExpenses": 57800000,
        "costAndExpenses": 125900000,
        "interestIncome": 0,
        "interestExpense": 0,
        "depreciationAndAmortization": 4706000,
        "ebitda": 117906000,
        "ebitdaratio": 0.5205562914,
        "operatingIncome": 100600000,
        "operatingIncomeRatio": 0.4441501104,
        "totalOtherIncomeExpensesNet": 12600000,
        "incomeBeforeTax": 113200000,
        "incomeBeforeTaxRatio": 0.4997792494,
        "incomeTaxExpense": 38500000,
        "netIncome": 74700000,
        "netIncomeRatio": 0.3298013245,
        "eps": 0.23,
        "epsdiluted": 0.23,
        "weightedAverageShsOut": 320000000,
        "weightedAverageShsOutDil": 320000000,
        "link": "https://www.sec.gov/Archives/edgar/data/743316/000089161800002602/0000891618-00-002602-index.html",
        "finalLink": "https://www.sec.gov/Archives/edgar/data/743316/0000891618-00-002602.txt"
    },
    {
        "date": "1999-12-25",
        "symbol": "MXIM",
        "reportedCurrency": "USD",
        "cik": "0000743316",
        "fillingDate": "1999-12-25",
        "acceptedDate": "1999-12-24 19:00:00",
        "calendarYear": "2000",
        "period": "Q2",
        "revenue": 201700000,
        "costOfRevenue": 60900000,
        "grossProfit": 140800000,
        "grossProfitRatio": 0.6980664353,
        "researchAndDevelopmentExpenses": 32300000,
        "generalAndAdministrativeExpenses": 17300000,
        "sellingAndMarketingExpenses": -99999.99999999255,
        "sellingGeneralAndAdministrativeExpenses": 17200000,
        "otherExpenses": 0,
        "operatingExpenses": 49500000,
        "costAndExpenses": 110400000,
        "interestIncome": 0,
        "interestExpense": 0,
        "depreciationAndAmortization": 4802000,
        "ebitda": 102702000,
        "ebitdaratio": 0.5091819534,
        "operatingIncome": 91300000,
        "operatingIncomeRatio": 0.4526524541,
        "totalOtherIncomeExpensesNet": 6600000,
        "incomeBeforeTax": 97900000,
        "incomeBeforeTaxRatio": 0.4853743183,
        "incomeTaxExpense": 33300000,
        "netIncome": 64600000,
        "netIncomeRatio": 0.3202776401,
        "eps": 0.2,
        "epsdiluted": 0.2,
        "weightedAverageShsOut": 315700000,
        "weightedAverageShsOutDil": 315700000,
        "link": "",
        "finalLink": ""
    },
    {
        "date": "1999-09-25",
        "symbol": "MXIM",
        "reportedCurrency": "USD",
        "cik": "0000743316",
        "fillingDate": "1999-09-25",
        "acceptedDate": "1999-09-24 20:00:00",
        "calendarYear": "2000",
        "period": "Q1",
        "revenue": 180000000,
        "costOfRevenue": 54500000,
        "grossProfit": 125500000,
        "grossProfitRatio": 0.6972222222,
        "researchAndDevelopmentExpenses": 28300000,
        "generalAndAdministrativeExpenses": 15300000,
        "sellingAndMarketingExpenses": 0,
        "sellingGeneralAndAdministrativeExpenses": 15300000,
        "otherExpenses": 0,
        "operatingExpenses": 43600000,
        "costAndExpenses": 98100000,
        "interestIncome": 0,
        "interestExpense": 0,
        "depreciationAndAmortization": 4804000,
        "ebitda": 93304000,
        "ebitdaratio": 0.5183555556,
        "operatingIncome": 82000000,
        "operatingIncomeRatio": 0.4555555556,
        "totalOtherIncomeExpensesNet": 6400000,
        "incomeBeforeTax": 88400000,
        "incomeBeforeTaxRatio": 0.4911111111,
        "incomeTaxExpense": 30100000,
        "netIncome": 58400000,
        "netIncomeRatio": 0.3244444444,
        "eps": 0.19,
        "epsdiluted": 0.19,
        "weightedAverageShsOut": 313900000,
        "weightedAverageShsOutDil": 313900000,
        "link": "",
        "finalLink": ""
    },
    {
        "date": "1999-06-26",
        "symbol": "MXIM",
        "reportedCurrency": "USD",
        "cik": "0000743316",
        "fillingDate": "1999-06-26",
        "acceptedDate": "1999-06-25 20:00:00",
        "calendarYear": "1999",
        "period": "Q4",
        "revenue": 159500000,
        "costOfRevenue": 48300000,
        "grossProfit": 111200000,
        "grossProfitRatio": 0.6971786834,
        "researchAndDevelopmentExpenses": 24000000,
        "generalAndAdministrativeExpenses": 13300000,
        "sellingAndMarketingExpenses": 0,
        "sellingGeneralAndAdministrativeExpenses": 13300000,
        "otherExpenses": 0,
        "operatingExpenses": 37300000,
        "costAndExpenses": 85600000,
        "interestIncome": 0,
        "interestExpense": 0,
        "depreciationAndAmortization": 4316000,
        "ebitda": 84016000,
        "ebitdaratio": 0.5267460815,
        "operatingIncome": 73900000,
        "operatingIncomeRatio": 0.463322884,
        "totalOtherIncomeExpensesNet": 5700000,
        "incomeBeforeTax": 79600000,
        "incomeBeforeTaxRatio": 0.4990595611,
        "incomeTaxExpense": 27100000,
        "netIncome": 52600000,
        "netIncomeRatio": 0.3297805643,
        "eps": 0.17,
        "epsdiluted": 0.17,
        "weightedAverageShsOut": 311200000,
        "weightedAverageShsOutDil": 311200000,
        "link": "",
        "finalLink": ""
    },
    {
        "date": "1999-03-27",
        "symbol": "MXIM",
        "reportedCurrency": "USD",
        "cik": "0000743316",
        "fillingDate": "1999-03-27",
        "acceptedDate": "1999-03-26 19:00:00",
        "calendarYear": "1999",
        "period": "Q3",
        "revenue": 147200000,
        "costOfRevenue": 45500000,
        "grossProfit": 101700000,
        "grossProfitRatio": 0.6908967391,
        "researchAndDevelopmentExpenses": 21800000,
        "generalAndAdministrativeExpenses": 12800000,
        "sellingAndMarketingExpenses": 100000,
        "sellingGeneralAndAdministrativeExpenses": 12900000,
        "otherExpenses": 0,
        "operatingExpenses": 34700000,
        "costAndExpenses": 80200000,
        "interestIncome": 0,
        "interestExpense": 0,
        "depreciationAndAmortization": 4325000,
        "ebitda": 76625000,
        "ebitdaratio": 0.5205502717,
        "operatingIncome": 67000000,
        "operatingIncomeRatio": 0.4551630435,
        "totalOtherIncomeExpensesNet": 5200000,
        "incomeBeforeTax": 72200000,
        "incomeBeforeTaxRatio": 0.4904891304,
        "incomeTaxExpense": 24600000,
        "netIncome": 47700000,
        "netIncomeRatio": 0.324048913,
        "eps": 0.15,
        "epsdiluted": 0.15,
        "weightedAverageShsOut": 308000000,
        "weightedAverageShsOutDil": 308000000,
        "link": "",
        "finalLink": ""
    },
    {
        "date": "1998-12-26",
        "symbol": "MXIM",
        "reportedCurrency": "USD",
        "cik": "0000743316",
        "fillingDate": "1999-02-05",
        "acceptedDate": "1999-02-04 19:00:00",
        "calendarYear": "1999",
        "period": "Q2",
        "revenue": 145000000,
        "costOfRevenue": 45400000,
        "grossProfit": 99600000,
        "grossProfitRatio": 0.6868965517,
        "researchAndDevelopmentExpenses": 21400000,
        "generalAndAdministrativeExpenses": 12600000,
        "sellingAndMarketingExpenses": 0,
        "sellingGeneralAndAdministrativeExpenses": 12600000,
        "otherExpenses": 0,
        "operatingExpenses": 34000000,
        "costAndExpenses": 79400000,
        "interestIncome": 0,
        "interestExpense": 0,
        "depreciationAndAmortization": 4211000,
        "ebitda": 74711000,
        "ebitdaratio": 0.5152482759,
        "operatingIncome": 65600000,
        "operatingIncomeRatio": 0.4524137931,
        "totalOtherIncomeExpensesNet": 4800000,
        "incomeBeforeTax": 70400000,
        "incomeBeforeTaxRatio": 0.4855172414,
        "incomeTaxExpense": 24000000,
        "netIncome": 46500000,
        "netIncomeRatio": 0.3206896552,
        "eps": 0.16,
        "epsdiluted": 0.16,
        "weightedAverageShsOut": 299900000,
        "weightedAverageShsOutDil": 299900000,
        "link": "https://www.sec.gov/Archives/edgar/data/743316/0000891618-99-000347-index.html",
        "finalLink": "https://www.sec.gov/Archives/edgar/data/743316/"
    },
    {
        "date": "1998-09-26",
        "symbol": "MXIM",
        "reportedCurrency": "USD",
        "cik": "0000743316",
        "fillingDate": "1998-11-09",
        "acceptedDate": "1998-11-09 00:00:00",
        "calendarYear": "1999",
        "period": "Q1",
        "revenue": 155300000,
        "costOfRevenue": 50500000,
        "grossProfit": 104800000,
        "grossProfitRatio": 0.6748229234,
        "researchAndDevelopmentExpenses": 21100000,
        "generalAndAdministrativeExpenses": 13500000,
        "sellingAndMarketingExpenses": -100000,
        "sellingGeneralAndAdministrativeExpenses": 13400000,
        "otherExpenses": 0,
        "operatingExpenses": 34500000,
        "costAndExpenses": 85000000,
        "interestIncome": 0,
        "interestExpense": 0,
        "depreciationAndAmortization": 4787000,
        "ebitda": 79587000,
        "ebitdaratio": 0.5124726336,
        "operatingIncome": 70300000,
        "operatingIncomeRatio": 0.4526722473,
        "totalOtherIncomeExpensesNet": 4500000,
        "incomeBeforeTax": 74800000,
        "incomeBeforeTaxRatio": 0.4816484224,
        "incomeTaxExpense": 25400000,
        "netIncome": 49400000,
        "netIncomeRatio": 0.3180940116,
        "eps": 0.17,
        "epsdiluted": 0.17,
        "weightedAverageShsOut": 297300000,
        "weightedAverageShsOutDil": 297300000,
        "link": "https://www.sec.gov/Archives/edgar/data/743316/000089161898004740/0000891618-98-004740-index.html",
        "finalLink": "https://www.sec.gov/Archives/edgar/data/743316/0000891618-98-004740.txt"
    },
    {
        "date": "1998-06-27",
        "symbol": "MXIM",
        "reportedCurrency": "USD",
        "cik": "0000743316",
        "fillingDate": "1998-09-24",
        "acceptedDate": "1998-09-24 00:00:00",
        "calendarYear": "1998",
        "period": "Q4",
        "revenue": 155200000,
        "costOfRevenue": 50400000,
        "grossProfit": 104800000,
        "grossProfitRatio": 0.675257732,
        "researchAndDevelopmentExpenses": 21000000,
        "generalAndAdministrativeExpenses": 13700000,
        "sellingAndMarketingExpenses": 0,
        "sellingGeneralAndAdministrativeExpenses": 13700000,
        "otherExpenses": 0,
        "operatingExpenses": 34700000,
        "costAndExpenses": 85100000,
        "interestIncome": 0,
        "interestExpense": 0,
        "depreciationAndAmortization": 3924000,
        "ebitda": 78424000,
        "ebitdaratio": 0.5053092784,
        "operatingIncome": 70100000,
        "operatingIncomeRatio": 0.4516752577,
        "totalOtherIncomeExpensesNet": 4400000,
        "incomeBeforeTax": 74500000,
        "incomeBeforeTaxRatio": 0.4800257732,
        "incomeTaxExpense": 25300000,
        "netIncome": 49200000,
        "netIncomeRatio": 0.3170103093,
        "eps": 0.16,
        "epsdiluted": 0.16,
        "weightedAverageShsOut": 301700000,
        "weightedAverageShsOutDil": 301700000,
        "link": "https://www.sec.gov/Archives/edgar/data/743316/000089161898004296/0000891618-98-004296-index.html",
        "finalLink": "https://www.sec.gov/Archives/edgar/data/743316/0000891618-98-004296.txt"
    },
    {
        "date": "1998-03-28",
        "symbol": "MXIM",
        "reportedCurrency": "USD",
        "cik": "0000743316",
        "fillingDate": "1998-05-12",
        "acceptedDate": "1998-05-12 00:00:00",
        "calendarYear": "1998",
        "period": "Q3",
        "revenue": 145000000,
        "costOfRevenue": 47300000,
        "grossProfit": 97700000,
        "grossProfitRatio": 0.6737931034,
        "researchAndDevelopmentExpenses": 18700000,
        "generalAndAdministrativeExpenses": 12800000,
        "sellingAndMarketingExpenses": 0,
        "sellingGeneralAndAdministrativeExpenses": 12800000,
        "otherExpenses": 0,
        "operatingExpenses": 31500000,
        "costAndExpenses": 78800000,
        "interestIncome": 0,
        "interestExpense": 0,
        "depreciationAndAmortization": 4108000,
        "ebitda": 74108000,
        "ebitdaratio": 0.5110896552,
        "operatingIncome": 66200000,
        "operatingIncomeRatio": 0.4565517241,
        "totalOtherIncomeExpensesNet": 3700000,
        "incomeBeforeTax": 69900000,
        "incomeBeforeTaxRatio": 0.4820689655,
        "incomeTaxExpense": 23800000,
        "netIncome": 46200000,
        "netIncomeRatio": 0.3186206897,
        "eps": 0.15,
        "epsdiluted": 0.15,
        "weightedAverageShsOut": 302400000,
        "weightedAverageShsOutDil": 302400000,
        "link": "https://www.sec.gov/Archives/edgar/data/743316/000089161898002264/0000891618-98-002264-index.html",
        "finalLink": "https://www.sec.gov/Archives/edgar/data/743316/0000891618-98-002264.txt"
    },
    {
        "date": "1997-12-31",
        "symbol": "MXIM",
        "reportedCurrency": "USD",
        "cik": "0000743316",
        "fillingDate": "1997-12-31",
        "acceptedDate": "1997-12-30 19:00:00",
        "calendarYear": "1998",
        "period": "Q2",
        "revenue": 135000000,
        "costOfRevenue": 44550000,
        "grossProfit": 90450000,
        "grossProfitRatio": 0.67,
        "researchAndDevelopmentExpenses": 17013000,
        "generalAndAdministrativeExpenses": 11811000,
        "sellingAndMarketingExpenses": 0,
        "sellingGeneralAndAdministrativeExpenses": 11811000,
        "otherExpenses": 0,
        "operatingExpenses": 28824000,
        "costAndExpenses": 73374000,
        "interestIncome": 0,
        "interestExpense": 0,
        "depreciationAndAmortization": 3605000,
        "ebitda": 68497000,
        "ebitdaratio": 0.5073851852,
        "operatingIncome": 61626000,
        "operatingIncomeRatio": 0.4564888889,
        "totalOtherIncomeExpensesNet": 3266000,
        "incomeBeforeTax": 64892000,
        "incomeBeforeTaxRatio": 0.4806814815,
        "incomeTaxExpense": 22063000,
        "netIncome": 42829000,
        "netIncomeRatio": 0.3172518519,
        "eps": 0.17,
        "epsdiluted": 0.14,
        "weightedAverageShsOut": 257466000,
        "weightedAverageShsOutDil": 299498000,
        "link": "",
        "finalLink": ""
    },
    {
        "date": "1997-09-27",
        "symbol": "MXIM",
        "reportedCurrency": "USD",
        "cik": "0000743316",
        "fillingDate": "1997-09-29",
        "acceptedDate": "1997-09-29 00:00:00",
        "calendarYear": "1998",
        "period": "Q1",
        "revenue": 125000000,
        "costOfRevenue": 41500000,
        "grossProfit": 83500000,
        "grossProfitRatio": 0.668,
        "researchAndDevelopmentExpenses": 15500000,
        "generalAndAdministrativeExpenses": 10900000,
        "sellingAndMarketingExpenses": 0,
        "sellingGeneralAndAdministrativeExpenses": 10900000,
        "otherExpenses": 0,
        "operatingExpenses": 26400000,
        "costAndExpenses": 67900000,
        "interestIncome": 0,
        "interestExpense": 0,
        "depreciationAndAmortization": 3445000,
        "ebitda": 64045000,
        "ebitdaratio": 0.51236,
        "operatingIncome": 57100000,
        "operatingIncomeRatio": 0.4568,
        "totalOtherIncomeExpensesNet": 3500000,
        "incomeBeforeTax": 60600000,
        "incomeBeforeTaxRatio": 0.4848,
        "incomeTaxExpense": 20600000,
        "netIncome": 40000000,
        "netIncomeRatio": 0.32,
        "eps": 0.13,
        "epsdiluted": 0.13,
        "weightedAverageShsOut": 301600000,
        "weightedAverageShsOutDil": 301600000,
        "link": "https://www.sec.gov/Archives/edgar/data/743316/000089161897003933/0000891618-97-003933-index.html",
        "finalLink": "https://www.sec.gov/Archives/edgar/data/743316/0000891618-97-003933.txt"
    },
    {
        "date": "1997-06-30",
        "symbol": "MXIM",
        "reportedCurrency": "USD",
        "cik": "0000743316",
        "fillingDate": "1997-09-29",
        "acceptedDate": "1997-09-29 00:00:00",
        "calendarYear": "1997",
        "period": "Q4",
        "revenue": 117019000,
        "costOfRevenue": 39313000,
        "grossProfit": 77706000,
        "grossProfitRatio": 0.6640460096,
        "researchAndDevelopmentExpenses": 14805000,
        "generalAndAdministrativeExpenses": 9909000,
        "sellingAndMarketingExpenses": 0,
        "sellingGeneralAndAdministrativeExpenses": 9909000,
        "otherExpenses": 0,
        "operatingExpenses": 24714000,
        "costAndExpenses": 64027000,
        "interestIncome": 0,
        "interestExpense": 0,
        "depreciationAndAmortization": 4311000,
        "ebitda": 60167000,
        "ebitdaratio": 0.5141643665,
        "operatingIncome": 52992000,
        "operatingIncomeRatio": 0.4528495373,
        "totalOtherIncomeExpensesNet": 2864000,
        "incomeBeforeTax": 55856000,
        "incomeBeforeTaxRatio": 0.4773241952,
        "incomeTaxExpense": 18991000,
        "netIncome": 36865000,
        "netIncomeRatio": 0.3150343107,
        "eps": 0.12,
        "epsdiluted": 0.12,
        "weightedAverageShsOut": 301600000,
        "weightedAverageShsOutDil": 301600000,
        "link": "https://www.sec.gov/Archives/edgar/data/743316/000089161897003933/0000891618-97-003933-index.html",
        "finalLink": "https://www.sec.gov/Archives/edgar/data/743316/0000891618-97-003933.txt"
    },
    {
        "date": "1997-03-31",
        "symbol": "MXIM",
        "reportedCurrency": "USD",
        "cik": "0000743316",
        "fillingDate": "1997-05-14",
        "acceptedDate": "1997-05-14 00:00:00",
        "calendarYear": "1997",
        "period": "Q3",
        "revenue": 111005000,
        "costOfRevenue": 37437000,
        "grossProfit": 73568000,
        "grossProfitRatio": 0.6627449214,
        "researchAndDevelopmentExpenses": 13092000,
        "generalAndAdministrativeExpenses": 9298000,
        "sellingAndMarketingExpenses": 0,
        "sellingGeneralAndAdministrativeExpenses": 9298000,
        "otherExpenses": 0,
        "operatingExpenses": 22390000,
        "costAndExpenses": 59827000,
        "interestIncome": 0,
        "interestExpense": 0,
        "depreciationAndAmortization": 2828000,
        "ebitda": 56468000,
        "ebitdaratio": 0.5086978064,
        "operatingIncome": 51178000,
        "operatingIncomeRatio": 0.4610422954,
        "totalOtherIncomeExpensesNet": 2462000,
        "incomeBeforeTax": 53640000,
        "incomeBeforeTaxRatio": 0.4832214765,
        "incomeTaxExpense": 18237000,
        "netIncome": 35403000,
        "netIncomeRatio": 0.3189315797,
        "eps": 0.12,
        "epsdiluted": 0.12,
        "weightedAverageShsOut": 297500000,
        "weightedAverageShsOutDil": 297500000,
        "link": "https://www.sec.gov/Archives/edgar/data/743316/000074331697000003/0000743316-97-000003-index.html",
        "finalLink": "https://www.sec.gov/Archives/edgar/data/743316/0000743316-97-000003.txt"
    },
    {
        "date": "1996-12-31",
        "symbol": "MXIM",
        "reportedCurrency": "USD",
        "cik": "0000743316",
        "fillingDate": "1996-12-31",
        "acceptedDate": "1996-12-30 19:00:00",
        "calendarYear": "1997",
        "period": "Q2",
        "revenue": 104686000,
        "costOfRevenue": 35530000,
        "grossProfit": 69156000,
        "grossProfitRatio": 0.6606040922,
        "researchAndDevelopmentExpenses": 11471000,
        "generalAndAdministrativeExpenses": 9039000,
        "sellingAndMarketingExpenses": 0,
        "sellingGeneralAndAdministrativeExpenses": 9039000,
        "otherExpenses": 0,
        "operatingExpenses": 20510000,
        "costAndExpenses": 56040000,
        "interestIncome": 0,
        "interestExpense": 0,
        "depreciationAndAmortization": 4945000,
        "ebitda": 55421000,
        "ebitdaratio": 0.5294022123,
        "operatingIncome": 48646000,
        "operatingIncomeRatio": 0.4646848671,
        "totalOtherIncomeExpensesNet": 1830000,
        "incomeBeforeTax": 50476000,
        "incomeBeforeTaxRatio": 0.4821657146,
        "incomeTaxExpense": 17162000,
        "netIncome": 33314000,
        "netIncomeRatio": 0.3182278433,
        "eps": 0.11,
        "epsdiluted": 0.11,
        "weightedAverageShsOut": 289688000,
        "weightedAverageShsOutDil": 289688000,
        "link": "",
        "finalLink": ""
    },
    {
        "date": "1996-09-30",
        "symbol": "MXIM",
        "reportedCurrency": "USD",
        "cik": "0000743316",
        "fillingDate": "1996-11-13",
        "acceptedDate": "1996-11-13 00:00:00",
        "calendarYear": "1997",
        "period": "Q1",
        "revenue": 101000000,
        "costOfRevenue": 33027000,
        "grossProfit": 67973000,
        "grossProfitRatio": 0.673,
        "researchAndDevelopmentExpenses": 11896000,
        "generalAndAdministrativeExpenses": 9948000,
        "sellingAndMarketingExpenses": 0,
        "sellingGeneralAndAdministrativeExpenses": 9948000,
        "otherExpenses": 0,
        "operatingExpenses": 21844000,
        "costAndExpenses": 54871000,
        "interestIncome": 0,
        "interestExpense": 0,
        "depreciationAndAmortization": 4929000,
        "ebitda": 52492000,
        "ebitdaratio": 0.5197227723,
        "operatingIncome": 46129000,
        "operatingIncomeRatio": 0.4567227723,
        "totalOtherIncomeExpensesNet": 1434000,
        "incomeBeforeTax": 47563000,
        "incomeBeforeTaxRatio": 0.4709207921,
        "incomeTaxExpense": 16171000,
        "netIncome": 31392000,
        "netIncomeRatio": 0.3108118812,
        "eps": 0.11,
        "epsdiluted": 0.11,
        "weightedAverageShsOut": 281536000,
        "weightedAverageShsOutDil": 281536000,
        "link": "https://www.sec.gov/Archives/edgar/data/743316/000095014996001855/0000950149-96-001855-index.html",
        "finalLink": "https://www.sec.gov/Archives/edgar/data/743316/0000950149-96-001855.txt"
    },
    {
        "date": "1996-06-30",
        "symbol": "MXIM",
        "reportedCurrency": "USD",
        "cik": "0000743316",
        "fillingDate": "1996-09-27",
        "acceptedDate": "1996-09-27 00:00:00",
        "calendarYear": "1996",
        "period": "Q4",
        "revenue": 110000000,
        "costOfRevenue": 35970000,
        "grossProfit": 74030000,
        "grossProfitRatio": 0.673,
        "researchAndDevelopmentExpenses": 11797000,
        "generalAndAdministrativeExpenses": 10450000,
        "sellingAndMarketingExpenses": 0,
        "sellingGeneralAndAdministrativeExpenses": 10450000,
        "otherExpenses": 0,
        "operatingExpenses": 22247000,
        "costAndExpenses": 58217000,
        "interestIncome": 0,
        "interestExpense": 0,
        "depreciationAndAmortization": 3174000,
        "ebitda": 56157000,
        "ebitdaratio": 0.5105181818,
        "operatingIncome": 51783000,
        "operatingIncomeRatio": 0.4707545455,
        "totalOtherIncomeExpensesNet": 1200000,
        "incomeBeforeTax": 52983000,
        "incomeBeforeTaxRatio": 0.4816636364,
        "incomeTaxExpense": 18279000,
        "netIncome": 34704000,
        "netIncomeRatio": 0.3154909091,
        "eps": 0.12,
        "epsdiluted": 0.12,
        "weightedAverageShsOut": 281536000,
        "weightedAverageShsOutDil": 281536000,
        "link": "https://www.sec.gov/Archives/edgar/data/743316/000095014996001484/0000950149-96-001484-index.html",
        "finalLink": "https://www.sec.gov/Archives/edgar/data/743316/0000950149-96-001484.txt"
    },
    {
        "date": "1996-03-31",
        "symbol": "MXIM",
        "reportedCurrency": "USD",
        "cik": "0000743316",
        "fillingDate": "1996-05-15",
        "acceptedDate": "1996-05-15 00:00:00",
        "calendarYear": "1996",
        "period": "Q3",
        "revenue": 109001000,
        "costOfRevenue": 35356000,
        "grossProfit": 73645000,
        "grossProfitRatio": 0.6756360033,
        "researchAndDevelopmentExpenses": 11233000,
        "generalAndAdministrativeExpenses": 10971000,
        "sellingAndMarketingExpenses": 0,
        "sellingGeneralAndAdministrativeExpenses": 10971000,
        "otherExpenses": 0,
        "operatingExpenses": 22204000,
        "costAndExpenses": 57560000,
        "interestIncome": 0,
        "interestExpense": 0,
        "depreciationAndAmortization": 3306000,
        "ebitda": 55896000,
        "ebitdaratio": 0.5128026348,
        "operatingIncome": 51441000,
        "operatingIncomeRatio": 0.4719314502,
        "totalOtherIncomeExpensesNet": 1147000,
        "incomeBeforeTax": 52588000,
        "incomeBeforeTaxRatio": 0.4824542894,
        "incomeTaxExpense": 18408000,
        "netIncome": 34182000,
        "netIncomeRatio": 0.3135934533,
        "eps": 0.12,
        "epsdiluted": 0.12,
        "weightedAverageShsOut": 284848000,
        "weightedAverageShsOutDil": 284848000,
        "link": "https://www.sec.gov/Archives/edgar/data/743316/000095014996000627/0000950149-96-000627-index.html",
        "finalLink": "https://www.sec.gov/Archives/edgar/data/743316/0000950149-96-000627.txt"
    },
    {
        "date": "1995-12-31",
        "symbol": "MXIM",
        "reportedCurrency": "USD",
        "cik": "0000743316",
        "fillingDate": "1996-02-14",
        "acceptedDate": "1996-02-14 00:00:00",
        "calendarYear": "1996",
        "period": "Q2",
        "revenue": 106182000,
        "costOfRevenue": 36330000,
        "grossProfit": 69852000,
        "grossProfitRatio": 0.6578516133,
        "researchAndDevelopmentExpenses": 12302000,
        "generalAndAdministrativeExpenses": 9661000,
        "sellingAndMarketingExpenses": 0,
        "sellingGeneralAndAdministrativeExpenses": 9661000,
        "otherExpenses": 0,
        "operatingExpenses": 21963000,
        "costAndExpenses": 58293000,
        "interestIncome": 0,
        "interestExpense": 0,
        "depreciationAndAmortization": 3861000,
        "ebitda": 52898000,
        "ebitdaratio": 0.4981823661,
        "operatingIncome": 47889000,
        "operatingIncomeRatio": 0.4510086455,
        "totalOtherIncomeExpensesNet": 1148000,
        "incomeBeforeTax": 49037000,
        "incomeBeforeTaxRatio": 0.4618202709,
        "incomeTaxExpense": 17163000,
        "netIncome": 31874000,
        "netIncomeRatio": 0.3001827052,
        "eps": 0.11,
        "epsdiluted": 0.11,
        "weightedAverageShsOut": 283308000,
        "weightedAverageShsOutDil": 283308000,
        "link": "https://www.sec.gov/Archives/edgar/data/743316/000095014996000114/0000950149-96-000114-index.html",
        "finalLink": "https://www.sec.gov/Archives/edgar/data/743316/0000950149-96-000114.txt"
    },
    {
        "date": "1995-09-30",
        "symbol": "MXIM",
        "reportedCurrency": "USD",
        "cik": "0000743316",
        "fillingDate": "1995-11-14",
        "acceptedDate": "1995-11-14 00:00:00",
        "calendarYear": "1996",
        "period": "Q1",
        "revenue": 96443000,
        "costOfRevenue": 38597000,
        "grossProfit": 57846000,
        "grossProfitRatio": 0.5997946974,
        "researchAndDevelopmentExpenses": 12200000,
        "generalAndAdministrativeExpenses": 10869000,
        "sellingAndMarketingExpenses": 0,
        "sellingGeneralAndAdministrativeExpenses": 10869000,
        "otherExpenses": 0,
        "operatingExpenses": 23069000,
        "costAndExpenses": 61666000,
        "interestIncome": 0,
        "interestExpense": 0,
        "depreciationAndAmortization": 2558000,
        "ebitda": 38407000,
        "ebitdaratio": 0.398235227,
        "operatingIncome": 34777000,
        "operatingIncomeRatio": 0.3605964145,
        "totalOtherIncomeExpensesNet": 1072000,
        "incomeBeforeTax": 35849000,
        "incomeBeforeTaxRatio": 0.3717117883,
        "incomeTaxExpense": 13264000,
        "netIncome": 22585000,
        "netIncomeRatio": 0.2341797746,
        "eps": 0.08,
        "epsdiluted": 0.08,
        "weightedAverageShsOut": 282200000,
        "weightedAverageShsOutDil": 282200000,
        "link": "https://www.sec.gov/Archives/edgar/data/743316/000095014995000806/0000950149-95-000806-index.html",
        "finalLink": "https://www.sec.gov/Archives/edgar/data/743316/0000950149-95-000806.txt"
    },
    {
        "date": "1995-06-30",
        "symbol": "MXIM",
        "reportedCurrency": "USD",
        "cik": "0000743316",
        "fillingDate": "1995-06-30",
        "acceptedDate": "1995-06-29 20:00:00",
        "calendarYear": "1995",
        "period": "Q4",
        "revenue": 76000000,
        "costOfRevenue": 27500000,
        "grossProfit": 48500000,
        "grossProfitRatio": 0.6381578947,
        "researchAndDevelopmentExpenses": 11400000,
        "generalAndAdministrativeExpenses": 16800000,
        "sellingAndMarketingExpenses": 3500000,
        "sellingGeneralAndAdministrativeExpenses": 20300000,
        "otherExpenses": 0,
        "operatingExpenses": 31700000,
        "costAndExpenses": 59200000,
        "interestIncome": 0,
        "interestExpense": 0,
        "depreciationAndAmortization": 3500000,
        "ebitda": 21200000,
        "ebitdaratio": 0.2789473684,
        "operatingIncome": 16800000,
        "operatingIncomeRatio": 0.2210526316,
        "totalOtherIncomeExpensesNet": 900000,
        "incomeBeforeTax": 17700000,
        "incomeBeforeTaxRatio": 0.2328947368,
        "incomeTaxExpense": 6200000,
        "netIncome": 11500000,
        "netIncomeRatio": 0.1513157895,
        "eps": 0.0408,
        "epsdiluted": 0.0408,
        "weightedAverageShsOut": 282200000,
        "weightedAverageShsOutDil": 282200000,
        "link": "",
        "finalLink": ""
    },
    {
        "date": "1995-03-31",
        "symbol": "MXIM",
        "reportedCurrency": "USD",
        "cik": "0000743316",
        "fillingDate": "1995-05-15",
        "acceptedDate": "1995-05-15 00:00:00",
        "calendarYear": "1995",
        "period": "Q3",
        "revenue": 66600000,
        "costOfRevenue": 25200000,
        "grossProfit": 41400000,
        "grossProfitRatio": 0.6216216216,
        "researchAndDevelopmentExpenses": 13100000,
        "generalAndAdministrativeExpenses": 11000000,
        "sellingAndMarketingExpenses": 2500000,
        "sellingGeneralAndAdministrativeExpenses": 13500000,
        "otherExpenses": 0,
        "operatingExpenses": 26600000,
        "costAndExpenses": 51800000,
        "interestIncome": 0,
        "interestExpense": 0,
        "depreciationAndAmortization": 2500000,
        "ebitda": 18100000,
        "ebitdaratio": 0.2717717718,
        "operatingIncome": 14800000,
        "operatingIncomeRatio": 0.2222222222,
        "totalOtherIncomeExpensesNet": 800000,
        "incomeBeforeTax": 15600000,
        "incomeBeforeTaxRatio": 0.2342342342,
        "incomeTaxExpense": 5500000,
        "netIncome": 10100000,
        "netIncomeRatio": 0.1516516517,
        "eps": 0.04,
        "epsdiluted": 0.04,
        "weightedAverageShsOut": 252500000,
        "weightedAverageShsOutDil": 252500000,
        "link": "https://www.sec.gov/Archives/edgar/data/743316/000089161895000279/0000891618-95-000279-index.html",
        "finalLink": "https://www.sec.gov/Archives/edgar/data/743316/0000891618-95-000279.txt"
    },
    {
        "date": "1994-12-31",
        "symbol": "MXIM",
        "reportedCurrency": "USD",
        "cik": "0000743316",
        "fillingDate": "1994-12-31",
        "acceptedDate": "1994-12-30 19:00:00",
        "calendarYear": "1995",
        "period": "Q2",
        "revenue": 56200000,
        "costOfRevenue": 20400000,
        "grossProfit": 35800000,
        "grossProfitRatio": 0.6370106762,
        "researchAndDevelopmentExpenses": 9600000,
        "generalAndAdministrativeExpenses": 0,
        "sellingAndMarketingExpenses": 0,
        "sellingGeneralAndAdministrativeExpenses": 10100000,
        "otherExpenses": 2900000,
        "operatingExpenses": 22600000,
        "costAndExpenses": 43000000,
        "interestIncome": 0,
        "interestExpense": 0,
        "depreciationAndAmortization": 2900000,
        "ebitda": 16600000,
        "ebitdaratio": 0.2953736655,
        "operatingIncome": 13200000,
        "operatingIncomeRatio": 0.2348754448,
        "totalOtherIncomeExpensesNet": 500000,
        "incomeBeforeTax": 13700000,
        "incomeBeforeTaxRatio": 0.243772242,
        "incomeTaxExpense": 4800000,
        "netIncome": 8900000,
        "netIncomeRatio": 0.1583629893,
        "eps": 0.04,
        "epsdiluted": 0.04,
        "weightedAverageShsOut": 222500000,
        "weightedAverageShsOutDil": 222500000,
        "link": "",
        "finalLink": ""
    },
    {
        "date": "1994-09-30",
        "symbol": "MXIM",
        "reportedCurrency": "USD",
        "cik": "0000743316",
        "fillingDate": "1994-09-30",
        "acceptedDate": "1994-09-29 20:00:00",
        "calendarYear": "1995",
        "period": "Q1",
        "revenue": 52000000,
        "costOfRevenue": 18900000,
        "grossProfit": 33100000,
        "grossProfitRatio": 0.6365384615,
        "researchAndDevelopmentExpenses": 8300000,
        "generalAndAdministrativeExpenses": 0,
        "sellingAndMarketingExpenses": 0,
        "sellingGeneralAndAdministrativeExpenses": 9700000,
        "otherExpenses": 2700000,
        "operatingExpenses": 20700000,
        "costAndExpenses": 39600000,
        "interestIncome": 0,
        "interestExpense": 0,
        "depreciationAndAmortization": 2700000,
        "ebitda": 15500000,
        "ebitdaratio": 0.2980769231,
        "operatingIncome": 12400000,
        "operatingIncomeRatio": 0.2384615385,
        "totalOtherIncomeExpensesNet": 400000,
        "incomeBeforeTax": 12800000,
        "incomeBeforeTaxRatio": 0.2461538462,
        "incomeTaxExpense": 4500000,
        "netIncome": 8300000,
        "netIncomeRatio": 0.1596153846,
        "eps": 0.04,
        "epsdiluted": 0.04,
        "weightedAverageShsOut": 207500000,
        "weightedAverageShsOutDil": 207500000,
        "link": "",
        "finalLink": ""
    },
    {
        "date": "1994-06-30",
        "symbol": "MXIM",
        "reportedCurrency": "USD",
        "cik": "0000743316",
        "fillingDate": "1994-06-30",
        "acceptedDate": "1994-06-29 20:00:00",
        "calendarYear": "1994",
        "period": "Q4",
        "revenue": 44100000,
        "costOfRevenue": 15900000,
        "grossProfit": 28200000,
        "grossProfitRatio": 0.6394557823,
        "researchAndDevelopmentExpenses": 6900000,
        "generalAndAdministrativeExpenses": 0,
        "sellingAndMarketingExpenses": 0,
        "sellingGeneralAndAdministrativeExpenses": 8700000,
        "otherExpenses": 2500000,
        "operatingExpenses": 18100000,
        "costAndExpenses": 34000000,
        "interestIncome": 0,
        "interestExpense": 0,
        "depreciationAndAmortization": 2500000,
        "ebitda": 13100000,
        "ebitdaratio": 0.2970521542,
        "operatingIncome": 10100000,
        "operatingIncomeRatio": 0.2290249433,
        "totalOtherIncomeExpensesNet": 500000,
        "incomeBeforeTax": 10600000,
        "incomeBeforeTaxRatio": 0.2403628118,
        "incomeTaxExpense": 3800000,
        "netIncome": 6800000,
        "netIncomeRatio": 0.1541950113,
        "eps": 0.0324,
        "epsdiluted": 0.0324,
        "weightedAverageShsOut": 210000000,
        "weightedAverageShsOutDil": 210000000,
        "link": "",
        "finalLink": ""
    },
    {
        "date": "1994-03-31",
        "symbol": "MXIM",
        "reportedCurrency": "USD",
        "cik": "0000743316",
        "fillingDate": "1994-03-31",
        "acceptedDate": "1994-03-30 19:00:00",
        "calendarYear": "1994",
        "period": "Q3",
        "revenue": 40600000,
        "costOfRevenue": 15100000,
        "grossProfit": 25500000,
        "grossProfitRatio": 0.6280788177,
        "researchAndDevelopmentExpenses": 5700000,
        "generalAndAdministrativeExpenses": 0,
        "sellingAndMarketingExpenses": 0,
        "sellingGeneralAndAdministrativeExpenses": 8500000,
        "otherExpenses": 1800000,
        "operatingExpenses": 16000000,
        "costAndExpenses": 31100000,
        "interestIncome": 0,
        "interestExpense": 0,
        "depreciationAndAmortization": 1800000,
        "ebitda": 11700000,
        "ebitdaratio": 0.2881773399,
        "operatingIncome": 9500000,
        "operatingIncomeRatio": 0.2339901478,
        "totalOtherIncomeExpensesNet": 400000,
        "incomeBeforeTax": 9900000,
        "incomeBeforeTaxRatio": 0.2438423645,
        "incomeTaxExpense": 3600000,
        "netIncome": 6300000,
        "netIncomeRatio": 0.1551724138,
        "eps": 0.03,
        "epsdiluted": 0.03,
        "weightedAverageShsOut": 210000000,
        "weightedAverageShsOutDil": 210000000,
        "link": "",
        "finalLink": ""
    },
    {
        "date": "1993-12-31",
        "symbol": "MXIM",
        "reportedCurrency": "USD",
        "cik": "0000743316",
        "fillingDate": "1993-12-31",
        "acceptedDate": "1993-12-30 19:00:00",
        "calendarYear": "1994",
        "period": "Q2",
        "revenue": 36100000,
        "costOfRevenue": 13400000,
        "grossProfit": 22700000,
        "grossProfitRatio": 0.6288088643,
        "researchAndDevelopmentExpenses": 0,
        "generalAndAdministrativeExpenses": 0,
        "sellingAndMarketingExpenses": 0,
        "sellingGeneralAndAdministrativeExpenses": 12900000,
        "otherExpenses": 1600000,
        "operatingExpenses": 14500000,
        "costAndExpenses": 27900000,
        "interestIncome": 0,
        "interestExpense": 0,
        "depreciationAndAmortization": 1600000,
        "ebitda": 10500000,
        "ebitdaratio": 0.2908587258,
        "operatingIncome": 8200000,
        "operatingIncomeRatio": 0.2271468144,
        "totalOtherIncomeExpensesNet": 700000,
        "incomeBeforeTax": 8900000,
        "incomeBeforeTaxRatio": 0.2465373961,
        "incomeTaxExpense": 3200000,
        "netIncome": 5700000,
        "netIncomeRatio": 0.1578947368,
        "eps": 0.03,
        "epsdiluted": 0.03,
        "weightedAverageShsOut": 190000000,
        "weightedAverageShsOutDil": 190000000,
        "link": "",
        "finalLink": ""
    },
    {
        "date": "1993-09-30",
        "symbol": "MXIM",
        "reportedCurrency": "USD",
        "cik": "0000743316",
        "fillingDate": "1993-09-30",
        "acceptedDate": "1993-09-29 20:00:00",
        "calendarYear": "1994",
        "period": "Q1",
        "revenue": 33100000,
        "costOfRevenue": 12000000,
        "grossProfit": 21100000,
        "grossProfitRatio": 0.6374622356,
        "researchAndDevelopmentExpenses": 0,
        "generalAndAdministrativeExpenses": 0,
        "sellingAndMarketingExpenses": 0,
        "sellingGeneralAndAdministrativeExpenses": 11400000,
        "otherExpenses": 2000000,
        "operatingExpenses": 13400000,
        "costAndExpenses": 25400000,
        "interestIncome": 0,
        "interestExpense": 0,
        "depreciationAndAmortization": 2000000,
        "ebitda": 10300000,
        "ebitdaratio": 0.3111782477,
        "operatingIncome": 7700000,
        "operatingIncomeRatio": 0.2326283988,
        "totalOtherIncomeExpensesNet": 600000,
        "incomeBeforeTax": 8300000,
        "incomeBeforeTaxRatio": 0.250755287,
        "incomeTaxExpense": 3000000,
        "netIncome": 5300000,
        "netIncomeRatio": 0.1601208459,
        "eps": 0.03,
        "epsdiluted": 0.03,
        "weightedAverageShsOut": 176666667,
        "weightedAverageShsOutDil": 176666667,
        "link": "",
        "finalLink": ""
    },
    {
        "date": "1993-06-30",
        "symbol": "MXIM",
        "reportedCurrency": "USD",
        "cik": "0000743316",
        "fillingDate": "1993-06-30",
        "acceptedDate": "1993-06-29 20:00:00",
        "calendarYear": "1993",
        "period": "Q4",
        "revenue": 30100000,
        "costOfRevenue": 11500000,
        "grossProfit": 18600000,
        "grossProfitRatio": 0.6179401993,
        "researchAndDevelopmentExpenses": 0,
        "generalAndAdministrativeExpenses": 0,
        "sellingAndMarketingExpenses": 0,
        "sellingGeneralAndAdministrativeExpenses": 10400000,
        "otherExpenses": 1200000,
        "operatingExpenses": 11600000,
        "costAndExpenses": 23100000,
        "interestIncome": 0,
        "interestExpense": 0,
        "depreciationAndAmortization": 1200000,
        "ebitda": 8400000,
        "ebitdaratio": 0.2790697674,
        "operatingIncome": 7000000,
        "operatingIncomeRatio": 0.2325581395,
        "totalOtherIncomeExpensesNet": 200000,
        "incomeBeforeTax": 7200000,
        "incomeBeforeTaxRatio": 0.2392026578,
        "incomeTaxExpense": 2500000,
        "netIncome": 4700000,
        "netIncomeRatio": 0.1561461794,
        "eps": 0.0214,
        "epsdiluted": 0.0214,
        "weightedAverageShsOut": 220000000,
        "weightedAverageShsOutDil": 220000000,
        "link": "",
        "finalLink": ""
    },
    {
        "date": "1993-03-31",
        "symbol": "MXIM",
        "reportedCurrency": "USD",
        "cik": "0000743316",
        "fillingDate": "1993-03-31",
        "acceptedDate": "1993-03-30 19:00:00",
        "calendarYear": "1993",
        "period": "Q3",
        "revenue": 28400000,
        "costOfRevenue": 8700000,
        "grossProfit": 19700000,
        "grossProfitRatio": 0.6936619718,
        "researchAndDevelopmentExpenses": 0,
        "generalAndAdministrativeExpenses": 0,
        "sellingAndMarketingExpenses": 0,
        "sellingGeneralAndAdministrativeExpenses": 9800000,
        "otherExpenses": 3400000,
        "operatingExpenses": 13200000,
        "costAndExpenses": 21900000,
        "interestIncome": 0,
        "interestExpense": 0,
        "depreciationAndAmortization": 1500000,
        "ebitda": 8300000,
        "ebitdaratio": 0.2922535211,
        "operatingIncome": 6500000,
        "operatingIncomeRatio": 0.2288732394,
        "totalOtherIncomeExpensesNet": 300000,
        "incomeBeforeTax": 6800000,
        "incomeBeforeTaxRatio": 0.2394366197,
        "incomeTaxExpense": 2400000,
        "netIncome": 4400000,
        "netIncomeRatio": 0.1549295775,
        "eps": 0.02,
        "epsdiluted": 0.02,
        "weightedAverageShsOut": 220000000,
        "weightedAverageShsOutDil": 220000000,
        "link": "",
        "finalLink": ""
    },
    {
        "date": "1992-12-31",
        "symbol": "MXIM",
        "reportedCurrency": "USD",
        "cik": "0000743316",
        "fillingDate": "1992-12-31",
        "acceptedDate": "1992-12-30 19:00:00",
        "calendarYear": "1993",
        "period": "Q2",
        "revenue": 26700000,
        "costOfRevenue": 10500000,
        "grossProfit": 16200000,
        "grossProfitRatio": 0.606741573,
        "researchAndDevelopmentExpenses": 0,
        "generalAndAdministrativeExpenses": 0,
        "sellingAndMarketingExpenses": 0,
        "sellingGeneralAndAdministrativeExpenses": 9100000,
        "otherExpenses": 1000000,
        "operatingExpenses": 10100000,
        "costAndExpenses": 20600000,
        "interestIncome": 0,
        "interestExpense": 0,
        "depreciationAndAmortization": 800000,
        "ebitda": 7300000,
        "ebitdaratio": 0.2734082397,
        "operatingIncome": 6100000,
        "operatingIncomeRatio": 0.2284644195,
        "totalOtherIncomeExpensesNet": 400000,
        "incomeBeforeTax": 6500000,
        "incomeBeforeTaxRatio": 0.2434456929,
        "incomeTaxExpense": 2300000,
        "netIncome": 4200000,
        "netIncomeRatio": 0.1573033708,
        "eps": 0.02,
        "epsdiluted": 0.02,
        "weightedAverageShsOut": 210000000,
        "weightedAverageShsOutDil": 210000000,
        "link": "",
        "finalLink": ""
    },
    {
        "date": "1992-09-30",
        "symbol": "MXIM",
        "reportedCurrency": "USD",
        "cik": "0000743316",
        "fillingDate": "1992-09-30",
        "acceptedDate": "1992-09-29 20:00:00",
        "calendarYear": "1993",
        "period": "Q1",
        "revenue": 25000000,
        "costOfRevenue": 9400000,
        "grossProfit": 15600000,
        "grossProfitRatio": 0.624,
        "researchAndDevelopmentExpenses": 0,
        "generalAndAdministrativeExpenses": 0,
        "sellingAndMarketingExpenses": 0,
        "sellingGeneralAndAdministrativeExpenses": 8600000,
        "otherExpenses": 1100000,
        "operatingExpenses": 9700000,
        "costAndExpenses": 19100000,
        "interestIncome": 0,
        "interestExpense": 0,
        "depreciationAndAmortization": 1100000,
        "ebitda": 7300000,
        "ebitdaratio": 0.292,
        "operatingIncome": 5900000,
        "operatingIncomeRatio": 0.236,
        "totalOtherIncomeExpensesNet": 300000,
        "incomeBeforeTax": 6200000,
        "incomeBeforeTaxRatio": 0.248,
        "incomeTaxExpense": 2200000,
        "netIncome": 4000000,
        "netIncomeRatio": 0.16,
        "eps": 0.02,
        "epsdiluted": 0.02,
        "weightedAverageShsOut": 200000000,
        "weightedAverageShsOutDil": 200000000,
        "link": "",
        "finalLink": ""
    },
    {
        "date": "1992-06-30",
        "symbol": "MXIM",
        "reportedCurrency": "USD",
        "cik": "0000743316",
        "fillingDate": "1992-06-30",
        "acceptedDate": "1992-06-29 20:00:00",
        "calendarYear": "1992",
        "period": "Q4",
        "revenue": 23300000,
        "costOfRevenue": 8600000,
        "grossProfit": 14700000,
        "grossProfitRatio": 0.6309012876,
        "researchAndDevelopmentExpenses": 0,
        "generalAndAdministrativeExpenses": 0,
        "sellingAndMarketingExpenses": 0,
        "sellingGeneralAndAdministrativeExpenses": 8200000,
        "otherExpenses": 1100000,
        "operatingExpenses": 9300000,
        "costAndExpenses": 17900000,
        "interestIncome": 0,
        "interestExpense": 0,
        "depreciationAndAmortization": 1100000,
        "ebitda": 6800000,
        "ebitdaratio": 0.2918454936,
        "operatingIncome": 5400000,
        "operatingIncomeRatio": 0.2317596567,
        "totalOtherIncomeExpensesNet": 300000,
        "incomeBeforeTax": 5700000,
        "incomeBeforeTaxRatio": 0.2446351931,
        "incomeTaxExpense": 2000000,
        "netIncome": 3700000,
        "netIncomeRatio": 0.1587982833,
        "eps": 0.0211,
        "epsdiluted": 0.0211,
        "weightedAverageShsOut": 175000000,
        "weightedAverageShsOutDil": 175000000,
        "link": "",
        "finalLink": ""
    },
    {
        "date": "1992-03-31",
        "symbol": "MXIM",
        "reportedCurrency": "USD",
        "cik": "0000743316",
        "fillingDate": "1992-03-31",
        "acceptedDate": "1992-03-30 19:00:00",
        "calendarYear": "1992",
        "period": "Q3",
        "revenue": 22100000,
        "costOfRevenue": 8200000,
        "grossProfit": 13900000,
        "grossProfitRatio": 0.628959276,
        "researchAndDevelopmentExpenses": 0,
        "generalAndAdministrativeExpenses": 0,
        "sellingAndMarketingExpenses": 0,
        "sellingGeneralAndAdministrativeExpenses": 7200000,
        "otherExpenses": 1300000,
        "operatingExpenses": 8500000,
        "costAndExpenses": 16700000,
        "interestIncome": 0,
        "interestExpense": 0,
        "depreciationAndAmortization": 1300000,
        "ebitda": 6700000,
        "ebitdaratio": 0.3031674208,
        "operatingIncome": 5400000,
        "operatingIncomeRatio": 0.2443438914,
        "totalOtherIncomeExpensesNet": 0,
        "incomeBeforeTax": 5400000,
        "incomeBeforeTaxRatio": 0.2443438914,
        "incomeTaxExpense": 1900000,
        "netIncome": 3500000,
        "netIncomeRatio": 0.1583710407,
        "eps": 0.02,
        "epsdiluted": 0.02,
        "weightedAverageShsOut": 175000000,
        "weightedAverageShsOutDil": 175000000,
        "link": "",
        "finalLink": ""
    },
    {
        "date": "1991-12-31",
        "symbol": "MXIM",
        "reportedCurrency": "USD",
        "cik": "0000743316",
        "fillingDate": "1991-12-31",
        "acceptedDate": "1991-12-30 19:00:00",
        "calendarYear": "1992",
        "period": "Q2",
        "revenue": 21100000,
        "costOfRevenue": 8100000,
        "grossProfit": 13000000,
        "grossProfitRatio": 0.6161137441,
        "researchAndDevelopmentExpenses": 0,
        "generalAndAdministrativeExpenses": 0,
        "sellingAndMarketingExpenses": 0,
        "sellingGeneralAndAdministrativeExpenses": 6800000,
        "otherExpenses": 1200000,
        "operatingExpenses": 8000000,
        "costAndExpenses": 16100000,
        "interestIncome": 0,
        "interestExpense": 0,
        "depreciationAndAmortization": 1200000,
        "ebitda": 6300000,
        "ebitdaratio": 0.2985781991,
        "operatingIncome": 5000000,
        "operatingIncomeRatio": 0.2369668246,
        "totalOtherIncomeExpensesNet": 100000,
        "incomeBeforeTax": 5100000,
        "incomeBeforeTaxRatio": 0.2417061611,
        "incomeTaxExpense": 1800000,
        "netIncome": 3300000,
        "netIncomeRatio": 0.1563981043,
        "eps": 0.02,
        "epsdiluted": 0.02,
        "weightedAverageShsOut": 165000000,
        "weightedAverageShsOutDil": 165000000,
        "link": "",
        "finalLink": ""
    },
    {
        "date": "1991-09-30",
        "symbol": "MXIM",
        "reportedCurrency": "USD",
        "cik": "0000743316",
        "fillingDate": "1991-09-30",
        "acceptedDate": "1991-09-29 20:00:00",
        "calendarYear": "1992",
        "period": "Q1",
        "revenue": 20400000,
        "costOfRevenue": 7000000,
        "grossProfit": 13400000,
        "grossProfitRatio": 0.6568627451,
        "researchAndDevelopmentExpenses": 0,
        "generalAndAdministrativeExpenses": 0,
        "sellingAndMarketingExpenses": 0,
        "sellingGeneralAndAdministrativeExpenses": 6400000,
        "otherExpenses": 2300000,
        "operatingExpenses": 8700000,
        "costAndExpenses": 15700000,
        "interestIncome": 0,
        "interestExpense": 0,
        "depreciationAndAmortization": 2300000,
        "ebitda": 7100000,
        "ebitdaratio": 0.3480392157,
        "operatingIncome": 4700000,
        "operatingIncomeRatio": 0.2303921569,
        "totalOtherIncomeExpensesNet": 100000,
        "incomeBeforeTax": 4800000,
        "incomeBeforeTaxRatio": 0.2352941176,
        "incomeTaxExpense": 1700000,
        "netIncome": 3100000,
        "netIncomeRatio": 0.1519607843,
        "eps": 0.02,
        "epsdiluted": 0.02,
        "weightedAverageShsOut": 155000000,
        "weightedAverageShsOutDil": 155000000,
        "link": "",
        "finalLink": ""
    },
    {
        "date": "1991-06-30",
        "symbol": "MXIM",
        "reportedCurrency": "USD",
        "cik": "0000743316",
        "fillingDate": "1991-06-30",
        "acceptedDate": "1991-06-29 20:00:00",
        "calendarYear": "1991",
        "period": "Q4",
        "revenue": 19600000,
        "costOfRevenue": 7500000,
        "grossProfit": 12100000,
        "grossProfitRatio": 0.6173469388,
        "researchAndDevelopmentExpenses": 0,
        "generalAndAdministrativeExpenses": 0,
        "sellingAndMarketingExpenses": 0,
        "sellingGeneralAndAdministrativeExpenses": 6200000,
        "otherExpenses": 1500000,
        "operatingExpenses": 7700000,
        "costAndExpenses": 15200000,
        "interestIncome": 0,
        "interestExpense": 0,
        "depreciationAndAmortization": 1500000,
        "ebitda": 5900000,
        "ebitdaratio": 0.3010204082,
        "operatingIncome": 4400000,
        "operatingIncomeRatio": 0.2244897959,
        "totalOtherIncomeExpensesNet": 0,
        "incomeBeforeTax": 4400000,
        "incomeBeforeTaxRatio": 0.2244897959,
        "incomeTaxExpense": 1600000,
        "netIncome": 2800000,
        "netIncomeRatio": 0.1428571429,
        "eps": 0.0179,
        "epsdiluted": 0.0179,
        "weightedAverageShsOut": 156666667,
        "weightedAverageShsOutDil": 156666667,
        "link": "",
        "finalLink": ""
    },
    {
        "date": "1991-03-31",
        "symbol": "MXIM",
        "reportedCurrency": "USD",
        "cik": "0000743316",
        "fillingDate": "1991-03-31",
        "acceptedDate": "1991-03-30 19:00:00",
        "calendarYear": "1991",
        "period": "Q3",
        "revenue": 18800000,
        "costOfRevenue": 7500000,
        "grossProfit": 11300000,
        "grossProfitRatio": 0.6010638298,
        "researchAndDevelopmentExpenses": 0,
        "generalAndAdministrativeExpenses": 0,
        "sellingAndMarketingExpenses": 0,
        "sellingGeneralAndAdministrativeExpenses": 5700000,
        "otherExpenses": 1500000,
        "operatingExpenses": 7200000,
        "costAndExpenses": 14700000,
        "interestIncome": 0,
        "interestExpense": 0,
        "depreciationAndAmortization": 1500000,
        "ebitda": 5500000,
        "ebitdaratio": 0.2925531915,
        "operatingIncome": 4100000,
        "operatingIncomeRatio": 0.2180851064,
        "totalOtherIncomeExpensesNet": -100000,
        "incomeBeforeTax": 4000000,
        "incomeBeforeTaxRatio": 0.2127659574,
        "incomeTaxExpense": 1400000,
        "netIncome": 2600000,
        "netIncomeRatio": 0.1382978723,
        "eps": 0.0166,
        "epsdiluted": 0.0166,
        "weightedAverageShsOut": 156666667,
        "weightedAverageShsOutDil": 156666667,
        "link": "",
        "finalLink": ""
    },
    {
        "date": "1990-12-31",
        "symbol": "MXIM",
        "reportedCurrency": "USD",
        "cik": "0000743316",
        "fillingDate": "1990-12-31",
        "acceptedDate": "1990-12-30 19:00:00",
        "calendarYear": "1991",
        "period": "Q2",
        "revenue": 18000000,
        "costOfRevenue": 7200000,
        "grossProfit": 10800000,
        "grossProfitRatio": 0.6,
        "researchAndDevelopmentExpenses": 0,
        "generalAndAdministrativeExpenses": 0,
        "sellingAndMarketingExpenses": 0,
        "sellingGeneralAndAdministrativeExpenses": 5500000,
        "otherExpenses": 1500000,
        "operatingExpenses": 7000000,
        "costAndExpenses": 14200000,
        "interestIncome": 0,
        "interestExpense": 0,
        "depreciationAndAmortization": 1500000,
        "ebitda": 5200000,
        "ebitdaratio": 0.2888888889,
        "operatingIncome": 3800000,
        "operatingIncomeRatio": 0.2111111111,
        "totalOtherIncomeExpensesNet": -100000,
        "incomeBeforeTax": 3700000,
        "incomeBeforeTaxRatio": 0.2055555556,
        "incomeTaxExpense": 1300000,
        "netIncome": 2400000,
        "netIncomeRatio": 0.1333333333,
        "eps": 0.0153,
        "epsdiluted": 0.0153,
        "weightedAverageShsOut": 156666667,
        "weightedAverageShsOutDil": 156666667,
        "link": "",
        "finalLink": ""
    },
    {
        "date": "1990-09-30",
        "symbol": "MXIM",
        "reportedCurrency": "USD",
        "cik": "0000743316",
        "fillingDate": "1990-09-30",
        "acceptedDate": "1990-09-29 20:00:00",
        "calendarYear": "1991",
        "period": "Q1",
        "revenue": 17300000,
        "costOfRevenue": 7000000,
        "grossProfit": 10300000,
        "grossProfitRatio": 0.5953757225,
        "researchAndDevelopmentExpenses": 0,
        "generalAndAdministrativeExpenses": 0,
        "sellingAndMarketingExpenses": 0,
        "sellingGeneralAndAdministrativeExpenses": 5300000,
        "otherExpenses": 1400000,
        "operatingExpenses": 6700000,
        "costAndExpenses": 13700000,
        "interestIncome": 0,
        "interestExpense": 0,
        "depreciationAndAmortization": 1400000,
        "ebitda": 4900000,
        "ebitdaratio": 0.2832369942,
        "operatingIncome": 3600000,
        "operatingIncomeRatio": 0.2080924855,
        "totalOtherIncomeExpensesNet": -100000,
        "incomeBeforeTax": 3500000,
        "incomeBeforeTaxRatio": 0.2023121387,
        "incomeTaxExpense": 1200000,
        "netIncome": 2300000,
        "netIncomeRatio": 0.1329479769,
        "eps": 0.0115,
        "epsdiluted": 0.0115,
        "weightedAverageShsOut": 200000000,
        "weightedAverageShsOutDil": 200000000,
        "link": "",
        "finalLink": ""
    },
    {
        "date": "1990-06-30",
        "symbol": "MXIM",
        "reportedCurrency": "USD",
        "cik": "0000743316",
        "fillingDate": "1990-06-30",
        "acceptedDate": "1990-06-29 20:00:00",
        "calendarYear": "1990",
        "period": "Q4",
        "revenue": 16200000,
        "costOfRevenue": 7200000,
        "grossProfit": 9000000,
        "grossProfitRatio": 0.5555555556,
        "researchAndDevelopmentExpenses": 0,
        "generalAndAdministrativeExpenses": 0,
        "sellingAndMarketingExpenses": 0,
        "sellingGeneralAndAdministrativeExpenses": 4900000,
        "otherExpenses": 1100000,
        "operatingExpenses": 6000000,
        "costAndExpenses": 13200000,
        "interestIncome": 0,
        "interestExpense": 0,
        "depreciationAndAmortization": 1100000,
        "ebitda": 3900000,
        "ebitdaratio": 0.2407407407,
        "operatingIncome": 3000000,
        "operatingIncomeRatio": 0.1851851852,
        "totalOtherIncomeExpensesNet": -200000,
        "incomeBeforeTax": 2800000,
        "incomeBeforeTaxRatio": 0.1728395062,
        "incomeTaxExpense": 600000,
        "netIncome": 2200000,
        "netIncomeRatio": 0.1358024691,
        "eps": 0.011,
        "epsdiluted": 0.011,
        "weightedAverageShsOut": 200000000,
        "weightedAverageShsOutDil": 200000000,
        "link": "",
        "finalLink": ""
    },
    {
        "date": "1990-03-31",
        "symbol": "MXIM",
        "reportedCurrency": "USD",
        "cik": "0000743316",
        "fillingDate": "1990-03-31",
        "acceptedDate": "1990-03-30 19:00:00",
        "calendarYear": "1990",
        "period": "Q3",
        "revenue": 14400000,
        "costOfRevenue": 5600000,
        "grossProfit": 8800000,
        "grossProfitRatio": 0.6111111111,
        "researchAndDevelopmentExpenses": 0,
        "generalAndAdministrativeExpenses": 0,
        "sellingAndMarketingExpenses": 0,
        "sellingGeneralAndAdministrativeExpenses": 4600000,
        "otherExpenses": 1500000,
        "operatingExpenses": 6100000,
        "costAndExpenses": 11700000,
        "interestIncome": 0,
        "interestExpense": 0,
        "depreciationAndAmortization": 1500000,
        "ebitda": 4200000,
        "ebitdaratio": 0.2916666667,
        "operatingIncome": 2700000,
        "operatingIncomeRatio": 0.1875,
        "totalOtherIncomeExpensesNet": 0,
        "incomeBeforeTax": 2700000,
        "incomeBeforeTaxRatio": 0.1875,
        "incomeTaxExpense": 700000,
        "netIncome": 2000000,
        "netIncomeRatio": 0.1388888889,
        "eps": 0.01,
        "epsdiluted": 0.01,
        "weightedAverageShsOut": 200000000,
        "weightedAverageShsOutDil": 200000000,
        "link": "",
        "finalLink": ""
    },
    {
        "date": "1989-12-31",
        "symbol": "MXIM",
        "reportedCurrency": "USD",
        "cik": "0000743316",
        "fillingDate": "1989-12-31",
        "acceptedDate": "1989-12-30 19:00:00",
        "calendarYear": "1990",
        "period": "Q2",
        "revenue": 13200000,
        "costOfRevenue": 5500000,
        "grossProfit": 7700000,
        "grossProfitRatio": 0.5833333333,
        "researchAndDevelopmentExpenses": 0,
        "generalAndAdministrativeExpenses": 0,
        "sellingAndMarketingExpenses": 0,
        "sellingGeneralAndAdministrativeExpenses": 4100000,
        "otherExpenses": 1000000,
        "operatingExpenses": 5100000,
        "costAndExpenses": 10600000,
        "interestIncome": 0,
        "interestExpense": 0,
        "depreciationAndAmortization": 1000000,
        "ebitda": 3500000,
        "ebitdaratio": 0.2651515152,
        "operatingIncome": 2600000,
        "operatingIncomeRatio": 0.196969697,
        "totalOtherIncomeExpensesNet": -100000,
        "incomeBeforeTax": 2500000,
        "incomeBeforeTaxRatio": 0.1893939394,
        "incomeTaxExpense": 700000,
        "netIncome": 1800000,
        "netIncomeRatio": 0.1363636364,
        "eps": 0.01,
        "epsdiluted": 0.01,
        "weightedAverageShsOut": 180000000,
        "weightedAverageShsOutDil": 180000000,
        "link": "",
        "finalLink": ""
    },
    {
        "date": "1989-09-30",
        "symbol": "MXIM",
        "reportedCurrency": "USD",
        "cik": "0000743316",
        "fillingDate": "1989-09-30",
        "acceptedDate": "1989-09-29 20:00:00",
        "calendarYear": "1990",
        "period": "Q1",
        "revenue": 12300000,
        "costOfRevenue": 0,
        "grossProfit": 12300000,
        "grossProfitRatio": 1,
        "researchAndDevelopmentExpenses": 0,
        "generalAndAdministrativeExpenses": 0,
        "sellingAndMarketingExpenses": 0,
        "sellingGeneralAndAdministrativeExpenses": 0,
        "otherExpenses": 0,
        "operatingExpenses": 0,
        "costAndExpenses": 0,
        "interestIncome": 0,
        "interestExpense": 0,
        "depreciationAndAmortization": 0,
        "ebitda": 12300000,
        "ebitdaratio": 1,
        "operatingIncome": 12300000,
        "operatingIncomeRatio": 1,
        "totalOtherIncomeExpensesNet": 0,
        "incomeBeforeTax": 0,
        "incomeBeforeTaxRatio": 0,
        "incomeTaxExpense": 0,
        "netIncome": 0,
        "netIncomeRatio": 0,
        "eps": 0,
        "epsdiluted": 0,
        "weightedAverageShsOut": 179056000,
        "weightedAverageShsOutDil": 179056000,
        "link": "",
        "finalLink": ""
    },
    {
        "date": "1989-06-30",
        "symbol": "MXIM",
        "reportedCurrency": "USD",
        "cik": "0000743316",
        "fillingDate": "1989-06-30",
        "acceptedDate": "1989-06-29 20:00:00",
        "calendarYear": "1989",
        "period": "Q4",
        "revenue": 11700000,
        "costOfRevenue": 0,
        "grossProfit": 11700000,
        "grossProfitRatio": 1,
        "researchAndDevelopmentExpenses": 0,
        "generalAndAdministrativeExpenses": 0,
        "sellingAndMarketingExpenses": 0,
        "sellingGeneralAndAdministrativeExpenses": 0,
        "otherExpenses": -33200000,
        "operatingExpenses": -33200000,
        "costAndExpenses": -33200000,
        "interestIncome": 0,
        "interestExpense": 0,
        "depreciationAndAmortization": 0,
        "ebitda": -21500000,
        "ebitdaratio": -1.8376068376,
        "operatingIncome": -21500000,
        "operatingIncomeRatio": -1.8376068376,
        "totalOtherIncomeExpensesNet": 0,
        "incomeBeforeTax": 0,
        "incomeBeforeTaxRatio": 0,
        "incomeTaxExpense": 0,
        "netIncome": 0,
        "netIncomeRatio": 0,
        "eps": 0,
        "epsdiluted": 0,
        "weightedAverageShsOut": 179056000,
        "weightedAverageShsOutDil": 179056000,
        "link": "",
        "finalLink": ""
    },
    {
        "date": "1989-03-31",
        "symbol": "MXIM",
        "reportedCurrency": "USD",
        "cik": "0000743316",
        "fillingDate": "1989-03-31",
        "acceptedDate": "1989-03-30 19:00:00",
        "calendarYear": "1989",
        "period": "Q3",
        "revenue": 10600000,
        "costOfRevenue": 0,
        "grossProfit": 10600000,
        "grossProfitRatio": 1,
        "researchAndDevelopmentExpenses": 0,
        "generalAndAdministrativeExpenses": 0,
        "sellingAndMarketingExpenses": 0,
        "sellingGeneralAndAdministrativeExpenses": 0,
        "otherExpenses": 0,
        "operatingExpenses": 0,
        "costAndExpenses": 0,
        "interestIncome": 0,
        "interestExpense": 0,
        "depreciationAndAmortization": 0,
        "ebitda": 10600000,
        "ebitdaratio": 1,
        "operatingIncome": 10600000,
        "operatingIncomeRatio": 1,
        "totalOtherIncomeExpensesNet": 0,
        "incomeBeforeTax": 0,
        "incomeBeforeTaxRatio": 0,
        "incomeTaxExpense": 0,
        "netIncome": 0,
        "netIncomeRatio": 0,
        "eps": 0,
        "epsdiluted": 0,
        "weightedAverageShsOut": 179056000,
        "weightedAverageShsOutDil": 179056000,
        "link": "",
        "finalLink": ""
    },
    {
        "date": "1988-12-31",
        "symbol": "MXIM",
        "reportedCurrency": "USD",
        "cik": "0000743316",
        "fillingDate": "1988-12-31",
        "acceptedDate": "1988-12-30 19:00:00",
        "calendarYear": "1989",
        "period": "Q2",
        "revenue": 10300000,
        "costOfRevenue": 0,
        "grossProfit": 10300000,
        "grossProfitRatio": 1,
        "researchAndDevelopmentExpenses": 0,
        "generalAndAdministrativeExpenses": 0,
        "sellingAndMarketingExpenses": 0,
        "sellingGeneralAndAdministrativeExpenses": 0,
        "otherExpenses": 0,
        "operatingExpenses": 0,
        "costAndExpenses": 0,
        "interestIncome": 0,
        "interestExpense": 0,
        "depreciationAndAmortization": 0,
        "ebitda": 10300000,
        "ebitdaratio": 1,
        "operatingIncome": 10300000,
        "operatingIncomeRatio": 1,
        "totalOtherIncomeExpensesNet": 0,
        "incomeBeforeTax": 0,
        "incomeBeforeTaxRatio": 0,
        "incomeTaxExpense": 0,
        "netIncome": 0,
        "netIncomeRatio": 0,
        "eps": 0,
        "epsdiluted": 0,
        "weightedAverageShsOut": 179056000,
        "weightedAverageShsOutDil": 179056000,
        "link": "",
        "finalLink": ""
    },
    {
        "date": "1988-09-30",
        "symbol": "MXIM",
        "reportedCurrency": "USD",
        "cik": "0000743316",
        "fillingDate": "1988-09-30",
        "acceptedDate": "1988-09-29 20:00:00",
        "calendarYear": "1989",
        "period": "Q1",
        "revenue": 9500000,
        "costOfRevenue": 0,
        "grossProfit": 9500000,
        "grossProfitRatio": 1,
        "researchAndDevelopmentExpenses": 0,
        "generalAndAdministrativeExpenses": 0,
        "sellingAndMarketingExpenses": 0,
        "sellingGeneralAndAdministrativeExpenses": 0,
        "otherExpenses": 0,
        "operatingExpenses": 0,
        "costAndExpenses": 0,
        "interestIncome": 0,
        "interestExpense": 0,
        "depreciationAndAmortization": 0,
        "ebitda": 9500000,
        "ebitdaratio": 1,
        "operatingIncome": 9500000,
        "operatingIncomeRatio": 1,
        "totalOtherIncomeExpensesNet": 0,
        "incomeBeforeTax": 0,
        "incomeBeforeTaxRatio": 0,
        "incomeTaxExpense": 0,
        "netIncome": 0,
        "netIncomeRatio": 0,
        "eps": 0,
        "epsdiluted": 0,
        "weightedAverageShsOut": 179056000,
        "weightedAverageShsOutDil": 179056000,
        "link": "",
        "finalLink": ""
    },
    {
        "date": "1988-06-30",
        "symbol": "MXIM",
        "reportedCurrency": "USD",
        "cik": "0000743316",
        "fillingDate": "1988-06-30",
        "acceptedDate": "1988-06-29 20:00:00",
        "calendarYear": "1988",
        "period": "Q4",
        "revenue": 7100000,
        "costOfRevenue": 0,
        "grossProfit": 7100000,
        "grossProfitRatio": 1,
        "researchAndDevelopmentExpenses": 0,
        "generalAndAdministrativeExpenses": 0,
        "sellingAndMarketingExpenses": 0,
        "sellingGeneralAndAdministrativeExpenses": 0,
        "otherExpenses": -23200000,
        "operatingExpenses": -23200000,
        "costAndExpenses": -23200000,
        "interestIncome": 0,
        "interestExpense": 0,
        "depreciationAndAmortization": 0,
        "ebitda": -16100000,
        "ebitdaratio": -2.2676056338,
        "operatingIncome": -16100000,
        "operatingIncomeRatio": -2.2676056338,
        "totalOtherIncomeExpensesNet": 0,
        "incomeBeforeTax": 0,
        "incomeBeforeTaxRatio": 0,
        "incomeTaxExpense": 0,
        "netIncome": 0,
        "netIncomeRatio": 0,
        "eps": 0,
        "epsdiluted": 0,
        "weightedAverageShsOut": 173936000,
        "weightedAverageShsOutDil": 173936000,
        "link": "",
        "finalLink": ""
    },
    {
        "date": "1988-03-31",
        "symbol": "MXIM",
        "reportedCurrency": "USD",
        "cik": "0000743316",
        "fillingDate": "1988-03-31",
        "acceptedDate": "1988-03-30 19:00:00",
        "calendarYear": "1988",
        "period": "Q3",
        "revenue": 7100000,
        "costOfRevenue": 0,
        "grossProfit": 7100000,
        "grossProfitRatio": 1,
        "researchAndDevelopmentExpenses": 0,
        "generalAndAdministrativeExpenses": 0,
        "sellingAndMarketingExpenses": 0,
        "sellingGeneralAndAdministrativeExpenses": 0,
        "otherExpenses": 0,
        "operatingExpenses": 0,
        "costAndExpenses": 0,
        "interestIncome": 0,
        "interestExpense": 0,
        "depreciationAndAmortization": 0,
        "ebitda": 7100000,
        "ebitdaratio": 1,
        "operatingIncome": 7100000,
        "operatingIncomeRatio": 1,
        "totalOtherIncomeExpensesNet": 0,
        "incomeBeforeTax": 0,
        "incomeBeforeTaxRatio": 0,
        "incomeTaxExpense": 0,
        "netIncome": 0,
        "netIncomeRatio": 0,
        "eps": 0,
        "epsdiluted": 0,
        "weightedAverageShsOut": 173936000,
        "weightedAverageShsOutDil": 173936000,
        "link": "",
        "finalLink": ""
    },
    {
        "date": "1987-12-31",
        "symbol": "MXIM",
        "reportedCurrency": "USD",
        "cik": "0000743316",
        "fillingDate": "1987-12-31",
        "acceptedDate": "1987-12-30 19:00:00",
        "calendarYear": "1988",
        "period": "Q2",
        "revenue": 7100000,
        "costOfRevenue": 0,
        "grossProfit": 7100000,
        "grossProfitRatio": 1,
        "researchAndDevelopmentExpenses": 0,
        "generalAndAdministrativeExpenses": 0,
        "sellingAndMarketingExpenses": 0,
        "sellingGeneralAndAdministrativeExpenses": 0,
        "otherExpenses": 0,
        "operatingExpenses": 0,
        "costAndExpenses": 0,
        "interestIncome": 0,
        "interestExpense": 0,
        "depreciationAndAmortization": 0,
        "ebitda": 7100000,
        "ebitdaratio": 1,
        "operatingIncome": 7100000,
        "operatingIncomeRatio": 1,
        "totalOtherIncomeExpensesNet": 0,
        "incomeBeforeTax": 0,
        "incomeBeforeTaxRatio": 0,
        "incomeTaxExpense": 0,
        "netIncome": 0,
        "netIncomeRatio": 0,
        "eps": 0,
        "epsdiluted": 0,
        "weightedAverageShsOut": 173936000,
        "weightedAverageShsOutDil": 173936000,
        "link": "",
        "finalLink": ""
    },
    {
        "date": "1987-09-30",
        "symbol": "MXIM",
        "reportedCurrency": "USD",
        "cik": "0000743316",
        "fillingDate": "1987-09-30",
        "acceptedDate": "1987-09-29 20:00:00",
        "calendarYear": "1988",
        "period": "Q1",
        "revenue": 7000000,
        "costOfRevenue": 0,
        "grossProfit": 7000000,
        "grossProfitRatio": 1,
        "researchAndDevelopmentExpenses": 0,
        "generalAndAdministrativeExpenses": 0,
        "sellingAndMarketingExpenses": 0,
        "sellingGeneralAndAdministrativeExpenses": 0,
        "otherExpenses": 0,
        "operatingExpenses": 0,
        "costAndExpenses": 0,
        "interestIncome": 0,
        "interestExpense": 0,
        "depreciationAndAmortization": 0,
        "ebitda": 7000000,
        "ebitdaratio": 1,
        "operatingIncome": 7000000,
        "operatingIncomeRatio": 1,
        "totalOtherIncomeExpensesNet": 0,
        "incomeBeforeTax": 0,
        "incomeBeforeTaxRatio": 0,
        "incomeTaxExpense": 0,
        "netIncome": 0,
        "netIncomeRatio": 0,
        "eps": 0,
        "epsdiluted": 0,
        "weightedAverageShsOut": 173936000,
        "weightedAverageShsOutDil": 173936000,
        "link": "",
        "finalLink": ""
    },
    {
        "date": "1987-06-30",
        "symbol": "MXIM",
        "reportedCurrency": "USD",
        "cik": "0000743316",
        "fillingDate": "1987-06-30",
        "acceptedDate": "1987-06-29 20:00:00",
        "calendarYear": "1987",
        "period": "Q4",
        "revenue": 4000000,
        "costOfRevenue": 0,
        "grossProfit": 4000000,
        "grossProfitRatio": 1,
        "researchAndDevelopmentExpenses": 0,
        "generalAndAdministrativeExpenses": 0,
        "sellingAndMarketingExpenses": 0,
        "sellingGeneralAndAdministrativeExpenses": 0,
        "otherExpenses": -14600000,
        "operatingExpenses": -14600000,
        "costAndExpenses": -14600000,
        "interestIncome": 0,
        "interestExpense": 0,
        "depreciationAndAmortization": 0,
        "ebitda": -10600000,
        "ebitdaratio": -2.65,
        "operatingIncome": -10600000,
        "operatingIncomeRatio": -2.65,
        "totalOtherIncomeExpensesNet": 0,
        "incomeBeforeTax": 0,
        "incomeBeforeTaxRatio": 0,
        "incomeTaxExpense": 0,
        "netIncome": 0,
        "netIncomeRatio": 0,
        "eps": 0,
        "epsdiluted": 0,
        "weightedAverageShsOut": 145392000,
        "weightedAverageShsOutDil": 145392000,
        "link": "",
        "finalLink": ""
    },
    {
        "date": "1987-03-31",
        "symbol": "MXIM",
        "reportedCurrency": "USD",
        "cik": "0000743316",
        "fillingDate": "1987-03-31",
        "acceptedDate": "1987-03-30 19:00:00",
        "calendarYear": "1987",
        "period": "Q3",
        "revenue": 4000000,
        "costOfRevenue": 0,
        "grossProfit": 4000000,
        "grossProfitRatio": 1,
        "researchAndDevelopmentExpenses": 0,
        "generalAndAdministrativeExpenses": 0,
        "sellingAndMarketingExpenses": 0,
        "sellingGeneralAndAdministrativeExpenses": 0,
        "otherExpenses": 0,
        "operatingExpenses": 0,
        "costAndExpenses": 0,
        "interestIncome": 0,
        "interestExpense": 0,
        "depreciationAndAmortization": 0,
        "ebitda": 4000000,
        "ebitdaratio": 1,
        "operatingIncome": 4000000,
        "operatingIncomeRatio": 1,
        "totalOtherIncomeExpensesNet": 0,
        "incomeBeforeTax": 0,
        "incomeBeforeTaxRatio": 0,
        "incomeTaxExpense": 0,
        "netIncome": 0,
        "netIncomeRatio": 0,
        "eps": 0,
        "epsdiluted": 0,
        "weightedAverageShsOut": 145392000,
        "weightedAverageShsOutDil": 145392000,
        "link": "",
        "finalLink": ""
    },
    {
        "date": "1986-12-31",
        "symbol": "MXIM",
        "reportedCurrency": "USD",
        "cik": "0000743316",
        "fillingDate": "1986-12-31",
        "acceptedDate": "1986-12-30 19:00:00",
        "calendarYear": "1987",
        "period": "Q2",
        "revenue": 4000000,
        "costOfRevenue": 0,
        "grossProfit": 4000000,
        "grossProfitRatio": 1,
        "researchAndDevelopmentExpenses": 0,
        "generalAndAdministrativeExpenses": 0,
        "sellingAndMarketingExpenses": 0,
        "sellingGeneralAndAdministrativeExpenses": 0,
        "otherExpenses": 0,
        "operatingExpenses": 0,
        "costAndExpenses": 0,
        "interestIncome": 0,
        "interestExpense": 0,
        "depreciationAndAmortization": 0,
        "ebitda": 4000000,
        "ebitdaratio": 1,
        "operatingIncome": 4000000,
        "operatingIncomeRatio": 1,
        "totalOtherIncomeExpensesNet": 0,
        "incomeBeforeTax": 0,
        "incomeBeforeTaxRatio": 0,
        "incomeTaxExpense": 0,
        "netIncome": 0,
        "netIncomeRatio": 0,
        "eps": 0,
        "epsdiluted": 0,
        "weightedAverageShsOut": 145392000,
        "weightedAverageShsOutDil": 145392000,
        "link": "",
        "finalLink": ""
    },
    {
        "date": "1986-09-30",
        "symbol": "MXIM",
        "reportedCurrency": "USD",
        "cik": "0000743316",
        "fillingDate": "1986-09-30",
        "acceptedDate": "1986-09-29 20:00:00",
        "calendarYear": "1987",
        "period": "Q1",
        "revenue": 4000000,
        "costOfRevenue": 0,
        "grossProfit": 4000000,
        "grossProfitRatio": 1,
        "researchAndDevelopmentExpenses": 0,
        "generalAndAdministrativeExpenses": 0,
        "sellingAndMarketingExpenses": 0,
        "sellingGeneralAndAdministrativeExpenses": 0,
        "otherExpenses": 0,
        "operatingExpenses": 0,
        "costAndExpenses": 0,
        "interestIncome": 0,
        "interestExpense": 0,
        "depreciationAndAmortization": 0,
        "ebitda": 4000000,
        "ebitdaratio": 1,
        "operatingIncome": 4000000,
        "operatingIncomeRatio": 1,
        "totalOtherIncomeExpensesNet": 0,
        "incomeBeforeTax": 0,
        "incomeBeforeTaxRatio": 0,
        "incomeTaxExpense": 0,
        "netIncome": 0,
        "netIncomeRatio": 0,
        "eps": 0,
        "epsdiluted": 0,
        "weightedAverageShsOut": 145392000,
        "weightedAverageShsOutDil": 145392000,
        "link": "",
        "finalLink": ""
    }
]