[
    {
        "date": "2024-08-31",
        "symbol": "NAC",
        "reportedCurrency": "USD",
        "cik": "0001074952",
        "fillingDate": "2024-08-31",
        "acceptedDate": "2024-08-31 00:00:00",
        "calendarYear": "2024",
        "period": "Q2",
        "revenue": 67437877,
        "costOfRevenue": 0,
        "grossProfit": 67437877,
        "grossProfitRatio": 1,
        "researchAndDevelopmentExpenses": 0,
        "generalAndAdministrativeExpenses": 11092080,
        "sellingAndMarketingExpenses": 254482,
        "sellingGeneralAndAdministrativeExpenses": 11346562,
        "otherExpenses": 0,
        "operatingExpenses": 11346562,
        "costAndExpenses": 11346562,
        "interestIncome": 0,
        "interestExpense": 0,
        "depreciationAndAmortization": -56091315,
        "ebitda": 0,
        "ebitdaratio": 0,
        "operatingIncome": 56091315,
        "operatingIncomeRatio": 0.831747936,
        "totalOtherIncomeExpensesNet": -12969968,
        "incomeBeforeTax": 43121347,
        "incomeBeforeTaxRatio": 0.6394232576,
        "incomeTaxExpense": 0,
        "netIncome": 43121347,
        "netIncomeRatio": 0.6394232576,
        "eps": 0.3,
        "epsdiluted": 0.3,
        "weightedAverageShsOut": 144722058,
        "weightedAverageShsOutDil": 144722058,
        "link": null,
        "finalLink": null
    },
    {
        "date": "2024-08-31",
        "symbol": "NAC",
        "reportedCurrency": "USD",
        "cik": "0001074952",
        "fillingDate": "2024-08-31",
        "acceptedDate": "2024-08-30 20:00:00",
        "calendarYear": "2024",
        "period": "Q4",
        "revenue": 62682249,
        "costOfRevenue": 17746308,
        "grossProfit": 44935941,
        "grossProfitRatio": 0.7168846319,
        "researchAndDevelopmentExpenses": 0,
        "generalAndAdministrativeExpenses": -11092080,
        "sellingAndMarketingExpenses": -254482,
        "sellingGeneralAndAdministrativeExpenses": -40505940,
        "otherExpenses": 0,
        "operatingExpenses": -40505940,
        "costAndExpenses": 66508,
        "interestIncome": 0,
        "interestExpense": 0,
        "depreciationAndAmortization": 56091315,
        "ebitda": 141533196,
        "ebitdaratio": 2.2579469987,
        "operatingIncome": 85441881,
        "operatingIncomeRatio": 1.3630953318,
        "totalOtherIncomeExpensesNet": -42320534,
        "incomeBeforeTax": 43121347,
        "incomeBeforeTaxRatio": 0.687935543,
        "incomeTaxExpense": 0,
        "netIncome": 43121347,
        "netIncomeRatio": 0.687935543,
        "eps": 0.3,
        "epsdiluted": 0.3,
        "weightedAverageShsOut": 144722058,
        "weightedAverageShsOutDil": 144722058,
        "link": null,
        "finalLink": null
    },
    {
        "date": "2024-02-29",
        "symbol": "NAC",
        "reportedCurrency": "USD",
        "cik": "0001074952",
        "fillingDate": "2024-02-29",
        "acceptedDate": "2024-02-28 19:00:00",
        "calendarYear": "2023",
        "period": "Q4",
        "revenue": 67687523,
        "costOfRevenue": 0,
        "grossProfit": 67687523,
        "grossProfitRatio": 1,
        "researchAndDevelopmentExpenses": 0,
        "generalAndAdministrativeExpenses": 10734439,
        "sellingAndMarketingExpenses": 251715,
        "sellingGeneralAndAdministrativeExpenses": 10986154,
        "otherExpenses": 1.9094948788129993,
        "operatingExpenses": 10986154,
        "costAndExpenses": -82695796,
        "interestIncome": 0,
        "interestExpense": 30227885,
        "depreciationAndAmortization": -56701369,
        "ebitda": 140384863,
        "ebitdaratio": 2.0740138917,
        "operatingIncome": 140384863,
        "operatingIncomeRatio": 2.0740138917,
        "totalOtherIncomeExpensesNet": -30227885,
        "incomeBeforeTax": 110156978,
        "incomeBeforeTaxRatio": 1.627434025,
        "incomeTaxExpense": 0,
        "netIncome": 110156978,
        "netIncomeRatio": 1.627434025,
        "eps": 0.76,
        "epsdiluted": 0.76,
        "weightedAverageShsOut": 144722059,
        "weightedAverageShsOutDil": 144722059,
        "link": null,
        "finalLink": null
    },
    {
        "date": "2023-08-31",
        "symbol": "NAC",
        "reportedCurrency": "USD",
        "cik": "0001074952",
        "fillingDate": "2023-08-31",
        "acceptedDate": "2023-08-30 20:00:00",
        "calendarYear": "2023",
        "period": "Q2",
        "revenue": 61235695,
        "costOfRevenue": 10996244,
        "grossProfit": 50239451,
        "grossProfitRatio": 0.8204275464,
        "researchAndDevelopmentExpenses": 0,
        "generalAndAdministrativeExpenses": 11027757,
        "sellingAndMarketingExpenses": 254483,
        "sellingGeneralAndAdministrativeExpenses": 11282240,
        "otherExpenses": 0.020196047419727987,
        "operatingExpenses": 41931397,
        "costAndExpenses": 35489352,
        "interestIncome": 24509624,
        "interestExpense": 24509624,
        "depreciationAndAmortization": -56395500,
        "ebitda": -55158781,
        "ebitdaratio": -0.9007619004,
        "operatingIncome": 25746350,
        "operatingIncomeRatio": 0.4204467672,
        "totalOtherIncomeExpensesNet": -55158781,
        "incomeBeforeTax": 1236719,
        "incomeBeforeTaxRatio": 0.0201960474,
        "incomeTaxExpense": 0.0085,
        "netIncome": 1236719,
        "netIncomeRatio": 0.0201960474,
        "eps": 0.0085,
        "epsdiluted": 0.0085,
        "weightedAverageShsOut": 144735058,
        "weightedAverageShsOutDil": 144735058,
        "link": null,
        "finalLink": null
    },
    {
        "date": "2023-02-28",
        "symbol": "NAC",
        "reportedCurrency": "USD",
        "cik": "0001074952",
        "fillingDate": "2023-02-28",
        "acceptedDate": "2023-02-27 19:00:00",
        "calendarYear": "2022",
        "period": "Q4",
        "revenue": 18214164,
        "costOfRevenue": 8741246,
        "grossProfit": 9472918,
        "grossProfitRatio": 0.5200852479,
        "researchAndDevelopmentExpenses": 0,
        "generalAndAdministrativeExpenses": 10925395,
        "sellingAndMarketingExpenses": 255035,
        "sellingGeneralAndAdministrativeExpenses": 11180431,
        "otherExpenses": -1.9733938927968366,
        "operatingExpenses": 82724693,
        "costAndExpenses": 32460682,
        "interestIncome": 19458574,
        "interestExpense": 21697202,
        "depreciationAndAmortization": -55059116,
        "ebitda": -14246520,
        "ebitdaratio": -0.7821671091,
        "operatingIncome": -14246520,
        "operatingIncomeRatio": -0.7821671091,
        "totalOtherIncomeExpensesNet": -21697200,
        "incomeBeforeTax": -35943720,
        "incomeBeforeTaxRatio": -1.9733938928,
        "incomeTaxExpense": -0.2483,
        "netIncome": -35943720,
        "netIncomeRatio": -1.9733938928,
        "eps": -0.25,
        "epsdiluted": -0.25,
        "weightedAverageShsOut": 144735059,
        "weightedAverageShsOutDil": 144735059,
        "link": null,
        "finalLink": null
    },
    {
        "date": "2022-08-31",
        "symbol": "NAC",
        "reportedCurrency": "USD",
        "cik": "0001074952",
        "fillingDate": "2022-08-31",
        "acceptedDate": "2022-08-30 20:00:00",
        "calendarYear": "2022",
        "period": "Q2",
        "revenue": 299908,
        "costOfRevenue": 9440252,
        "grossProfit": -9140344,
        "grossProfitRatio": -30.4771596623,
        "researchAndDevelopmentExpenses": 0,
        "generalAndAdministrativeExpenses": 11849473,
        "sellingAndMarketingExpenses": 267209,
        "sellingGeneralAndAdministrativeExpenses": 12116682,
        "otherExpenses": -837.0042746442242,
        "operatingExpenses": 306731485,
        "costAndExpenses": -239859310,
        "interestIncome": 8751812,
        "interestExpense": 8751812,
        "depreciationAndAmortization": -251024278,
        "ebitda": -303366615,
        "ebitdaratio": -1011.5322532243,
        "operatingIncome": -251024278,
        "operatingIncomeRatio": -837.0042746442,
        "totalOtherIncomeExpensesNet": -303366615,
        "incomeBeforeTax": -1.7344,
        "incomeBeforeTaxRatio": -5.7831e-06,
        "incomeTaxExpense": -1.7344,
        "netIncome": 144735059,
        "netIncomeRatio": 482.598193446,
        "eps": 144735059,
        "epsdiluted": -11164968,
        "weightedAverageShsOut": 144735136,
        "weightedAverageShsOutDil": 144735059,
        "link": null,
        "finalLink": null
    },
    {
        "date": "2022-02-28",
        "symbol": "NAC",
        "reportedCurrency": "USD",
        "cik": "0001074952",
        "fillingDate": "2022-02-28",
        "acceptedDate": "2022-02-27 19:00:00",
        "calendarYear": "2021",
        "period": "Q4",
        "revenue": 62544454,
        "costOfRevenue": 10040863,
        "grossProfit": 52503591,
        "grossProfitRatio": 0.8394603781,
        "researchAndDevelopmentExpenses": 0,
        "generalAndAdministrativeExpenses": 12547126,
        "sellingAndMarketingExpenses": 262852,
        "sellingGeneralAndAdministrativeExpenses": 12809978,
        "otherExpenses": -1.9996783567732481,
        "operatingExpenses": 186233024,
        "costAndExpenses": -118694540,
        "interestIncome": 3996413,
        "interestExpense": 6374248,
        "depreciationAndAmortization": -125068791,
        "ebitda": -177419459,
        "ebitdaratio": -2.8366937059,
        "operatingIncome": -125068791,
        "operatingIncomeRatio": -1.9996783568,
        "totalOtherIncomeExpensesNet": -177419459,
        "incomeBeforeTax": -0.8641,
        "incomeBeforeTaxRatio": -1.38e-08,
        "incomeTaxExpense": -0.8641,
        "netIncome": 144735059,
        "netIncomeRatio": 2.3141149973,
        "eps": 1,
        "epsdiluted": 1,
        "weightedAverageShsOut": 144735108,
        "weightedAverageShsOutDil": 144735059,
        "link": null,
        "finalLink": null
    },
    {
        "date": "2021-08-31",
        "symbol": "NAC",
        "reportedCurrency": "USD",
        "cik": "0001074952",
        "fillingDate": "2021-08-31",
        "acceptedDate": "2021-08-30 20:00:00",
        "calendarYear": "2021",
        "period": "Q2",
        "revenue": 65055469,
        "costOfRevenue": 10395358,
        "grossProfit": 54660111,
        "grossProfitRatio": 0.8402077772,
        "researchAndDevelopmentExpenses": 0,
        "generalAndAdministrativeExpenses": 12931561,
        "sellingAndMarketingExpenses": 267209,
        "sellingGeneralAndAdministrativeExpenses": 13198770,
        "otherExpenses": 1.5077593399564917,
        "operatingExpenses": 37067863,
        "costAndExpenses": 104489780,
        "interestIncome": 3974142,
        "interestExpense": 6401788,
        "depreciationAndAmortization": 98087991,
        "ebitda": 104489779,
        "ebitdaratio": 1.6061644103,
        "operatingIncome": 98087991,
        "operatingIncomeRatio": 1.50775934,
        "totalOtherIncomeExpensesNet": 46292491,
        "incomeBeforeTax": 0.6777,
        "incomeBeforeTaxRatio": 1.04e-08,
        "incomeTaxExpense": 0.6777,
        "netIncome": 144735059,
        "netIncomeRatio": 2.2247946441,
        "eps": 1,
        "epsdiluted": 1,
        "weightedAverageShsOut": 144735100,
        "weightedAverageShsOutDil": 144735059,
        "link": null,
        "finalLink": null
    },
    {
        "date": "2021-02-28",
        "symbol": "NAC",
        "reportedCurrency": "USD",
        "cik": "0001074952",
        "fillingDate": "2021-02-28",
        "acceptedDate": "2021-02-27 19:00:00",
        "calendarYear": "2020",
        "period": "Q4",
        "revenue": 71752897,
        "costOfRevenue": 10265674,
        "grossProfit": 61487223,
        "grossProfitRatio": 0.8569301808,
        "researchAndDevelopmentExpenses": 0,
        "generalAndAdministrativeExpenses": 13377717,
        "sellingAndMarketingExpenses": 305694,
        "sellingGeneralAndAdministrativeExpenses": 13683411,
        "otherExpenses": 0.3116048680236562,
        "operatingExpenses": 34870242,
        "costAndExpenses": 29189290,
        "interestIncome": 4078855,
        "interestExpense": 6830742,
        "depreciationAndAmortization": 22358552,
        "ebitda": 29189294,
        "ebitdaratio": 0.4068030034,
        "operatingIncome": 22358552,
        "operatingIncomeRatio": 0.311604868,
        "totalOtherIncomeExpensesNet": -25265686,
        "incomeBeforeTax": 0.1545,
        "incomeBeforeTaxRatio": 2.2e-09,
        "incomeTaxExpense": 0.1545,
        "netIncome": 144735059,
        "netIncomeRatio": 2.0171319215,
        "eps": 1,
        "epsdiluted": 1,
        "weightedAverageShsOut": 144735219,
        "weightedAverageShsOutDil": 144735059,
        "link": null,
        "finalLink": null
    },
    {
        "date": "2020-08-31",
        "symbol": "NAC",
        "reportedCurrency": "USD",
        "cik": "0001074952",
        "fillingDate": "2020-08-31",
        "acceptedDate": "2020-08-30 20:00:00",
        "calendarYear": "2020",
        "period": "Q2",
        "revenue": 61467653,
        "costOfRevenue": 10317049,
        "grossProfit": 51150604,
        "grossProfitRatio": 0.8321548246,
        "researchAndDevelopmentExpenses": 0,
        "generalAndAdministrativeExpenses": 13032203,
        "sellingAndMarketingExpenses": 295506,
        "sellingGeneralAndAdministrativeExpenses": 13327709,
        "otherExpenses": -0.7474797353983891,
        "operatingExpenses": 108017180,
        "costAndExpenses": -35704210,
        "interestIncome": 7550879,
        "interestExpense": 10241614,
        "depreciationAndAmortization": -45945825,
        "ebitda": -102240350,
        "ebitdaratio": -1.6633195674,
        "operatingIncome": -45945825,
        "operatingIncomeRatio": -0.7474797354,
        "totalOtherIncomeExpensesNet": -10241614,
        "incomeBeforeTax": -0.3174,
        "incomeBeforeTaxRatio": -5.2e-09,
        "incomeTaxExpense": -0.3174,
        "netIncome": 144735059,
        "netIncomeRatio": 2.354654065,
        "eps": 1,
        "epsdiluted": 1,
        "weightedAverageShsOut": 144735420,
        "weightedAverageShsOutDil": 144735059,
        "link": null,
        "finalLink": null
    },
    {
        "date": "2020-02-29",
        "symbol": "NAC",
        "reportedCurrency": "USD",
        "cik": "0001074952",
        "fillingDate": "2020-02-29",
        "acceptedDate": "2020-02-28 19:00:00",
        "calendarYear": "2019",
        "period": "Q4",
        "revenue": 73163843,
        "costOfRevenue": 10102089,
        "grossProfit": 63061754,
        "grossProfitRatio": 0.8619251178,
        "researchAndDevelopmentExpenses": 0,
        "generalAndAdministrativeExpenses": 13066636,
        "sellingAndMarketingExpenses": 286185,
        "sellingGeneralAndAdministrativeExpenses": 13352821,
        "otherExpenses": 1.3739890071110672,
        "operatingExpenses": 39806822,
        "costAndExpenses": 114533480,
        "interestIncome": 11371154,
        "interestExpense": 14007158,
        "depreciationAndAmortization": 100526316,
        "ebitda": 114533474,
        "ebitdaratio": 1.5654381906,
        "operatingIncome": 100526316,
        "operatingIncomeRatio": 1.3739890071,
        "totalOtherIncomeExpensesNet": 41788489,
        "incomeBeforeTax": 0.6946,
        "incomeBeforeTaxRatio": 9.5e-09,
        "incomeTaxExpense": 0.6946,
        "netIncome": 144735059,
        "netIncomeRatio": 1.9782320483,
        "eps": 1,
        "epsdiluted": 1,
        "weightedAverageShsOut": 144735061,
        "weightedAverageShsOutDil": 144735059,
        "link": null,
        "finalLink": null
    },
    {
        "date": "2019-08-31",
        "symbol": "NAC",
        "reportedCurrency": "USD",
        "cik": "0001074952",
        "fillingDate": "2019-08-31",
        "acceptedDate": "2019-08-30 20:00:00",
        "calendarYear": "2019",
        "period": "Q2",
        "revenue": 78354737,
        "costOfRevenue": 10308646,
        "grossProfit": 68046091,
        "grossProfitRatio": 0.8684362121,
        "researchAndDevelopmentExpenses": 0,
        "generalAndAdministrativeExpenses": 13141277,
        "sellingAndMarketingExpenses": 288765,
        "sellingGeneralAndAdministrativeExpenses": 13430042,
        "otherExpenses": 196495081,
        "operatingExpenses": -196495081,
        "costAndExpenses": -186186430,
        "interestIncome": 13803916,
        "interestExpense": 16572973,
        "depreciationAndAmortization": -60791564,
        "ebitda": 187176630,
        "ebitdaratio": 2.3888361721,
        "operatingIncome": 264541170,
        "operatingIncomeRatio": 3.3761988123,
        "totalOtherIncomeExpensesNet": -16572972,
        "incomeBeforeTax": 247968194,
        "incomeBeforeTaxRatio": 3.1646866992,
        "incomeTaxExpense": 0,
        "netIncome": 247968194,
        "netIncomeRatio": 3.1646866992,
        "eps": 1.71,
        "epsdiluted": 1.71,
        "weightedAverageShsOut": 144735059,
        "weightedAverageShsOutDil": 144735059,
        "link": null,
        "finalLink": null
    },
    {
        "date": "2019-02-28",
        "symbol": "NAC",
        "reportedCurrency": "USD",
        "cik": "0001074952",
        "fillingDate": "2019-02-28",
        "acceptedDate": "2019-02-27 19:00:00",
        "calendarYear": "2018",
        "period": "Q4",
        "revenue": 74172460,
        "costOfRevenue": 9927789,
        "grossProfit": 64244671,
        "grossProfitRatio": 0.8661526259,
        "researchAndDevelopmentExpenses": 0,
        "generalAndAdministrativeExpenses": 12462796,
        "sellingAndMarketingExpenses": 675171,
        "sellingGeneralAndAdministrativeExpenses": 13137967,
        "otherExpenses": -20264936,
        "operatingExpenses": 47159331,
        "costAndExpenses": 47159331,
        "interestIncome": 13503337,
        "interestExpense": 16333338,
        "depreciationAndAmortization": -61034493,
        "ebitda": -47524701,
        "ebitdaratio": -0.6407324363,
        "operatingIncome": 61034493,
        "operatingIncomeRatio": 0.8228727077,
        "totalOtherIncomeExpensesNet": -47524701,
        "incomeBeforeTax": 13509792,
        "incomeBeforeTaxRatio": 0.1821402715,
        "incomeTaxExpense": 0,
        "netIncome": 13509792,
        "netIncomeRatio": 0.1821402715,
        "eps": 0.0936,
        "epsdiluted": 0.0936,
        "weightedAverageShsOut": 144365059,
        "weightedAverageShsOutDil": 144365059,
        "link": null,
        "finalLink": null
    },
    {
        "date": "2018-08-31",
        "symbol": "NAC",
        "reportedCurrency": "USD",
        "cik": "0001074952",
        "fillingDate": "2018-08-31",
        "acceptedDate": "2018-08-30 20:00:00",
        "calendarYear": "2018",
        "period": "Q2",
        "revenue": 75846684,
        "costOfRevenue": 0,
        "grossProfit": 75846684,
        "grossProfitRatio": 1,
        "researchAndDevelopmentExpenses": 0,
        "generalAndAdministrativeExpenses": 14131595,
        "sellingAndMarketingExpenses": 0,
        "sellingGeneralAndAdministrativeExpenses": 14131595,
        "otherExpenses": 0,
        "operatingExpenses": 13728285,
        "costAndExpenses": 13728285,
        "interestIncome": 11822449,
        "interestExpense": 0,
        "depreciationAndAmortization": -61715089,
        "ebitda": -11419139,
        "ebitdaratio": -0.150555547,
        "operatingIncome": 61715089,
        "operatingIncomeRatio": 0.8136820985,
        "totalOtherIncomeExpensesNet": -11419139,
        "incomeBeforeTax": 50295950,
        "incomeBeforeTaxRatio": 0.6631265515,
        "incomeTaxExpense": 0,
        "netIncome": 50295950,
        "netIncomeRatio": 0.6631265515,
        "eps": 0.35,
        "epsdiluted": 0.35,
        "weightedAverageShsOut": 145105059,
        "weightedAverageShsOutDil": 145105059,
        "link": null,
        "finalLink": null
    },
    {
        "date": "2018-02-28",
        "symbol": "NAC",
        "reportedCurrency": "USD",
        "cik": "0001074952",
        "fillingDate": "2018-02-28",
        "acceptedDate": "2018-02-27 19:00:00",
        "calendarYear": "2017",
        "period": "Q4",
        "revenue": 74614685,
        "costOfRevenue": 0,
        "grossProfit": 74614685,
        "grossProfitRatio": 1,
        "researchAndDevelopmentExpenses": 0,
        "generalAndAdministrativeExpenses": 13593367,
        "sellingAndMarketingExpenses": 924678,
        "sellingGeneralAndAdministrativeExpenses": 14518045,
        "otherExpenses": 0,
        "operatingExpenses": 101858946,
        "costAndExpenses": 101858946,
        "interestIncome": 8207554,
        "interestExpense": 0,
        "depreciationAndAmortization": -60096640,
        "ebitda": -35451815,
        "ebitdaratio": -0.4751318725,
        "operatingIncome": 60096640,
        "operatingIncomeRatio": 0.8054264385,
        "totalOtherIncomeExpensesNet": -8207554,
        "incomeBeforeTax": -35451815,
        "incomeBeforeTaxRatio": -0.4751318725,
        "incomeTaxExpense": -95548455,
        "netIncome": -35451815,
        "netIncomeRatio": -0.4751318725,
        "eps": -0.24,
        "epsdiluted": -0.24,
        "weightedAverageShsOut": 145105059,
        "weightedAverageShsOutDil": 145105059,
        "link": null,
        "finalLink": null
    },
    {
        "date": "2017-08-31",
        "symbol": "NAC",
        "reportedCurrency": "USD",
        "cik": "0001074952",
        "fillingDate": "2017-08-31",
        "acceptedDate": "2017-08-30 20:00:00",
        "calendarYear": "2017",
        "period": "Q2",
        "revenue": 76274873,
        "costOfRevenue": 0,
        "grossProfit": 76274873,
        "grossProfitRatio": 1,
        "researchAndDevelopmentExpenses": 0,
        "generalAndAdministrativeExpenses": 15521239,
        "sellingAndMarketingExpenses": 0,
        "sellingGeneralAndAdministrativeExpenses": 15521239,
        "otherExpenses": 0,
        "operatingExpenses": 57892107,
        "costAndExpenses": 57892107,
        "interestIncome": 6263945,
        "interestExpense": 0,
        "depreciationAndAmortization": -60753634,
        "ebitda": 0,
        "ebitdaratio": 0,
        "operatingIncome": 60753634,
        "operatingIncomeRatio": 0.7965091466,
        "totalOtherIncomeExpensesNet": 0,
        "incomeBeforeTax": 127903036,
        "incomeBeforeTaxRatio": 1.6768698651,
        "incomeTaxExpense": 67149402,
        "netIncome": 127903036,
        "netIncomeRatio": 1.6768698651,
        "eps": 0.88,
        "epsdiluted": 0.88,
        "weightedAverageShsOut": 145105059,
        "weightedAverageShsOutDil": 145105059,
        "link": null,
        "finalLink": null
    },
    {
        "date": "2017-02-28",
        "symbol": "NAC",
        "reportedCurrency": "USD",
        "cik": "0001074952",
        "fillingDate": "2017-02-28",
        "acceptedDate": "2017-02-27 19:00:00",
        "calendarYear": "2016",
        "period": "Q4",
        "revenue": 69646444,
        "costOfRevenue": 0,
        "grossProfit": 69646444,
        "grossProfitRatio": 1,
        "researchAndDevelopmentExpenses": 0,
        "generalAndAdministrativeExpenses": 13319125,
        "sellingAndMarketingExpenses": 791017,
        "sellingGeneralAndAdministrativeExpenses": 14110142,
        "otherExpenses": 0,
        "operatingExpenses": 196507775,
        "costAndExpenses": 196507775,
        "interestIncome": 5021637,
        "interestExpense": 0,
        "depreciationAndAmortization": -55536302,
        "ebitda": -187419270,
        "ebitdaratio": -2.6910098956,
        "operatingIncome": 55536302,
        "operatingIncomeRatio": 0.7974032673,
        "totalOtherIncomeExpensesNet": -48493,
        "incomeBeforeTax": -131882968,
        "incomeBeforeTaxRatio": -1.8936066284,
        "incomeTaxExpense": -187419270,
        "netIncome": -131882968,
        "netIncomeRatio": -1.8936066284,
        "eps": -0.72,
        "epsdiluted": -0.72,
        "weightedAverageShsOut": 182315677,
        "weightedAverageShsOutDil": 182315586,
        "link": null,
        "finalLink": null
    },
    {
        "date": "2016-08-31",
        "symbol": "NAC",
        "reportedCurrency": "USD",
        "cik": "0001074952",
        "fillingDate": "2016-08-31",
        "acceptedDate": "2016-08-30 20:00:00",
        "calendarYear": "2016",
        "period": "Q2",
        "revenue": 58013699,
        "costOfRevenue": 0,
        "grossProfit": 58013699,
        "grossProfitRatio": 1,
        "researchAndDevelopmentExpenses": 0,
        "generalAndAdministrativeExpenses": 12048035,
        "sellingAndMarketingExpenses": 0,
        "sellingGeneralAndAdministrativeExpenses": 12048035,
        "otherExpenses": 0,
        "operatingExpenses": 67444593,
        "costAndExpenses": 67444593,
        "interestIncome": 2621570,
        "interestExpense": 0,
        "depreciationAndAmortization": -45965664,
        "ebitda": 76871058,
        "ebitdaratio": 1.3250501058,
        "operatingIncome": 45965664,
        "operatingIncomeRatio": 0.7923243095,
        "totalOtherIncomeExpensesNet": -450000,
        "incomeBeforeTax": 122836722,
        "incomeBeforeTaxRatio": 2.1173744153,
        "incomeTaxExpense": 76871058,
        "netIncome": 122836722,
        "netIncomeRatio": 2.1173744153,
        "eps": 1.14,
        "epsdiluted": 1.14,
        "weightedAverageShsOut": 107894612,
        "weightedAverageShsOutDil": 107894532,
        "link": null,
        "finalLink": null
    },
    {
        "date": "2016-02-29",
        "symbol": "NAC",
        "reportedCurrency": "USD",
        "cik": "0001074952",
        "fillingDate": "2016-02-29",
        "acceptedDate": "2016-02-28 19:00:00",
        "calendarYear": "2015",
        "period": "Q4",
        "revenue": 59123675,
        "costOfRevenue": 0,
        "grossProfit": 59123675,
        "grossProfitRatio": 1,
        "researchAndDevelopmentExpenses": 0,
        "generalAndAdministrativeExpenses": 10448900,
        "sellingAndMarketingExpenses": 711262,
        "sellingGeneralAndAdministrativeExpenses": 11160162,
        "otherExpenses": 0,
        "operatingExpenses": 44761563,
        "costAndExpenses": 44761563,
        "interestIncome": 723025,
        "interestExpense": 0,
        "depreciationAndAmortization": -47963513,
        "ebitda": 55198700,
        "ebitdaratio": 0.9336141571,
        "operatingIncome": 47963513,
        "operatingIncomeRatio": 0.8112403872,
        "totalOtherIncomeExpensesNet": 55198700,
        "incomeBeforeTax": 103162213,
        "incomeBeforeTaxRatio": 1.7448545443,
        "incomeTaxExpense": 0,
        "netIncome": 103162213,
        "netIncomeRatio": 1.7448545443,
        "eps": 0.96,
        "epsdiluted": 0.96,
        "weightedAverageShsOut": 107383792,
        "weightedAverageShsOutDil": 107383777,
        "link": null,
        "finalLink": null
    },
    {
        "date": "2015-08-31",
        "symbol": "NAC",
        "reportedCurrency": "USD",
        "cik": "0001074952",
        "fillingDate": "2015-08-31",
        "acceptedDate": "2015-08-30 20:00:00",
        "calendarYear": "2015",
        "period": "Q2",
        "revenue": 59695136,
        "costOfRevenue": 0,
        "grossProfit": 59695136,
        "grossProfitRatio": 1,
        "researchAndDevelopmentExpenses": 0,
        "generalAndAdministrativeExpenses": 11228927,
        "sellingAndMarketingExpenses": 0,
        "sellingGeneralAndAdministrativeExpenses": 11228927,
        "otherExpenses": 0,
        "operatingExpenses": 51085520,
        "costAndExpenses": 51085520,
        "interestIncome": 873520,
        "interestExpense": 0,
        "depreciationAndAmortization": -48466209,
        "ebitda": -40730113,
        "ebitdaratio": -0.6823020388,
        "operatingIncome": 48466209,
        "operatingIncomeRatio": 0.8118954449,
        "totalOtherIncomeExpensesNet": -40730113,
        "incomeBeforeTax": 7736096,
        "incomeBeforeTaxRatio": 0.1295934061,
        "incomeTaxExpense": 0,
        "netIncome": 7736096,
        "netIncomeRatio": 0.1295934061,
        "eps": 0.072,
        "epsdiluted": 0.072,
        "weightedAverageShsOut": 107384628,
        "weightedAverageShsOutDil": 107383777,
        "link": null,
        "finalLink": null
    },
    {
        "date": "2015-02-28",
        "symbol": "NAC",
        "reportedCurrency": "USD",
        "cik": "0001074952",
        "fillingDate": "2015-02-28",
        "acceptedDate": "2015-02-27 19:00:00",
        "calendarYear": "2014",
        "period": "Q4",
        "revenue": 61160751,
        "costOfRevenue": 0,
        "grossProfit": 61160751,
        "grossProfitRatio": 1,
        "researchAndDevelopmentExpenses": 0,
        "generalAndAdministrativeExpenses": 11267194,
        "sellingAndMarketingExpenses": 0,
        "sellingGeneralAndAdministrativeExpenses": 11267194,
        "otherExpenses": 0,
        "operatingExpenses": 28219360,
        "costAndExpenses": 28219360,
        "interestIncome": 845641,
        "interestExpense": 0,
        "depreciationAndAmortization": -49893557,
        "ebitda": 38640913,
        "ebitdaratio": 0.6317926508,
        "operatingIncome": 49893557,
        "operatingIncomeRatio": 0.8157773766,
        "totalOtherIncomeExpensesNet": 38640913,
        "incomeBeforeTax": 88534470,
        "incomeBeforeTaxRatio": 1.4475700274,
        "incomeTaxExpense": 0,
        "netIncome": 88534470,
        "netIncomeRatio": 1.4475700274,
        "eps": 0.82,
        "epsdiluted": 0.82,
        "weightedAverageShsOut": 107383885,
        "weightedAverageShsOutDil": 107383777,
        "link": null,
        "finalLink": null
    },
    {
        "date": "2014-08-31",
        "symbol": "NAC",
        "reportedCurrency": "USD",
        "cik": "0001074952",
        "fillingDate": "2014-08-31",
        "acceptedDate": "2014-08-30 20:00:00",
        "calendarYear": "2014",
        "period": "Q2",
        "revenue": 37076370,
        "costOfRevenue": 0,
        "grossProfit": 37076370,
        "grossProfitRatio": 1,
        "researchAndDevelopmentExpenses": 0,
        "generalAndAdministrativeExpenses": 7031166,
        "sellingAndMarketingExpenses": 0,
        "sellingGeneralAndAdministrativeExpenses": 7031166,
        "otherExpenses": 0,
        "operatingExpenses": 40578356,
        "costAndExpenses": 40578356,
        "interestIncome": 633886,
        "interestExpense": 0,
        "depreciationAndAmortization": -30045204,
        "ebitda": 46975636,
        "ebitdaratio": 1.2669966342,
        "operatingIncome": 30045204,
        "operatingIncomeRatio": 0.8103599139,
        "totalOtherIncomeExpensesNet": 46975636,
        "incomeBeforeTax": 77020840,
        "incomeBeforeTaxRatio": 2.0773565481,
        "incomeTaxExpense": 0,
        "netIncome": 77020840,
        "netIncomeRatio": 2.0773565481,
        "eps": 0.72,
        "epsdiluted": 0.72,
        "weightedAverageShsOut": 107383833,
        "weightedAverageShsOutDil": 107383777,
        "link": null,
        "finalLink": null
    },
    {
        "date": "2014-02-28",
        "symbol": "NAC",
        "reportedCurrency": "USD",
        "cik": "0001074952",
        "fillingDate": "2014-02-28",
        "acceptedDate": "2014-02-27 19:00:00",
        "calendarYear": "2013",
        "period": "Q4",
        "revenue": 13015005,
        "costOfRevenue": 0,
        "grossProfit": 13015005,
        "grossProfitRatio": 1,
        "researchAndDevelopmentExpenses": 0,
        "generalAndAdministrativeExpenses": 3155131,
        "sellingAndMarketingExpenses": 0,
        "sellingGeneralAndAdministrativeExpenses": 3155131,
        "otherExpenses": 0,
        "operatingExpenses": 29451283,
        "costAndExpenses": 29451283,
        "interestIncome": 278623,
        "interestExpense": 0,
        "depreciationAndAmortization": -9859874,
        "ebitda": 32327791,
        "ebitdaratio": 2.483886176,
        "operatingIncome": 9859874,
        "operatingIncomeRatio": 0.757577427,
        "totalOtherIncomeExpensesNet": 32327791,
        "incomeBeforeTax": 42187665,
        "incomeBeforeTaxRatio": 3.241463603,
        "incomeTaxExpense": 0,
        "netIncome": 42187665,
        "netIncomeRatio": 3.241463603,
        "eps": 1.79,
        "epsdiluted": 1.79,
        "weightedAverageShsOut": 23528883,
        "weightedAverageShsOutDil": 23528873,
        "link": null,
        "finalLink": null
    },
    {
        "date": "2013-08-31",
        "symbol": "NAC",
        "reportedCurrency": "USD",
        "cik": "0001074952",
        "fillingDate": "2013-08-31",
        "acceptedDate": "2013-08-30 20:00:00",
        "calendarYear": "2013",
        "period": "Q2",
        "revenue": 13054322,
        "costOfRevenue": 0,
        "grossProfit": 13054322,
        "grossProfitRatio": 1,
        "researchAndDevelopmentExpenses": 0,
        "generalAndAdministrativeExpenses": 2568489,
        "sellingAndMarketingExpenses": 0,
        "sellingGeneralAndAdministrativeExpenses": 2568489,
        "otherExpenses": 0,
        "operatingExpenses": 62727455,
        "costAndExpenses": 62727455,
        "interestIncome": 340903,
        "interestExpense": 0,
        "depreciationAndAmortization": -10485833,
        "ebitda": -60499869,
        "ebitdaratio": -4.6344704076,
        "operatingIncome": 10485833,
        "operatingIncomeRatio": 0.803246082,
        "totalOtherIncomeExpensesNet": -60499869,
        "incomeBeforeTax": -50014036,
        "incomeBeforeTaxRatio": -3.8312243256,
        "incomeTaxExpense": 0,
        "netIncome": -50014036,
        "netIncomeRatio": -3.8312243256,
        "eps": -2.13,
        "epsdiluted": -2.13,
        "weightedAverageShsOut": 23528875,
        "weightedAverageShsOutDil": 23528873,
        "link": null,
        "finalLink": null
    },
    {
        "date": "2013-02-28",
        "symbol": "NAC",
        "reportedCurrency": "USD",
        "cik": "0001074952",
        "fillingDate": "2013-02-28",
        "acceptedDate": "2013-02-27 19:00:00",
        "calendarYear": "2012",
        "period": "Q4",
        "revenue": 12746602,
        "costOfRevenue": 0,
        "grossProfit": 12746602,
        "grossProfitRatio": 1,
        "researchAndDevelopmentExpenses": 0,
        "generalAndAdministrativeExpenses": 2551090,
        "sellingAndMarketingExpenses": 0,
        "sellingGeneralAndAdministrativeExpenses": 2551090,
        "otherExpenses": 0,
        "operatingExpenses": 7518038,
        "costAndExpenses": 7518038,
        "interestIncome": 310573,
        "interestExpense": 0,
        "depreciationAndAmortization": -10195512,
        "ebitda": 9758555,
        "ebitdaratio": 0.7655808976,
        "operatingIncome": 10195512,
        "operatingIncomeRatio": 0.7998611708,
        "totalOtherIncomeExpensesNet": 9758555,
        "incomeBeforeTax": 19954067,
        "incomeBeforeTaxRatio": 1.5654420684,
        "incomeTaxExpense": 0,
        "netIncome": 19954067,
        "netIncomeRatio": 1.5654420684,
        "eps": 0.85,
        "epsdiluted": 0.85,
        "weightedAverageShsOut": 23555239,
        "weightedAverageShsOutDil": 23555224,
        "link": null,
        "finalLink": null
    },
    {
        "date": "2012-08-31",
        "symbol": "NAC",
        "reportedCurrency": "USD",
        "cik": "0001074952",
        "fillingDate": "2012-08-31",
        "acceptedDate": "2012-08-30 20:00:00",
        "calendarYear": "2012",
        "period": "Q2",
        "revenue": 6428945,
        "costOfRevenue": 0,
        "grossProfit": 6428945,
        "grossProfitRatio": 1,
        "researchAndDevelopmentExpenses": 0,
        "generalAndAdministrativeExpenses": 1297198,
        "sellingAndMarketingExpenses": 0,
        "sellingGeneralAndAdministrativeExpenses": 1297198,
        "otherExpenses": 0,
        "operatingExpenses": 6664803,
        "costAndExpenses": 6664803,
        "interestIncome": 175875,
        "interestExpense": 0,
        "depreciationAndAmortization": -5131747,
        "ebitda": 7786126,
        "ebitdaratio": 1.2111047769,
        "operatingIncome": 5131747,
        "operatingIncomeRatio": 0.7982253698,
        "totalOtherIncomeExpensesNet": 7786126,
        "incomeBeforeTax": 12917873,
        "incomeBeforeTaxRatio": 2.0093301467,
        "incomeTaxExpense": 0,
        "netIncome": 12917873,
        "netIncomeRatio": 2.0093301467,
        "eps": 0.55,
        "epsdiluted": 0.55,
        "weightedAverageShsOut": 23487488,
        "weightedAverageShsOutDil": 23487488,
        "link": null,
        "finalLink": null
    }
]