[
    {
        "date": "2025-09-30",
        "symbol": "NBR",
        "reportedCurrency": "USD",
        "cik": "0001163739",
        "fillingDate": "2025-10-31",
        "acceptedDate": "2025-10-31 14:18:51",
        "calendarYear": "2025",
        "period": "Q3",
        "revenue": 818190000,
        "costOfRevenue": 652175000,
        "grossProfit": 166015000,
        "grossProfitRatio": 0.2029051932,
        "researchAndDevelopmentExpenses": 12978000,
        "generalAndAdministrativeExpenses": 77076000,
        "sellingAndMarketingExpenses": 0,
        "sellingGeneralAndAdministrativeExpenses": 77076000,
        "otherExpenses": 0,
        "operatingExpenses": 90054000,
        "costAndExpenses": 742229000,
        "interestIncome": 7323000,
        "interestExpense": 54334000,
        "depreciationAndAmortization": 160347000,
        "ebitda": 634718000,
        "ebitdaratio": 0.7757586869,
        "operatingIncome": 75961000,
        "operatingIncomeRatio": 0.0928402938,
        "totalOtherIncomeExpensesNet": 344076000,
        "incomeBeforeTax": 420037000,
        "incomeBeforeTaxRatio": 0.5133734218,
        "incomeTaxExpense": 117571000,
        "netIncome": 258026000,
        "netIncomeRatio": 0.3153619575,
        "eps": 18.25,
        "epsdiluted": 16.85,
        "weightedAverageShsOut": 14098000,
        "weightedAverageShsOutDil": 15321000,
        "link": "https://www.sec.gov/Archives/edgar/data/1163739/000110465925104844/0001104659-25-104844-index.htm",
        "finalLink": "https://www.sec.gov/Archives/edgar/data/1163739/000110465925104844/nbr-20250930x10q.htm"
    },
    {
        "date": "2025-06-30",
        "symbol": "NBR",
        "reportedCurrency": "USD",
        "cik": "0001163739",
        "fillingDate": "2025-08-01",
        "acceptedDate": "2025-08-01 12:37:57",
        "calendarYear": "2025",
        "period": "Q2",
        "revenue": 832788000,
        "costOfRevenue": 488881000,
        "grossProfit": 343907000,
        "grossProfitRatio": 0.4129586401,
        "researchAndDevelopmentExpenses": 12722000,
        "generalAndAdministrativeExpenses": 82726000,
        "sellingAndMarketingExpenses": 0,
        "sellingGeneralAndAdministrativeExpenses": 82726000,
        "otherExpenses": 0,
        "operatingExpenses": 95448000,
        "costAndExpenses": 584329000,
        "interestIncome": 6129000,
        "interestExpense": 56081000,
        "depreciationAndAmortization": 175061000,
        "ebitda": 248459000,
        "ebitdaratio": 0.2983460376,
        "operatingIncome": 248459000,
        "operatingIncomeRatio": 0.2983460376,
        "totalOtherIncomeExpensesNet": -227587000,
        "incomeBeforeTax": 20872000,
        "incomeBeforeTaxRatio": 0.0250628011,
        "incomeTaxExpense": 23077000,
        "netIncome": -30910000,
        "netIncomeRatio": -0.0371162889,
        "eps": -3.36,
        "epsdiluted": -3.19,
        "weightedAverageShsOut": 12271000,
        "weightedAverageShsOutDil": 12271000,
        "link": "https://www.sec.gov/Archives/edgar/data/1163739/000155837025009958/0001558370-25-009958-index.htm",
        "finalLink": "https://www.sec.gov/Archives/edgar/data/1163739/000155837025009958/nbr-20250630x10q.htm"
    },
    {
        "date": "2025-03-31",
        "symbol": "NBR",
        "reportedCurrency": "USD",
        "cik": "0001163739",
        "fillingDate": "2025-05-09",
        "acceptedDate": "2025-05-09 13:40:45",
        "calendarYear": "2025",
        "period": "Q1",
        "revenue": 736186000,
        "costOfRevenue": 447300000,
        "grossProfit": 288886000,
        "grossProfitRatio": 0.3924089836,
        "researchAndDevelopmentExpenses": 14035000,
        "generalAndAdministrativeExpenses": 68506000,
        "sellingAndMarketingExpenses": 0,
        "sellingGeneralAndAdministrativeExpenses": 68506000,
        "otherExpenses": 0,
        "operatingExpenses": 82541000,
        "costAndExpenses": 529841000,
        "interestIncome": 6607000,
        "interestExpense": 54326000,
        "depreciationAndAmortization": 154638000,
        "ebitda": 206345000,
        "ebitdaratio": 0.2802892204,
        "operatingIncome": 206345000,
        "operatingIncomeRatio": 0.2802892204,
        "totalOtherIncomeExpensesNet": -134159000,
        "incomeBeforeTax": 72186000,
        "incomeBeforeTaxRatio": 0.0980540244,
        "incomeTaxExpense": 15007000,
        "netIncome": 32988000,
        "netIncomeRatio": 0.0448093281,
        "eps": 2.35,
        "epsdiluted": 2.18,
        "weightedAverageShsOut": 10460000,
        "weightedAverageShsOutDil": 11671000,
        "link": "https://www.sec.gov/Archives/edgar/data/1163739/000155837025007138/0001558370-25-007138-index.htm",
        "finalLink": "https://www.sec.gov/Archives/edgar/data/1163739/000155837025007138/nbr-20250331x10q.htm"
    },
    {
        "date": "2024-12-31",
        "symbol": "NBR",
        "reportedCurrency": "USD",
        "cik": "0001163739",
        "fillingDate": "2025-02-13",
        "acceptedDate": "2025-02-13 13:10:00",
        "calendarYear": "2024",
        "period": "Q4",
        "revenue": 729819000,
        "costOfRevenue": 433404000,
        "grossProfit": 296415000,
        "grossProfitRatio": 0.4061486478,
        "researchAndDevelopmentExpenses": 14434000,
        "generalAndAdministrativeExpenses": 61436000,
        "sellingAndMarketingExpenses": 0,
        "sellingGeneralAndAdministrativeExpenses": 61436000,
        "otherExpenses": 0,
        "operatingExpenses": 75870000,
        "costAndExpenses": 509274000,
        "interestIncome": 8832000,
        "interestExpense": 53642000,
        "depreciationAndAmortization": 156348000,
        "ebitda": 220545000,
        "ebitdaratio": 0.3021913653,
        "operatingIncome": 220545000,
        "operatingIncomeRatio": 0.3021913653,
        "totalOtherIncomeExpensesNet": -238183000,
        "incomeBeforeTax": -17638000,
        "incomeBeforeTaxRatio": -0.0241676361,
        "incomeTaxExpense": 15231000,
        "netIncome": -53671000,
        "netIncomeRatio": -0.0735401517,
        "eps": -2.6,
        "epsdiluted": -2.6,
        "weightedAverageShsOut": 9213000,
        "weightedAverageShsOutDil": 9213000,
        "link": "https://www.sec.gov/Archives/edgar/data/1163739/000155837025000926/0001558370-25-000926-index.htm",
        "finalLink": "https://www.sec.gov/Archives/edgar/data/1163739/000155837025000926/nbr-20241231x10k.htm"
    },
    {
        "date": "2024-09-30",
        "symbol": "NBR",
        "reportedCurrency": "USD",
        "cik": "0001163739",
        "fillingDate": "2024-11-01",
        "acceptedDate": "2024-11-01 16:41:01",
        "calendarYear": "2024",
        "period": "Q3",
        "revenue": 731805000,
        "costOfRevenue": 431705000,
        "grossProfit": 300100000,
        "grossProfitRatio": 0.4100819207,
        "researchAndDevelopmentExpenses": 14404000,
        "generalAndAdministrativeExpenses": 63976000,
        "sellingAndMarketingExpenses": 0,
        "sellingGeneralAndAdministrativeExpenses": 63976000,
        "otherExpenses": 0,
        "operatingExpenses": 78380000,
        "costAndExpenses": 510085000,
        "interestIncome": 11479000,
        "interestExpense": 55350000,
        "depreciationAndAmortization": 159234000,
        "ebitda": 221720000,
        "ebitdaratio": 0.3029768859,
        "operatingIncome": 221720000,
        "operatingIncomeRatio": 0.3029768859,
        "totalOtherIncomeExpensesNet": -244689000,
        "incomeBeforeTax": -22969000,
        "incomeBeforeTaxRatio": -0.0313867765,
        "incomeTaxExpense": 10118000,
        "netIncome": -55825000,
        "netIncomeRatio": -0.0762839828,
        "eps": -6.06,
        "epsdiluted": -6.06,
        "weightedAverageShsOut": 9213000,
        "weightedAverageShsOutDil": 9213000,
        "link": "https://www.sec.gov/Archives/edgar/data/1163739/000155837024014145/0001558370-24-014145-index.htm",
        "finalLink": "https://www.sec.gov/Archives/edgar/data/1163739/000155837024014145/nbr-20240930x10q.htm"
    },
    {
        "date": "2024-06-30",
        "symbol": "NBR",
        "reportedCurrency": "USD",
        "cik": "0001163739",
        "fillingDate": "2024-07-26",
        "acceptedDate": "2024-07-26 10:05:56",
        "calendarYear": "2024",
        "period": "Q2",
        "revenue": 734798000,
        "costOfRevenue": 440225000,
        "grossProfit": 294573000,
        "grossProfitRatio": 0.4008897683,
        "researchAndDevelopmentExpenses": 14362000,
        "generalAndAdministrativeExpenses": 62154000,
        "sellingAndMarketingExpenses": 0,
        "sellingGeneralAndAdministrativeExpenses": 62154000,
        "otherExpenses": 0,
        "operatingExpenses": 76516000,
        "costAndExpenses": 516741000,
        "interestIncome": 8595000,
        "interestExpense": 51493000,
        "depreciationAndAmortization": 160141000,
        "ebitda": 218057000,
        "ebitdaratio": 0.2967577484,
        "operatingIncome": 218057000,
        "operatingIncomeRatio": 0.2967577484,
        "totalOtherIncomeExpensesNet": -215532000,
        "incomeBeforeTax": 2525000,
        "incomeBeforeTaxRatio": 0.0034363186,
        "incomeTaxExpense": 15554000,
        "netIncome": -32255000,
        "netIncomeRatio": -0.0438964178,
        "eps": -4.29,
        "epsdiluted": -4.29,
        "weightedAverageShsOut": 9207000,
        "weightedAverageShsOutDil": 9207000,
        "link": "https://www.sec.gov/Archives/edgar/data/1163739/000155837024010228/0001558370-24-010228-index.htm",
        "finalLink": "https://www.sec.gov/Archives/edgar/data/1163739/000155837024010228/nbr-20240630x10q.htm"
    },
    {
        "date": "2024-03-31",
        "symbol": "NBR",
        "reportedCurrency": "USD",
        "cik": "0001163739",
        "fillingDate": "2024-05-03",
        "acceptedDate": "2024-05-03 16:39:45",
        "calendarYear": "2024",
        "period": "Q1",
        "revenue": 733704000,
        "costOfRevenue": 437077000,
        "grossProfit": 296627000,
        "grossProfitRatio": 0.4042870149,
        "researchAndDevelopmentExpenses": 13863000,
        "generalAndAdministrativeExpenses": 61751000,
        "sellingAndMarketingExpenses": 0,
        "sellingGeneralAndAdministrativeExpenses": 61751000,
        "otherExpenses": 0,
        "operatingExpenses": 75614000,
        "costAndExpenses": 512691000,
        "interestIncome": 10192000,
        "interestExpense": 50379000,
        "depreciationAndAmortization": 157685000,
        "ebitda": 221013000,
        "ebitdaratio": 0.301229106,
        "operatingIncome": 221013000,
        "operatingIncomeRatio": 0.301229106,
        "totalOtherIncomeExpensesNet": -213971000,
        "incomeBeforeTax": 7042000,
        "incomeBeforeTaxRatio": 0.009597876,
        "incomeTaxExpense": 16044000,
        "netIncome": -34333000,
        "netIncomeRatio": -0.046794075,
        "eps": -4.54,
        "epsdiluted": -4.54,
        "weightedAverageShsOut": 9176000,
        "weightedAverageShsOutDil": 9176000,
        "link": "https://www.sec.gov/Archives/edgar/data/1163739/000155837024006660/0001558370-24-006660-index.htm",
        "finalLink": "https://www.sec.gov/Archives/edgar/data/1163739/000155837024006660/nbr-20240331x10q.htm"
    },
    {
        "date": "2023-12-31",
        "symbol": "NBR",
        "reportedCurrency": "USD",
        "cik": "0001163739",
        "fillingDate": "2024-02-12",
        "acceptedDate": "2024-02-12 15:18:23",
        "calendarYear": "2023",
        "period": "Q4",
        "revenue": 725801000,
        "costOfRevenue": 424769000,
        "grossProfit": 301032000,
        "grossProfitRatio": 0.4147583153,
        "researchAndDevelopmentExpenses": 13926000,
        "generalAndAdministrativeExpenses": 57003000,
        "sellingAndMarketingExpenses": 0,
        "sellingGeneralAndAdministrativeExpenses": 57003000,
        "otherExpenses": 0,
        "operatingExpenses": 70929000,
        "costAndExpenses": 495698000,
        "interestIncome": 15327000,
        "interestExpense": 49938000,
        "depreciationAndAmortization": 161226000,
        "ebitda": 230101000,
        "ebitdaratio": 0.3170304257,
        "operatingIncome": 230103000,
        "operatingIncomeRatio": 0.3170331813,
        "totalOtherIncomeExpensesNet": -207002000,
        "incomeBeforeTax": 23101000,
        "incomeBeforeTaxRatio": 0.0318282835,
        "incomeTaxExpense": 19244000,
        "netIncome": -16703000,
        "netIncomeRatio": -0.0230131951,
        "eps": -1.83,
        "epsdiluted": -2.7,
        "weightedAverageShsOut": 9133000,
        "weightedAverageShsOutDil": 9133000,
        "link": "https://www.sec.gov/Archives/edgar/data/1163739/000155837024000973/0001558370-24-000973-index.htm",
        "finalLink": "https://www.sec.gov/Archives/edgar/data/1163739/000155837024000973/nbr-20231231x10k.htm"
    },
    {
        "date": "2023-09-30",
        "symbol": "NBR",
        "reportedCurrency": "USD",
        "cik": "0001163739",
        "fillingDate": "2023-10-27",
        "acceptedDate": "2023-10-27 14:32:42",
        "calendarYear": "2023",
        "period": "Q3",
        "revenue": 733974000,
        "costOfRevenue": 447751000,
        "grossProfit": 286223000,
        "grossProfitRatio": 0.3899634047,
        "researchAndDevelopmentExpenses": 14016000,
        "generalAndAdministrativeExpenses": 62182000,
        "sellingAndMarketingExpenses": 0,
        "sellingGeneralAndAdministrativeExpenses": 62182000,
        "otherExpenses": 0,
        "operatingExpenses": 76198000,
        "costAndExpenses": 523949000,
        "interestIncome": 10041000,
        "interestExpense": 44042000,
        "depreciationAndAmortization": 161337000,
        "ebitda": 210025000,
        "ebitdaratio": 0.2861477382,
        "operatingIncome": 210025000,
        "operatingIncomeRatio": 0.2861477382,
        "totalOtherIncomeExpensesNet": -230756000,
        "incomeBeforeTax": -20731000,
        "incomeBeforeTaxRatio": -0.0282448697,
        "incomeTaxExpense": 10513000,
        "netIncome": -48916000,
        "netIncomeRatio": -0.0666454125,
        "eps": -5.35,
        "epsdiluted": -5.35,
        "weightedAverageShsOut": 9148000,
        "weightedAverageShsOutDil": 9148000,
        "link": "https://www.sec.gov/Archives/edgar/data/1163739/000155837023016940/0001558370-23-016940-index.htm",
        "finalLink": "https://www.sec.gov/Archives/edgar/data/1163739/000155837023016940/nbr-20230930x10q.htm"
    },
    {
        "date": "2023-06-30",
        "symbol": "NBR",
        "reportedCurrency": "USD",
        "cik": "0001163739",
        "fillingDate": "2023-07-28",
        "acceptedDate": "2023-07-28 10:41:41",
        "calendarYear": "2023",
        "period": "Q2",
        "revenue": 767067000,
        "costOfRevenue": 455531000,
        "grossProfit": 311536000,
        "grossProfitRatio": 0.406139229,
        "researchAndDevelopmentExpenses": 13281000,
        "generalAndAdministrativeExpenses": 63232000,
        "sellingAndMarketingExpenses": 0,
        "sellingGeneralAndAdministrativeExpenses": 63232000,
        "otherExpenses": 0,
        "operatingExpenses": 76513000,
        "costAndExpenses": 532044000,
        "interestIncome": 11019000,
        "interestExpense": 46164000,
        "depreciationAndAmortization": 159698000,
        "ebitda": 235023000,
        "ebitdaratio": 0.3063917494,
        "operatingIncome": 235023000,
        "operatingIncomeRatio": 0.3063917494,
        "totalOtherIncomeExpensesNet": -192344000,
        "incomeBeforeTax": 42679000,
        "incomeBeforeTaxRatio": 0.0556392075,
        "incomeTaxExpense": 26448000,
        "netIncome": 4611000,
        "netIncomeRatio": 0.0060112089,
        "eps": 0.31,
        "epsdiluted": 0.31,
        "weightedAverageShsOut": 9195000,
        "weightedAverageShsOutDil": 9195000,
        "link": "https://www.sec.gov/Archives/edgar/data/1163739/000155837023012470/0001558370-23-012470-index.htm",
        "finalLink": "https://www.sec.gov/Archives/edgar/data/1163739/000155837023012470/nbr-20230630x10q.htm"
    },
    {
        "date": "2023-03-31",
        "symbol": "NBR",
        "reportedCurrency": "USD",
        "cik": "0001163739",
        "fillingDate": "2023-04-27",
        "acceptedDate": "2023-04-27 14:52:22",
        "calendarYear": "2023",
        "period": "Q1",
        "revenue": 779139000,
        "costOfRevenue": 462329000,
        "grossProfit": 316810000,
        "grossProfitRatio": 0.4066155076,
        "researchAndDevelopmentExpenses": 15074000,
        "generalAndAdministrativeExpenses": 61730000,
        "sellingAndMarketingExpenses": 0,
        "sellingGeneralAndAdministrativeExpenses": 61730000,
        "otherExpenses": 0,
        "operatingExpenses": 76804000,
        "costAndExpenses": 539133000,
        "interestIncome": 9514000,
        "interestExpense": 45141000,
        "depreciationAndAmortization": 163031000,
        "ebitda": 240006000,
        "ebitdaratio": 0.3080400288,
        "operatingIncome": 240006000,
        "operatingIncomeRatio": 0.3080400288,
        "totalOtherIncomeExpensesNet": -155931000,
        "incomeBeforeTax": 84075000,
        "incomeBeforeTaxRatio": 0.1079075749,
        "incomeTaxExpense": 23015000,
        "netIncome": 49224000,
        "netIncomeRatio": 0.0631774305,
        "eps": 4.39,
        "epsdiluted": 4.11,
        "weightedAverageShsOut": 9160000,
        "weightedAverageShsOutDil": 9867000,
        "link": "https://www.sec.gov/Archives/edgar/data/1163739/000155837023007028/0001558370-23-007028-index.htm",
        "finalLink": "https://www.sec.gov/Archives/edgar/data/1163739/000155837023007028/nbr-20230331x10q.htm"
    },
    {
        "date": "2022-12-31",
        "symbol": "NBR",
        "reportedCurrency": "USD",
        "cik": "0001163739",
        "fillingDate": "2023-02-09",
        "acceptedDate": "2023-02-09 12:06:09",
        "calendarYear": "2022",
        "period": "Q4",
        "revenue": 760148000,
        "costOfRevenue": 457184000,
        "grossProfit": 302964000,
        "grossProfitRatio": 0.3985592279,
        "researchAndDevelopmentExpenses": 13911000,
        "generalAndAdministrativeExpenses": 59031000,
        "sellingAndMarketingExpenses": 0,
        "sellingGeneralAndAdministrativeExpenses": 59031000,
        "otherExpenses": 0,
        "operatingExpenses": 72942000,
        "costAndExpenses": 530126000,
        "interestIncome": 8939000,
        "interestExpense": 44245000,
        "depreciationAndAmortization": 168841000,
        "ebitda": 230022000,
        "ebitdaratio": 0.3026015986,
        "operatingIncome": 230022000,
        "operatingIncomeRatio": 0.3026015986,
        "totalOtherIncomeExpensesNet": -262016000,
        "incomeBeforeTax": -31994000,
        "incomeBeforeTaxRatio": -0.0420891721,
        "incomeTaxExpense": 26161000,
        "netIncome": -69065000,
        "netIncomeRatio": -0.0908573067,
        "eps": -6.39,
        "epsdiluted": -6.39,
        "weightedAverageShsOut": 9101000,
        "weightedAverageShsOutDil": 9101000,
        "link": "https://www.sec.gov/Archives/edgar/data/1163739/000155837023001064/0001558370-23-001064-index.htm",
        "finalLink": "https://www.sec.gov/Archives/edgar/data/1163739/000155837023001064/nbr-20221231x10k.htm"
    },
    {
        "date": "2022-09-30",
        "symbol": "NBR",
        "reportedCurrency": "USD",
        "cik": "0001163739",
        "fillingDate": "2022-10-27",
        "acceptedDate": "2022-10-27 16:26:23",
        "calendarYear": "2022",
        "period": "Q3",
        "revenue": 694136000,
        "costOfRevenue": 432311000,
        "grossProfit": 261825000,
        "grossProfitRatio": 0.3771955352,
        "researchAndDevelopmentExpenses": 13409000,
        "generalAndAdministrativeExpenses": 57594000,
        "sellingAndMarketingExpenses": 0,
        "sellingGeneralAndAdministrativeExpenses": 57594000,
        "otherExpenses": 0,
        "operatingExpenses": 71003000,
        "costAndExpenses": 503314000,
        "interestIncome": 4814000,
        "interestExpense": 43841000,
        "depreciationAndAmortization": 169857000,
        "ebitda": 190822000,
        "ebitdaratio": 0.2749057822,
        "operatingIncome": 190822000,
        "operatingIncomeRatio": 0.2749057822,
        "totalOtherIncomeExpensesNet": -182931000,
        "incomeBeforeTax": 7891000,
        "incomeBeforeTaxRatio": 0.0113680893,
        "incomeTaxExpense": 12352000,
        "netIncome": -13783000,
        "netIncomeRatio": -0.0198563394,
        "eps": -0.49,
        "epsdiluted": -0.49,
        "weightedAverageShsOut": 9099000,
        "weightedAverageShsOutDil": 9099000,
        "link": "https://www.sec.gov/Archives/edgar/data/1163739/000155837022015510/0001558370-22-015510-index.htm",
        "finalLink": "https://www.sec.gov/Archives/edgar/data/1163739/000155837022015510/nbr-20220930x10q.htm"
    },
    {
        "date": "2022-06-30",
        "symbol": "NBR",
        "reportedCurrency": "USD",
        "cik": "0001163739",
        "fillingDate": "2022-08-04",
        "acceptedDate": "2022-08-04 14:55:42",
        "calendarYear": "2022",
        "period": "Q2",
        "revenue": 630943000,
        "costOfRevenue": 403797000,
        "grossProfit": 227146000,
        "grossProfitRatio": 0.3600103337,
        "researchAndDevelopmentExpenses": 10941000,
        "generalAndAdministrativeExpenses": 58167000,
        "sellingAndMarketingExpenses": 0,
        "sellingGeneralAndAdministrativeExpenses": 58167000,
        "otherExpenses": 0,
        "operatingExpenses": 69108000,
        "costAndExpenses": 472905000,
        "interestIncome": 1324000,
        "interestExpense": 42899000,
        "depreciationAndAmortization": 162014000,
        "ebitda": 158037000,
        "ebitdaratio": 0.2504774599,
        "operatingIncome": 158038000,
        "operatingIncomeRatio": 0.2504790449,
        "totalOtherIncomeExpensesNet": -218620000,
        "incomeBeforeTax": -60582000,
        "incomeBeforeTaxRatio": -0.0960181823,
        "incomeTaxExpense": 9353000,
        "netIncome": -82917000,
        "netIncomeRatio": -0.1314175765,
        "eps": -9.13,
        "epsdiluted": -9.13,
        "weightedAverageShsOut": 9081000,
        "weightedAverageShsOutDil": 9081000,
        "link": "https://www.sec.gov/Archives/edgar/data/1163739/000155837022012143/0001558370-22-012143-index.htm",
        "finalLink": "https://www.sec.gov/Archives/edgar/data/1163739/000155837022012143/nbr-20220630x10q.htm"
    },
    {
        "date": "2022-03-31",
        "symbol": "NBR",
        "reportedCurrency": "USD",
        "cik": "0001163739",
        "fillingDate": "2022-05-02",
        "acceptedDate": "2022-05-02 17:16:00",
        "calendarYear": "2022",
        "period": "Q1",
        "revenue": 568539000,
        "costOfRevenue": 372712000,
        "grossProfit": 195827000,
        "grossProfitRatio": 0.3444389919,
        "researchAndDevelopmentExpenses": 11678000,
        "generalAndAdministrativeExpenses": 53639000,
        "sellingAndMarketingExpenses": 0,
        "sellingGeneralAndAdministrativeExpenses": 53639000,
        "otherExpenses": 0,
        "operatingExpenses": 65317000,
        "costAndExpenses": 438029000,
        "interestIncome": 397000,
        "interestExpense": 46910000,
        "depreciationAndAmortization": 164360000,
        "ebitda": 130511000,
        "ebitdaratio": 0.2295550525,
        "operatingIncome": 130510000,
        "operatingIncomeRatio": 0.2295532936,
        "totalOtherIncomeExpensesNet": -291507000,
        "incomeBeforeTax": -160997000,
        "incomeBeforeTaxRatio": -0.2831767038,
        "incomeTaxExpense": 13671000,
        "netIncome": -184496000,
        "netIncomeRatio": -0.3245089607,
        "eps": -21.02,
        "epsdiluted": -21.02,
        "weightedAverageShsOut": 8309240,
        "weightedAverageShsOutDil": 8311000,
        "link": "https://www.sec.gov/Archives/edgar/data/1163739/000155837022006668/0001558370-22-006668-index.htm",
        "finalLink": "https://www.sec.gov/Archives/edgar/data/1163739/000155837022006668/nbr-20220331x10q.htm"
    },
    {
        "date": "2021-12-31",
        "symbol": "NBR",
        "reportedCurrency": "USD",
        "cik": "0001163739",
        "fillingDate": "2022-02-18",
        "acceptedDate": "2022-02-18 13:52:01",
        "calendarYear": "2021",
        "period": "Q4",
        "revenue": 543539000,
        "costOfRevenue": 347656000,
        "grossProfit": 195883000,
        "grossProfitRatio": 0.3603844434,
        "researchAndDevelopmentExpenses": 10641000,
        "generalAndAdministrativeExpenses": 54422000,
        "sellingAndMarketingExpenses": 0,
        "sellingGeneralAndAdministrativeExpenses": 54422000,
        "otherExpenses": 0,
        "operatingExpenses": 65063000,
        "costAndExpenses": 412719000,
        "interestIncome": 313000,
        "interestExpense": 44570000,
        "depreciationAndAmortization": 167955000,
        "ebitda": 131238000,
        "ebitdaratio": 0.2414509354,
        "operatingIncome": 130820000,
        "operatingIncomeRatio": 0.2406819014,
        "totalOtherIncomeExpensesNet": -221703000,
        "incomeBeforeTax": -90883000,
        "incomeBeforeTaxRatio": -0.1672060331,
        "incomeTaxExpense": 18393000,
        "netIncome": -113677000,
        "netIncomeRatio": -0.2091423063,
        "eps": -14.3,
        "epsdiluted": -14.3,
        "weightedAverageShsOut": 7948870,
        "weightedAverageShsOutDil": 7950000,
        "link": "https://www.sec.gov/Archives/edgar/data/1163739/000155837022001407/0001558370-22-001407-index.htm",
        "finalLink": "https://www.sec.gov/Archives/edgar/data/1163739/000155837022001407/nbr-20211231x10k.htm"
    },
    {
        "date": "2021-09-30",
        "symbol": "NBR",
        "reportedCurrency": "USD",
        "cik": "0001163739",
        "fillingDate": "2021-11-05",
        "acceptedDate": "2021-11-05 16:40:17",
        "calendarYear": "2021",
        "period": "Q3",
        "revenue": 524165000,
        "costOfRevenue": 336538000,
        "grossProfit": 187627000,
        "grossProfitRatio": 0.3579540793,
        "researchAndDevelopmentExpenses": 9498000,
        "generalAndAdministrativeExpenses": 52897000,
        "sellingAndMarketingExpenses": 0,
        "sellingGeneralAndAdministrativeExpenses": 52897000,
        "otherExpenses": 0,
        "operatingExpenses": 62395000,
        "costAndExpenses": 398933000,
        "interestIncome": 211000,
        "interestExpense": 42217000,
        "depreciationAndAmortization": 173375000,
        "ebitda": 125232000,
        "ebitdaratio": 0.2389171349,
        "operatingIncome": 125231999,
        "operatingIncomeRatio": 0.238917133,
        "totalOtherIncomeExpensesNet": -238149999,
        "incomeBeforeTax": -112918000,
        "incomeBeforeTaxRatio": -0.2154245324,
        "incomeTaxExpense": 2784000,
        "netIncome": -122500000,
        "netIncomeRatio": -0.2337050356,
        "eps": -15.49,
        "epsdiluted": -15.49,
        "weightedAverageShsOut": 7906016,
        "weightedAverageShsOutDil": 7907000,
        "link": "https://www.sec.gov/Archives/edgar/data/1163739/000155837021014856/0001558370-21-014856-index.htm",
        "finalLink": "https://www.sec.gov/Archives/edgar/data/1163739/000155837021014856/nbr-20210930x10q.htm"
    },
    {
        "date": "2021-06-30",
        "symbol": "NBR",
        "reportedCurrency": "USD",
        "cik": "0001163739",
        "fillingDate": "2021-08-02",
        "acceptedDate": "2021-08-02 16:23:03",
        "calendarYear": "2021",
        "period": "Q2",
        "revenue": 489333000,
        "costOfRevenue": 312466000,
        "grossProfit": 176867000,
        "grossProfitRatio": 0.3614450691,
        "researchAndDevelopmentExpenses": 7965000,
        "generalAndAdministrativeExpenses": 51580000,
        "sellingAndMarketingExpenses": 0,
        "sellingGeneralAndAdministrativeExpenses": 51580000,
        "otherExpenses": 0,
        "operatingExpenses": 59545000,
        "costAndExpenses": 372011000,
        "interestIncome": 41776000,
        "interestExpense": 0,
        "depreciationAndAmortization": 174775000,
        "ebitda": 117322000,
        "ebitdaratio": 0.2397590189,
        "operatingIncome": 117322000,
        "operatingIncomeRatio": 0.2397590189,
        "totalOtherIncomeExpensesNet": -283006000,
        "incomeBeforeTax": -165684000,
        "incomeBeforeTaxRatio": -0.3385915113,
        "incomeTaxExpense": 24719000,
        "netIncome": -196009000,
        "netIncomeRatio": -0.4005636244,
        "eps": -26.28,
        "epsdiluted": -26.27,
        "weightedAverageShsOut": 7459458,
        "weightedAverageShsOutDil": 7460000,
        "link": "https://www.sec.gov/Archives/edgar/data/1163739/000155837021009814/0001558370-21-009814-index.htm",
        "finalLink": "https://www.sec.gov/Archives/edgar/data/1163739/000155837021009814/nbr-20210630x10q.htm"
    },
    {
        "date": "2021-03-31",
        "symbol": "NBR",
        "reportedCurrency": "USD",
        "cik": "0001163739",
        "fillingDate": "2021-04-29",
        "acceptedDate": "2021-04-29 16:03:49",
        "calendarYear": "2021",
        "period": "Q1",
        "revenue": 460511000,
        "costOfRevenue": 290654000,
        "grossProfit": 169857000,
        "grossProfitRatio": 0.3688446096,
        "researchAndDevelopmentExpenses": 7467000,
        "generalAndAdministrativeExpenses": 54660000,
        "sellingAndMarketingExpenses": 0,
        "sellingGeneralAndAdministrativeExpenses": 54660000,
        "otherExpenses": 0,
        "operatingExpenses": 62127000,
        "costAndExpenses": 352781000,
        "interestIncome": 1293000,
        "interestExpense": 42975000,
        "depreciationAndAmortization": 177277000,
        "ebitda": 107731000,
        "ebitdaratio": 0.2339379515,
        "operatingIncome": 107730000,
        "operatingIncomeRatio": 0.23393578,
        "totalOtherIncomeExpensesNet": -226334000,
        "incomeBeforeTax": -118604000,
        "incomeBeforeTaxRatio": -0.2575486796,
        "incomeTaxExpense": 9725000,
        "netIncome": -137086000,
        "netIncomeRatio": -0.2976823572,
        "eps": -19.31,
        "epsdiluted": -19.31,
        "weightedAverageShsOut": 7101190,
        "weightedAverageShsOutDil": 7102000,
        "link": "https://www.sec.gov/Archives/edgar/data/1163739/000155837021005242/0001558370-21-005242-index.htm",
        "finalLink": "https://www.sec.gov/Archives/edgar/data/1163739/000155837021005242/nbr-20210331x10q.htm"
    },
    {
        "date": "2020-12-31",
        "symbol": "NBR",
        "reportedCurrency": "USD",
        "cik": "0001163739",
        "fillingDate": "2021-02-24",
        "acceptedDate": "2021-02-24 17:08:30",
        "calendarYear": "2020",
        "period": "Q4",
        "revenue": 443396000,
        "costOfRevenue": 274688000,
        "grossProfit": 168708000,
        "grossProfitRatio": 0.3804905773,
        "researchAndDevelopmentExpenses": 10221000,
        "generalAndAdministrativeExpenses": 53719000,
        "sellingAndMarketingExpenses": 0,
        "sellingGeneralAndAdministrativeExpenses": 53719000,
        "otherExpenses": 0,
        "operatingExpenses": 63940000,
        "costAndExpenses": 338628000,
        "interestIncome": 3342000,
        "interestExpense": 47943000,
        "depreciationAndAmortization": 220909000,
        "ebitda": 107702000,
        "ebitdaratio": 0.242902507,
        "operatingIncome": 104768000,
        "operatingIncomeRatio": 0.2362853973,
        "totalOtherIncomeExpensesNet": -169860000,
        "incomeBeforeTax": -65092000,
        "incomeBeforeTaxRatio": -0.146803309,
        "incomeTaxExpense": 38842000,
        "netIncome": -108237000,
        "netIncomeRatio": -0.2441091034,
        "eps": -15.32,
        "epsdiluted": -15.32,
        "weightedAverageShsOut": 7063252,
        "weightedAverageShsOutDil": 7067000,
        "link": "https://www.sec.gov/Archives/edgar/data/1163739/000155837021001631/0001558370-21-001631-index.htm",
        "finalLink": "https://www.sec.gov/Archives/edgar/data/1163739/000155837021001631/nbr-20201231x10k.htm"
    },
    {
        "date": "2020-09-30",
        "symbol": "NBR",
        "reportedCurrency": "USD",
        "cik": "0001163739",
        "fillingDate": "2020-11-04",
        "acceptedDate": "2020-11-04 16:23:27",
        "calendarYear": "2020",
        "period": "Q3",
        "revenue": 438352000,
        "costOfRevenue": 270215000,
        "grossProfit": 168137000,
        "grossProfitRatio": 0.3835661751,
        "researchAndDevelopmentExpenses": 7565000,
        "generalAndAdministrativeExpenses": 46168000,
        "sellingAndMarketingExpenses": 0,
        "sellingGeneralAndAdministrativeExpenses": 46168000,
        "otherExpenses": 0,
        "operatingExpenses": 53733000,
        "costAndExpenses": 323948000,
        "interestIncome": 177000,
        "interestExpense": 52403000,
        "depreciationAndAmortization": 206863000,
        "ebitda": 114405000,
        "ebitdaratio": 0.2609888856,
        "operatingIncome": 114404000,
        "operatingIncomeRatio": 0.2609866044,
        "totalOtherIncomeExpensesNet": -264781000,
        "incomeBeforeTax": -150377000,
        "incomeBeforeTaxRatio": -0.3430507902,
        "incomeTaxExpense": -3695000,
        "netIncome": -157465000,
        "netIncomeRatio": -0.3592204438,
        "eps": -22.29,
        "epsdiluted": -22.29,
        "weightedAverageShsOut": 7064000,
        "weightedAverageShsOutDil": 7064000,
        "link": "https://www.sec.gov/Archives/edgar/data/1163739/000155837020012577/0001558370-20-012577-index.htm",
        "finalLink": "https://www.sec.gov/Archives/edgar/data/1163739/000155837020012577/nbr-20200930x10q.htm"
    },
    {
        "date": "2020-06-30",
        "symbol": "NBR",
        "reportedCurrency": "USD",
        "cik": "0001163739",
        "fillingDate": "2020-08-04",
        "acceptedDate": "2020-08-04 13:34:52",
        "calendarYear": "2020",
        "period": "Q2",
        "revenue": 533931000,
        "costOfRevenue": 326557000,
        "grossProfit": 207374000,
        "grossProfitRatio": 0.3883910093,
        "researchAndDevelopmentExpenses": 7305000,
        "generalAndAdministrativeExpenses": 46244000,
        "sellingAndMarketingExpenses": 0,
        "sellingGeneralAndAdministrativeExpenses": 46244000,
        "otherExpenses": 0,
        "operatingExpenses": 53549000,
        "costAndExpenses": 380106000,
        "interestIncome": 1230000,
        "interestExpense": 51206000,
        "depreciationAndAmortization": 223405000,
        "ebitda": 166110000,
        "ebitdaratio": 0.311107615,
        "operatingIncome": 153825000,
        "operatingIncomeRatio": 0.288099024,
        "totalOtherIncomeExpensesNet": -287346999,
        "incomeBeforeTax": -133522000,
        "incomeBeforeTaxRatio": -0.2500735114,
        "incomeTaxExpense": 4446000,
        "netIncome": -148112000,
        "netIncomeRatio": -0.2773991396,
        "eps": -21,
        "epsdiluted": -21,
        "weightedAverageShsOut": 7052000,
        "weightedAverageShsOutDil": 7052000,
        "link": "https://www.sec.gov/Archives/edgar/data/1163739/000155837020009105/0001558370-20-009105-index.htm",
        "finalLink": "https://www.sec.gov/Archives/edgar/data/1163739/000155837020009105/nbr-20200630x10q.htm"
    },
    {
        "date": "2020-03-31",
        "symbol": "NBR",
        "reportedCurrency": "USD",
        "cik": "0001163739",
        "fillingDate": "2020-05-08",
        "acceptedDate": "2020-05-08 17:19:29",
        "calendarYear": "2020",
        "period": "Q1",
        "revenue": 718364000,
        "costOfRevenue": 461840000,
        "grossProfit": 256524000,
        "grossProfitRatio": 0.3570947319,
        "researchAndDevelopmentExpenses": 11409000,
        "generalAndAdministrativeExpenses": 57384000,
        "sellingAndMarketingExpenses": 0,
        "sellingGeneralAndAdministrativeExpenses": 57384000,
        "otherExpenses": 0,
        "operatingExpenses": 68793000,
        "costAndExpenses": 530633000,
        "interestIncome": 2373000,
        "interestExpense": 54722000,
        "depreciationAndAmortization": 227063000,
        "ebitda": 175445000,
        "ebitdaratio": 0.2442285527,
        "operatingIncome": 187731000,
        "operatingIncomeRatio": 0.2613313028,
        "totalOtherIncomeExpensesNet": -544307000,
        "incomeBeforeTax": -356576000,
        "incomeBeforeTaxRatio": -0.4963723126,
        "incomeTaxExpense": 17693000,
        "netIncome": -391827000,
        "netIncomeRatio": -0.5454435356,
        "eps": -55.57,
        "epsdiluted": -55.57,
        "weightedAverageShsOut": 7051000,
        "weightedAverageShsOutDil": 7051000,
        "link": "https://www.sec.gov/Archives/edgar/data/1163739/000155837020006056/0001558370-20-006056-index.htm",
        "finalLink": "https://www.sec.gov/Archives/edgar/data/1163739/000155837020006056/nbr-20200508x10q.htm"
    },
    {
        "date": "2019-12-31",
        "symbol": "NBR",
        "reportedCurrency": "USD",
        "cik": "0001163739",
        "fillingDate": "2020-02-25",
        "acceptedDate": "2020-02-25 16:53:45",
        "calendarYear": "2019",
        "period": "Q4",
        "revenue": 714261000,
        "costOfRevenue": 436249000,
        "grossProfit": 278012000,
        "grossProfitRatio": 0.3892302674,
        "researchAndDevelopmentExpenses": 20738000,
        "generalAndAdministrativeExpenses": 62572000,
        "sellingAndMarketingExpenses": 0,
        "sellingGeneralAndAdministrativeExpenses": 62572000,
        "otherExpenses": 0,
        "operatingExpenses": 83310000,
        "costAndExpenses": 519559000,
        "interestIncome": 2078000,
        "interestExpense": 49177000,
        "depreciationAndAmortization": 225823000,
        "ebitda": 202524000,
        "ebitdaratio": 0.2835434106,
        "operatingIncome": 194702000,
        "operatingIncomeRatio": 0.2725922317,
        "totalOtherIncomeExpensesNet": -452759000,
        "incomeBeforeTax": -258057000,
        "incomeBeforeTaxRatio": -0.3612923007,
        "incomeTaxExpense": 26476000,
        "netIncome": -262684000,
        "netIncomeRatio": -0.3677703249,
        "eps": -37.31,
        "epsdiluted": -37.3,
        "weightedAverageShsOut": 7041000,
        "weightedAverageShsOutDil": 7042700,
        "link": "https://www.sec.gov/Archives/edgar/data/1163739/000155837020001335/0001558370-20-001335-index.htm",
        "finalLink": "https://www.sec.gov/Archives/edgar/data/1163739/000155837020001335/nbr-20191231x10k4970cf.htm"
    },
    {
        "date": "2019-09-30",
        "symbol": "NBR",
        "reportedCurrency": "USD",
        "cik": "0001163739",
        "fillingDate": "2019-11-01",
        "acceptedDate": "2019-11-01 16:07:03",
        "calendarYear": "2019",
        "period": "Q3",
        "revenue": 758076000,
        "costOfRevenue": 475461000,
        "grossProfit": 282615000,
        "grossProfitRatio": 0.372805629,
        "researchAndDevelopmentExpenses": 12004000,
        "generalAndAdministrativeExpenses": 63577000,
        "sellingAndMarketingExpenses": 0,
        "sellingGeneralAndAdministrativeExpenses": 63577000,
        "otherExpenses": 0,
        "operatingExpenses": 75581000,
        "costAndExpenses": 551042000,
        "interestIncome": 2040000,
        "interestExpense": 51291000,
        "depreciationAndAmortization": 221563000,
        "ebitda": 207040000,
        "ebitdaratio": 0.2731124584,
        "operatingIncome": 207034000,
        "operatingIncomeRatio": 0.2731045436,
        "totalOtherIncomeExpensesNet": -282919000,
        "incomeBeforeTax": -75885000,
        "incomeBeforeTaxRatio": -0.1001021006,
        "incomeTaxExpense": 23903000,
        "netIncome": -118928000,
        "netIncomeRatio": -0.1568813681,
        "eps": -16.89,
        "epsdiluted": -16.89,
        "weightedAverageShsOut": 7041000,
        "weightedAverageShsOutDil": 7041000,
        "link": "https://www.sec.gov/Archives/edgar/data/1163739/000155837019009705/0001558370-19-009705-index.htm",
        "finalLink": "https://www.sec.gov/Archives/edgar/data/1163739/000155837019009705/nbr-20190930x10q5c0c24.htm"
    },
    {
        "date": "2019-06-30",
        "symbol": "NBR",
        "reportedCurrency": "USD",
        "cik": "0001163739",
        "fillingDate": "2019-08-01",
        "acceptedDate": "2019-07-31 19:29:18",
        "calendarYear": "2019",
        "period": "Q2",
        "revenue": 771406000,
        "costOfRevenue": 496664000,
        "grossProfit": 274742000,
        "grossProfitRatio": 0.3561574579,
        "researchAndDevelopmentExpenses": 11920000,
        "generalAndAdministrativeExpenses": 64415000,
        "sellingAndMarketingExpenses": 0,
        "sellingGeneralAndAdministrativeExpenses": 64415000,
        "otherExpenses": 0,
        "operatingExpenses": 76335000,
        "costAndExpenses": 572999000,
        "interestIncome": 2248000,
        "interestExpense": 51491000,
        "depreciationAndAmortization": 218320000,
        "ebitda": 198408000,
        "ebitdaratio": 0.2572030811,
        "operatingIncome": 198407000,
        "operatingIncomeRatio": 0.2572017848,
        "totalOtherIncomeExpensesNet": -379810000,
        "incomeBeforeTax": -181403000,
        "incomeBeforeTaxRatio": -0.2351589176,
        "incomeTaxExpense": 11398000,
        "netIncome": -203564000,
        "netIncomeRatio": -0.2638869804,
        "eps": -28.96,
        "epsdiluted": -28.95,
        "weightedAverageShsOut": 7029891,
        "weightedAverageShsOutDil": 7031000,
        "link": "https://www.sec.gov/Archives/edgar/data/1163739/000155837019006710/0001558370-19-006710-index.htm",
        "finalLink": "https://www.sec.gov/Archives/edgar/data/1163739/000155837019006710/nbr-20190630x10q.htm"
    },
    {
        "date": "2019-03-31",
        "symbol": "NBR",
        "reportedCurrency": "USD",
        "cik": "0001163739",
        "fillingDate": "2019-05-01",
        "acceptedDate": "2019-05-01 17:09:20",
        "calendarYear": "2019",
        "period": "Q1",
        "revenue": 799640000,
        "costOfRevenue": 520957000,
        "grossProfit": 278683000,
        "grossProfitRatio": 0.3485105798,
        "researchAndDevelopmentExpenses": 13520000,
        "generalAndAdministrativeExpenses": 68167000,
        "sellingAndMarketingExpenses": 0,
        "sellingGeneralAndAdministrativeExpenses": 68167000,
        "otherExpenses": 0,
        "operatingExpenses": 81687000,
        "costAndExpenses": 602644000,
        "interestIncome": 2033000,
        "interestExpense": 52352000,
        "depreciationAndAmortization": 210397000,
        "ebitda": 197002000,
        "ebitdaratio": 0.2463633635,
        "operatingIncome": 196996000,
        "operatingIncomeRatio": 0.2463558601,
        "totalOtherIncomeExpensesNet": -270573000,
        "incomeBeforeTax": -73577000,
        "incomeBeforeTaxRatio": -0.0920126557,
        "incomeTaxExpense": 29799000,
        "netIncome": -117709000,
        "netIncomeRatio": -0.1472024911,
        "eps": -16.78,
        "epsdiluted": -16.78,
        "weightedAverageShsOut": 7015000,
        "weightedAverageShsOutDil": 7015000,
        "link": "https://www.sec.gov/Archives/edgar/data/1163739/000155837019003745/0001558370-19-003745-index.htm",
        "finalLink": "https://www.sec.gov/Archives/edgar/data/1163739/000155837019003745/nbr-20190331x10q.htm"
    },
    {
        "date": "2018-12-31",
        "symbol": "NBR",
        "reportedCurrency": "USD",
        "cik": "0001163739",
        "fillingDate": "2019-02-28",
        "acceptedDate": "2019-02-28 17:14:00",
        "calendarYear": "2018",
        "period": "Q4",
        "revenue": 782080000,
        "costOfRevenue": 510402000,
        "grossProfit": 271678000,
        "grossProfitRatio": 0.3473787848,
        "researchAndDevelopmentExpenses": 13444000,
        "generalAndAdministrativeExpenses": 56615000,
        "sellingAndMarketingExpenses": 0,
        "sellingGeneralAndAdministrativeExpenses": 56615000,
        "otherExpenses": 0,
        "operatingExpenses": 70059000,
        "costAndExpenses": 580461000,
        "interestIncome": 4957000,
        "interestExpense": 53731000,
        "depreciationAndAmortization": 226668000,
        "ebitda": 201644000,
        "ebitdaratio": 0.257830401,
        "operatingIncome": 201619000,
        "operatingIncomeRatio": 0.2577984349,
        "totalOtherIncomeExpensesNet": -345213000,
        "incomeBeforeTax": -143594000,
        "incomeBeforeTaxRatio": -0.1836052578,
        "incomeTaxExpense": 21957000,
        "netIncome": -183418000,
        "netIncomeRatio": -0.2345258797,
        "eps": -26.47,
        "epsdiluted": -26.18,
        "weightedAverageShsOut": 6930312,
        "weightedAverageShsOutDil": 7004720,
        "link": "https://www.sec.gov/Archives/edgar/data/1163739/000155837019001349/0001558370-19-001349-index.htm",
        "finalLink": "https://www.sec.gov/Archives/edgar/data/1163739/000155837019001349/nbr-20181231x10k.htm"
    },
    {
        "date": "2018-09-30",
        "symbol": "NBR",
        "reportedCurrency": "USD",
        "cik": "0001163739",
        "fillingDate": "2018-11-07",
        "acceptedDate": "2018-11-06 19:06:38",
        "calendarYear": "2018",
        "period": "Q3",
        "revenue": 779425000,
        "costOfRevenue": 497194000,
        "grossProfit": 282231000,
        "grossProfitRatio": 0.3621015492,
        "researchAndDevelopmentExpenses": 14458000,
        "generalAndAdministrativeExpenses": 66813000,
        "sellingAndMarketingExpenses": 0,
        "sellingGeneralAndAdministrativeExpenses": 66813000,
        "otherExpenses": 0,
        "operatingExpenses": 81271000,
        "costAndExpenses": 578465000,
        "interestIncome": 900000,
        "interestExpense": 51415000,
        "depreciationAndAmortization": 209059000,
        "ebitda": 201502000,
        "ebitdaratio": 0.2585264779,
        "operatingIncome": 200960000,
        "operatingIncomeRatio": 0.2578310934,
        "totalOtherIncomeExpensesNet": -284181000,
        "incomeBeforeTax": -83221000,
        "incomeBeforeTaxRatio": -0.1067723001,
        "incomeTaxExpense": 10489000,
        "netIncome": -114577000,
        "netIncomeRatio": -0.1470019566,
        "eps": -16.52,
        "epsdiluted": -16.36,
        "weightedAverageShsOut": 6937741,
        "weightedAverageShsOutDil": 7003880,
        "link": "https://www.sec.gov/Archives/edgar/data/1163739/000155837018008680/0001558370-18-008680-index.htm",
        "finalLink": "https://www.sec.gov/Archives/edgar/data/1163739/000155837018008680/nbr-20180930x10q.htm"
    },
    {
        "date": "2018-06-30",
        "symbol": "NBR",
        "reportedCurrency": "USD",
        "cik": "0001163739",
        "fillingDate": "2018-08-01",
        "acceptedDate": "2018-08-01 17:30:27",
        "calendarYear": "2018",
        "period": "Q2",
        "revenue": 761920000,
        "costOfRevenue": 493975000,
        "grossProfit": 267945000,
        "grossProfitRatio": 0.3516707791,
        "researchAndDevelopmentExpenses": 12439000,
        "generalAndAdministrativeExpenses": 67823000,
        "sellingAndMarketingExpenses": 0,
        "sellingGeneralAndAdministrativeExpenses": 67823000,
        "otherExpenses": 0,
        "operatingExpenses": 80262000,
        "costAndExpenses": 574237000,
        "interestIncome": 1136000,
        "interestExpense": 60592000,
        "depreciationAndAmortization": 218774000,
        "ebitda": 188195000,
        "ebitdaratio": 0.2470009975,
        "operatingIncome": 187683000,
        "operatingIncomeRatio": 0.2463290109,
        "totalOtherIncomeExpensesNet": -359620000,
        "incomeBeforeTax": -171937000,
        "incomeBeforeTaxRatio": -0.2256627992,
        "incomeTaxExpense": 23278000,
        "netIncome": -198752000,
        "netIncomeRatio": -0.2608567829,
        "eps": -30.26,
        "epsdiluted": -30.26,
        "weightedAverageShsOut": 6567440,
        "weightedAverageShsOutDil": 6567440,
        "link": "https://www.sec.gov/Archives/edgar/data/1163739/000155837018006117/0001558370-18-006117-index.htm",
        "finalLink": "https://www.sec.gov/Archives/edgar/data/1163739/000155837018006117/nbr-20180630x10q.htm"
    },
    {
        "date": "2018-03-31",
        "symbol": "NBR",
        "reportedCurrency": "USD",
        "cik": "0001163739",
        "fillingDate": "2018-05-03",
        "acceptedDate": "2018-05-02 18:28:13",
        "calendarYear": "2018",
        "period": "Q1",
        "revenue": 734194000,
        "costOfRevenue": 475403000,
        "grossProfit": 258791000,
        "grossProfitRatio": 0.3524831312,
        "researchAndDevelopmentExpenses": 15806000,
        "generalAndAdministrativeExpenses": 74571000,
        "sellingAndMarketingExpenses": 0,
        "sellingGeneralAndAdministrativeExpenses": 74571000,
        "otherExpenses": 0,
        "operatingExpenses": 90377000,
        "costAndExpenses": 565780000,
        "interestIncome": 1191000,
        "interestExpense": 61386000,
        "depreciationAndAmortization": 214008000,
        "ebitda": 168974000,
        "ebitdaratio": 0.2301489797,
        "operatingIncome": 168414000,
        "operatingIncomeRatio": 0.2293862385,
        "totalOtherIncomeExpensesNet": -288456000,
        "incomeBeforeTax": -120042000,
        "incomeBeforeTaxRatio": -0.1635017448,
        "incomeTaxExpense": 23545000,
        "netIncome": -144201000,
        "netIncomeRatio": -0.1964072166,
        "eps": -23.35,
        "epsdiluted": -23.35,
        "weightedAverageShsOut": 6175760,
        "weightedAverageShsOutDil": 6175760,
        "link": "https://www.sec.gov/Archives/edgar/data/1163739/000155837018003789/0001558370-18-003789-index.htm",
        "finalLink": "https://www.sec.gov/Archives/edgar/data/1163739/000155837018003789/nbr-20180331x10q.htm"
    },
    {
        "date": "2017-12-31",
        "symbol": "NBR",
        "reportedCurrency": "USD",
        "cik": "0001163739",
        "fillingDate": "2018-03-01",
        "acceptedDate": "2018-03-01 15:25:17",
        "calendarYear": "2017",
        "period": "Q4",
        "revenue": 708277000,
        "costOfRevenue": 471641000,
        "grossProfit": 236636000,
        "grossProfitRatio": 0.3341009238,
        "researchAndDevelopmentExpenses": 15009000,
        "generalAndAdministrativeExpenses": 59070000,
        "sellingAndMarketingExpenses": 0,
        "sellingGeneralAndAdministrativeExpenses": 59070000,
        "otherExpenses": 0,
        "operatingExpenses": 74079000,
        "costAndExpenses": 545720000,
        "interestIncome": 0,
        "interestExpense": 57076000,
        "depreciationAndAmortization": 214666000,
        "ebitda": 163117000,
        "ebitdaratio": 0.2303011392,
        "operatingIncome": 162557000,
        "operatingIncomeRatio": 0.2295104881,
        "totalOtherIncomeExpensesNet": -300438000,
        "incomeBeforeTax": -137881000,
        "incomeBeforeTaxRatio": -0.1946710115,
        "incomeTaxExpense": -23156000,
        "netIncome": -116344000,
        "netIncomeRatio": -0.1642634167,
        "eps": -20.43,
        "epsdiluted": -20.3,
        "weightedAverageShsOut": 5694532,
        "weightedAverageShsOutDil": 5732060,
        "link": "https://www.sec.gov/Archives/edgar/data/1163739/000155837018001382/0001558370-18-001382-index.htm",
        "finalLink": "https://www.sec.gov/Archives/edgar/data/1163739/000155837018001382/nbr-20171231x10k.htm"
    },
    {
        "date": "2017-09-30",
        "symbol": "NBR",
        "reportedCurrency": "USD",
        "cik": "0001163739",
        "fillingDate": "2017-11-03",
        "acceptedDate": "2017-11-03 16:59:53",
        "calendarYear": "2017",
        "period": "Q3",
        "revenue": 662103000,
        "costOfRevenue": 441263000,
        "grossProfit": 220840000,
        "grossProfitRatio": 0.3335432705,
        "researchAndDevelopmentExpenses": 12960000,
        "generalAndAdministrativeExpenses": 65010000,
        "sellingAndMarketingExpenses": 0,
        "sellingGeneralAndAdministrativeExpenses": 65010000,
        "otherExpenses": 0,
        "operatingExpenses": 77970000,
        "costAndExpenses": 519233000,
        "interestIncome": 0,
        "interestExpense": 54607000,
        "depreciationAndAmortization": 217701000,
        "ebitda": 143496000,
        "ebitdaratio": 0.2167276088,
        "operatingIncome": 142870000,
        "operatingIncomeRatio": 0.2157821366,
        "totalOtherIncomeExpensesNet": -276864000,
        "incomeBeforeTax": -133994000,
        "incomeBeforeTaxRatio": -0.2023763674,
        "incomeTaxExpense": -14709000,
        "netIncome": -148532000,
        "netIncomeRatio": -0.2243336762,
        "eps": -26.59,
        "epsdiluted": -26.59,
        "weightedAverageShsOut": 5586260,
        "weightedAverageShsOutDil": 5586260,
        "link": "https://www.sec.gov/Archives/edgar/data/1163739/000155837017008134/0001558370-17-008134-index.htm",
        "finalLink": "https://www.sec.gov/Archives/edgar/data/1163739/000155837017008134/nbr-20170930x10q.htm"
    },
    {
        "date": "2017-06-30",
        "symbol": "NBR",
        "reportedCurrency": "USD",
        "cik": "0001163739",
        "fillingDate": "2017-08-03",
        "acceptedDate": "2017-08-03 16:50:53",
        "calendarYear": "2017",
        "period": "Q2",
        "revenue": 631355000,
        "costOfRevenue": 417521000,
        "grossProfit": 213834000,
        "grossProfitRatio": 0.338690594,
        "researchAndDevelopmentExpenses": 11343000,
        "generalAndAdministrativeExpenses": 63695000,
        "sellingAndMarketingExpenses": 0,
        "sellingGeneralAndAdministrativeExpenses": 63695000,
        "otherExpenses": 0,
        "operatingExpenses": 75038000,
        "costAndExpenses": 492559000,
        "interestIncome": 397000,
        "interestExpense": 54688000,
        "depreciationAndAmortization": 208708000,
        "ebitda": 139414000,
        "ebitdaratio": 0.2208171314,
        "operatingIncome": 138796000,
        "operatingIncomeRatio": 0.2198382843,
        "totalOtherIncomeExpensesNet": -273768000,
        "incomeBeforeTax": -134972000,
        "incomeBeforeTaxRatio": -0.21378147,
        "incomeTaxExpense": -19496000,
        "netIncome": -132951000,
        "netIncomeRatio": -0.2105804183,
        "eps": -23.88,
        "epsdiluted": -23.83,
        "weightedAverageShsOut": 5567853,
        "weightedAverageShsOutDil": 5578320,
        "link": "https://www.sec.gov/Archives/edgar/data/1163739/000155837017005863/0001558370-17-005863-index.htm",
        "finalLink": "https://www.sec.gov/Archives/edgar/data/1163739/000155837017005863/nbr-20170630x10q.htm"
    },
    {
        "date": "2017-03-31",
        "symbol": "NBR",
        "reportedCurrency": "USD",
        "cik": "0001163739",
        "fillingDate": "2017-04-28",
        "acceptedDate": "2017-04-28 17:24:49",
        "calendarYear": "2017",
        "period": "Q1",
        "revenue": 562550000,
        "costOfRevenue": 387644000,
        "grossProfit": 174906000,
        "grossProfitRatio": 0.310916363,
        "researchAndDevelopmentExpenses": 11757000,
        "generalAndAdministrativeExpenses": 63409000,
        "sellingAndMarketingExpenses": 0,
        "sellingGeneralAndAdministrativeExpenses": 63409000,
        "otherExpenses": 0,
        "operatingExpenses": 75166000,
        "costAndExpenses": 462810000,
        "interestIncome": 0,
        "interestExpense": 56518000,
        "depreciationAndAmortization": 204364000,
        "ebitda": 100432000,
        "ebitdaratio": 0.1785299085,
        "operatingIncome": 99740000,
        "operatingIncomeRatio": 0.1772997956,
        "totalOtherIncomeExpensesNet": -272977000,
        "incomeBeforeTax": -173237000,
        "incomeBeforeTaxRatio": -0.3079495156,
        "incomeTaxExpense": -25609000,
        "netIncome": -148984000,
        "netIncomeRatio": -0.2648369034,
        "eps": -26.82,
        "epsdiluted": -26.82,
        "weightedAverageShsOut": 5555620,
        "weightedAverageShsOutDil": 5555620,
        "link": "https://www.sec.gov/Archives/edgar/data/1163739/000155837017003099/0001558370-17-003099-index.htm",
        "finalLink": "https://www.sec.gov/Archives/edgar/data/1163739/000155837017003099/nbr-20170331x10q.htm"
    },
    {
        "date": "2016-12-31",
        "symbol": "NBR",
        "reportedCurrency": "USD",
        "cik": "0001163739",
        "fillingDate": "2017-02-28",
        "acceptedDate": "2017-02-27 19:17:56",
        "calendarYear": "2016",
        "period": "Q4",
        "revenue": 538948000,
        "costOfRevenue": 331560000,
        "grossProfit": 207388000,
        "grossProfitRatio": 0.3848015022,
        "researchAndDevelopmentExpenses": 8764000,
        "generalAndAdministrativeExpenses": 52603000,
        "sellingAndMarketingExpenses": 0,
        "sellingGeneralAndAdministrativeExpenses": 52603000,
        "otherExpenses": 0,
        "operatingExpenses": 61367000,
        "costAndExpenses": 392927000,
        "interestIncome": 0,
        "interestExpense": 47557000,
        "depreciationAndAmortization": 216755000,
        "ebitda": 146589000,
        "ebitdaratio": 0.2719909899,
        "operatingIncome": 146021000,
        "operatingIncomeRatio": 0.2709370848,
        "totalOtherIncomeExpensesNet": -538750000,
        "incomeBeforeTax": -392729000,
        "incomeBeforeTaxRatio": -0.7286955328,
        "incomeTaxExpense": -62533000,
        "netIncome": -335587000,
        "netIncomeRatio": -0.6226704617,
        "eps": -60.73,
        "epsdiluted": -60.62,
        "weightedAverageShsOut": 5526051,
        "weightedAverageShsOutDil": 5535860,
        "link": "https://www.sec.gov/Archives/edgar/data/1163739/000155837017001099/0001558370-17-001099-index.htm",
        "finalLink": "https://www.sec.gov/Archives/edgar/data/1163739/000155837017001099/nbr-20161231x10k.htm"
    },
    {
        "date": "2016-09-30",
        "symbol": "NBR",
        "reportedCurrency": "USD",
        "cik": "0001163739",
        "fillingDate": "2016-11-02",
        "acceptedDate": "2016-11-02 06:29:24",
        "calendarYear": "2016",
        "period": "Q3",
        "revenue": 519729000,
        "costOfRevenue": 306436000,
        "grossProfit": 213293000,
        "grossProfitRatio": 0.4103927239,
        "researchAndDevelopmentExpenses": 8476000,
        "generalAndAdministrativeExpenses": 56078000,
        "sellingAndMarketingExpenses": 0,
        "sellingGeneralAndAdministrativeExpenses": 56078000,
        "otherExpenses": 0,
        "operatingExpenses": 64554000,
        "costAndExpenses": 370990000,
        "interestIncome": 0,
        "interestExpense": 46836000,
        "depreciationAndAmortization": 221377000,
        "ebitda": 149403000,
        "ebitdaratio": 0.2874632741,
        "operatingIncome": 148739000,
        "operatingIncomeRatio": 0.2861856852,
        "totalOtherIncomeExpensesNet": -277628999,
        "incomeBeforeTax": -128890000,
        "incomeBeforeTaxRatio": -0.247994628,
        "incomeTaxExpense": -31051000,
        "netIncome": -111211000,
        "netIncomeRatio": -0.2139788236,
        "eps": -20.2,
        "epsdiluted": -20.1,
        "weightedAverageShsOut": 5504342,
        "weightedAverageShsOutDil": 5534140,
        "link": "https://www.sec.gov/Archives/edgar/data/1163739/000155837016009004/0001558370-16-009004-index.htm",
        "finalLink": "https://www.sec.gov/Archives/edgar/data/1163739/000155837016009004/nbr-20160930x10q.htm"
    },
    {
        "date": "2016-06-30",
        "symbol": "NBR",
        "reportedCurrency": "USD",
        "cik": "0001163739",
        "fillingDate": "2016-08-03",
        "acceptedDate": "2016-08-03 16:47:02",
        "calendarYear": "2016",
        "period": "Q2",
        "revenue": 571591000,
        "costOfRevenue": 341279000,
        "grossProfit": 230312000,
        "grossProfitRatio": 0.4029314667,
        "researchAndDevelopmentExpenses": 8180000,
        "generalAndAdministrativeExpenses": 56624000,
        "sellingAndMarketingExpenses": 0,
        "sellingGeneralAndAdministrativeExpenses": 56624000,
        "otherExpenses": 0,
        "operatingExpenses": 64804000,
        "costAndExpenses": 406083000,
        "interestIncome": 0,
        "interestExpense": 45237000,
        "depreciationAndAmortization": 219495000,
        "ebitda": 166090000,
        "ebitdaratio": 0.2905749041,
        "operatingIncome": 165508000,
        "operatingIncomeRatio": 0.2895566935,
        "totalOtherIncomeExpensesNet": -393256000,
        "incomeBeforeTax": -227748000,
        "incomeBeforeTaxRatio": -0.3984457418,
        "incomeTaxExpense": -41183000,
        "netIncome": -184650000,
        "netIncomeRatio": -0.3230456743,
        "eps": -33.38,
        "epsdiluted": -33.38,
        "weightedAverageShsOut": 5531000,
        "weightedAverageShsOutDil": 5531000,
        "link": "https://www.sec.gov/Archives/edgar/data/1163739/000155837016007247/0001558370-16-007247-index.htm",
        "finalLink": "https://www.sec.gov/Archives/edgar/data/1163739/000155837016007247/nbr-20160630x10q.htm"
    },
    {
        "date": "2016-03-31",
        "symbol": "NBR",
        "reportedCurrency": "USD",
        "cik": "0001163739",
        "fillingDate": "2016-05-03",
        "acceptedDate": "2016-05-03 16:50:34",
        "calendarYear": "2016",
        "period": "Q1",
        "revenue": 597571000,
        "costOfRevenue": 365023000,
        "grossProfit": 232548000,
        "grossProfitRatio": 0.3891554309,
        "researchAndDevelopmentExpenses": 8162000,
        "generalAndAdministrativeExpenses": 62334000,
        "sellingAndMarketingExpenses": 0,
        "sellingGeneralAndAdministrativeExpenses": 62334000,
        "otherExpenses": 0,
        "operatingExpenses": 70496000,
        "costAndExpenses": 435519000,
        "interestIncome": 0,
        "interestExpense": 45730000,
        "depreciationAndAmortization": 216669000,
        "ebitda": 162903000,
        "ebitdaratio": 0.2726086105,
        "operatingIncome": 162052000,
        "operatingIncomeRatio": 0.271184512,
        "totalOtherIncomeExpensesNet": -610760000,
        "incomeBeforeTax": -448708000,
        "incomeBeforeTaxRatio": -0.7508865055,
        "incomeTaxExpense": -52064000,
        "netIncome": -398294000,
        "netIncomeRatio": -0.6665216351,
        "eps": -72.19,
        "epsdiluted": -72.19,
        "weightedAverageShsOut": 5517020,
        "weightedAverageShsOutDil": 5517020,
        "link": "https://www.sec.gov/Archives/edgar/data/1163739/000155837016005209/0001558370-16-005209-index.htm",
        "finalLink": "https://www.sec.gov/Archives/edgar/data/1163739/000155837016005209/nbr-20160331x10q.htm"
    },
    {
        "date": "2015-12-31",
        "symbol": "NBR",
        "reportedCurrency": "USD",
        "cik": "0001163739",
        "fillingDate": "2016-02-26",
        "acceptedDate": "2016-02-26 17:22:20",
        "calendarYear": "2015",
        "period": "Q4",
        "revenue": 738872000,
        "costOfRevenue": 445130000,
        "grossProfit": 293742000,
        "grossProfitRatio": 0.3975546509,
        "researchAndDevelopmentExpenses": 9354000,
        "generalAndAdministrativeExpenses": 61056000,
        "sellingAndMarketingExpenses": 0,
        "sellingGeneralAndAdministrativeExpenses": 61056000,
        "otherExpenses": 0,
        "operatingExpenses": 70410000,
        "costAndExpenses": 515540000,
        "interestIncome": 0,
        "interestExpense": 46410000,
        "depreciationAndAmortization": 231399000,
        "ebitda": 223594000,
        "ebitdaratio": 0.302615338,
        "operatingIncome": 223332000,
        "operatingIncomeRatio": 0.3022607434,
        "totalOtherIncomeExpensesNet": -447302000,
        "incomeBeforeTax": -223970000,
        "incomeBeforeTaxRatio": -0.3031242218,
        "incomeTaxExpense": -62880000,
        "netIncome": -163654000,
        "netIncomeRatio": -0.2214916792,
        "eps": -29.61,
        "epsdiluted": -29.61,
        "weightedAverageShsOut": 5527420,
        "weightedAverageShsOutDil": 5527420,
        "link": "https://www.sec.gov/Archives/edgar/data/1163739/000110465916100551/0001104659-16-100551-index.htm",
        "finalLink": "https://www.sec.gov/Archives/edgar/data/1163739/000110465916100551/a15-23282_110k.htm"
    },
    {
        "date": "2015-09-30",
        "symbol": "NBR",
        "reportedCurrency": "USD",
        "cik": "0001163739",
        "fillingDate": "2015-11-06",
        "acceptedDate": "2015-11-06 17:27:15",
        "calendarYear": "2015",
        "period": "Q3",
        "revenue": 847553000,
        "costOfRevenue": 518174000,
        "grossProfit": 329379000,
        "grossProfitRatio": 0.3886234843,
        "researchAndDevelopmentExpenses": 9716000,
        "generalAndAdministrativeExpenses": 81748000,
        "sellingAndMarketingExpenses": 0,
        "sellingGeneralAndAdministrativeExpenses": 81748000,
        "otherExpenses": 0,
        "operatingExpenses": 81748000,
        "costAndExpenses": 599922000,
        "interestIncome": 0,
        "interestExpense": 44448000,
        "depreciationAndAmortization": 240834000,
        "ebitda": 248358000,
        "ebitdaratio": 0.2930294625,
        "operatingIncome": 247631000,
        "operatingIncomeRatio": 0.292171699,
        "totalOtherIncomeExpensesNet": -579408000,
        "incomeBeforeTax": -331777000,
        "incomeBeforeTaxRatio": -0.3914528059,
        "incomeTaxExpense": -80898000,
        "netIncome": -295834000,
        "netIncomeRatio": -0.3490448385,
        "eps": -52.06,
        "epsdiluted": -52.06,
        "weightedAverageShsOut": 5682240,
        "weightedAverageShsOutDil": 5682240,
        "link": "https://www.sec.gov/Archives/edgar/data/1163739/000110465915076764/0001104659-15-076764-index.htm",
        "finalLink": "https://www.sec.gov/Archives/edgar/data/1163739/000110465915076764/a15-18060_110q.htm"
    },
    {
        "date": "2015-06-30",
        "symbol": "NBR",
        "reportedCurrency": "USD",
        "cik": "0001163739",
        "fillingDate": "2015-08-05",
        "acceptedDate": "2015-08-05 15:59:17",
        "calendarYear": "2015",
        "period": "Q2",
        "revenue": 863305000,
        "costOfRevenue": 488522000,
        "grossProfit": 374783000,
        "grossProfitRatio": 0.4341258304,
        "researchAndDevelopmentExpenses": 10480000,
        "generalAndAdministrativeExpenses": 86290000,
        "sellingAndMarketingExpenses": 0,
        "sellingGeneralAndAdministrativeExpenses": 86290000,
        "otherExpenses": 0,
        "operatingExpenses": 86290000,
        "costAndExpenses": 574812000,
        "interestIncome": 0,
        "interestExpense": 44469000,
        "depreciationAndAmortization": 220066000,
        "ebitda": 290363000,
        "ebitdaratio": 0.3363388374,
        "operatingIncome": 288493000,
        "operatingIncomeRatio": 0.3341727431,
        "totalOtherIncomeExpensesNet": -263938000,
        "incomeBeforeTax": 24555000,
        "incomeBeforeTaxRatio": 0.0284430184,
        "incomeTaxExpense": 66445000,
        "netIncome": -36821000,
        "netIncomeRatio": -0.0426512067,
        "eps": -6.44,
        "epsdiluted": -6.44,
        "weightedAverageShsOut": 5721700,
        "weightedAverageShsOutDil": 5721700,
        "link": "https://www.sec.gov/Archives/edgar/data/1163739/000110465915056474/0001104659-15-056474-index.htm",
        "finalLink": "https://www.sec.gov/Archives/edgar/data/1163739/000110465915056474/a15-12180_110q.htm"
    },
    {
        "date": "2015-03-31",
        "symbol": "NBR",
        "reportedCurrency": "USD",
        "cik": "0001163739",
        "fillingDate": "2015-05-04",
        "acceptedDate": "2015-05-04 16:33:20",
        "calendarYear": "2015",
        "period": "Q1",
        "revenue": 1414707000,
        "costOfRevenue": 919610000,
        "grossProfit": 495097000,
        "grossProfitRatio": 0.3499643389,
        "researchAndDevelopmentExpenses": 11703000,
        "generalAndAdministrativeExpenses": 127133000,
        "sellingAndMarketingExpenses": 0,
        "sellingGeneralAndAdministrativeExpenses": 127133000,
        "otherExpenses": 0,
        "operatingExpenses": 127133000,
        "costAndExpenses": 1046743000,
        "interestIncome": 0,
        "interestExpense": 46601000,
        "depreciationAndAmortization": 281019000,
        "ebitda": 367964000,
        "ebitdaratio": 0.2600990877,
        "operatingIncome": 367964000,
        "operatingIncomeRatio": 0.2600990877,
        "totalOtherIncomeExpensesNet": -264307000,
        "incomeBeforeTax": 103657000,
        "incomeBeforeTaxRatio": 0.0732710024,
        "incomeTaxExpense": -20705000,
        "netIncome": 123634000,
        "netIncomeRatio": 0.0873919476,
        "eps": 21.5,
        "epsdiluted": 21,
        "weightedAverageShsOut": 5707220,
        "weightedAverageShsOutDil": 5723460,
        "link": "https://www.sec.gov/Archives/edgar/data/1163739/000110465915033755/0001104659-15-033755-index.htm",
        "finalLink": "https://www.sec.gov/Archives/edgar/data/1163739/000110465915033755/a15-9878_110q.htm"
    },
    {
        "date": "2014-12-31",
        "symbol": "NBR",
        "reportedCurrency": "USD",
        "cik": "0001163739",
        "fillingDate": "2015-03-02",
        "acceptedDate": "2015-03-02 16:30:27",
        "calendarYear": "2014",
        "period": "Q4",
        "revenue": 1783836000,
        "costOfRevenue": 1194844000,
        "grossProfit": 588992000,
        "grossProfitRatio": 0.3301828195,
        "researchAndDevelopmentExpenses": 49698000,
        "generalAndAdministrativeExpenses": 142871000,
        "sellingAndMarketingExpenses": 0,
        "sellingGeneralAndAdministrativeExpenses": 142871000,
        "otherExpenses": 0,
        "operatingExpenses": 142871000,
        "costAndExpenses": 1337715000,
        "interestIncome": 0,
        "interestExpense": 43697000,
        "depreciationAndAmortization": 294594000,
        "ebitda": 447143000,
        "ebitdaratio": 0.2506637381,
        "operatingIncome": 446121000,
        "operatingIncomeRatio": 0.2500908155,
        "totalOtherIncomeExpensesNet": -1356131000,
        "incomeBeforeTax": -910010000,
        "incomeBeforeTaxRatio": -0.510142188,
        "incomeTaxExpense": -23609000,
        "netIncome": -891070000,
        "netIncomeRatio": -0.49952462,
        "eps": -156.55,
        "epsdiluted": -156.36,
        "weightedAverageShsOut": 5691994,
        "weightedAverageShsOutDil": 5698760,
        "link": "https://www.sec.gov/Archives/edgar/data/1163739/000104746915001506/0001047469-15-001506-index.htm",
        "finalLink": "https://www.sec.gov/Archives/edgar/data/1163739/000104746915001506/a2223297z10-k.htm"
    },
    {
        "date": "2014-09-30",
        "symbol": "NBR",
        "reportedCurrency": "USD",
        "cik": "0001163739",
        "fillingDate": "2014-11-10",
        "acceptedDate": "2014-11-10 17:10:04",
        "calendarYear": "2014",
        "period": "Q3",
        "revenue": 1813762000,
        "costOfRevenue": 1181986000,
        "grossProfit": 631776000,
        "grossProfitRatio": 0.3483235397,
        "researchAndDevelopmentExpenses": 0,
        "generalAndAdministrativeExpenses": 138967000,
        "sellingAndMarketingExpenses": 0,
        "sellingGeneralAndAdministrativeExpenses": 138967000,
        "otherExpenses": 0,
        "operatingExpenses": 138967000,
        "costAndExpenses": 1320953000,
        "interestIncome": 0,
        "interestExpense": 43138000,
        "depreciationAndAmortization": 287257000,
        "ebitda": 493485000,
        "ebitdaratio": 0.2720781448,
        "operatingIncome": 492809000,
        "operatingIncomeRatio": 0.2717054388,
        "totalOtherIncomeExpensesNet": -328868000,
        "incomeBeforeTax": 163941000,
        "incomeBeforeTaxRatio": 0.0903872724,
        "incomeTaxExpense": 106515000,
        "netIncome": 106048000,
        "netIncomeRatio": 0.0584685312,
        "eps": 10.5,
        "epsdiluted": 10,
        "weightedAverageShsOut": 5852420,
        "weightedAverageShsOutDil": 5900100,
        "link": "https://www.sec.gov/Archives/edgar/data/1163739/000110465914079036/0001104659-14-079036-index.htm",
        "finalLink": "https://www.sec.gov/Archives/edgar/data/1163739/000110465914079036/a14-19726_110q.htm"
    },
    {
        "date": "2014-06-30",
        "symbol": "NBR",
        "reportedCurrency": "USD",
        "cik": "0001163739",
        "fillingDate": "2014-08-06",
        "acceptedDate": "2014-08-06 17:29:45",
        "calendarYear": "2014",
        "period": "Q2",
        "revenue": 1616981000,
        "costOfRevenue": 1066494999,
        "grossProfit": 550486000,
        "grossProfitRatio": 0.3404406112,
        "researchAndDevelopmentExpenses": 0,
        "generalAndAdministrativeExpenses": 133630000,
        "sellingAndMarketingExpenses": 0,
        "sellingGeneralAndAdministrativeExpenses": 133630000,
        "otherExpenses": 0,
        "operatingExpenses": 133630000,
        "costAndExpenses": 1200124999,
        "interestIncome": 0,
        "interestExpense": 46303000,
        "depreciationAndAmortization": 284109000,
        "ebitda": 418145000,
        "ebitdaratio": 0.2585961121,
        "operatingIncome": 416856000,
        "operatingIncomeRatio": 0.2577989475,
        "totalOtherIncomeExpensesNet": -340371000,
        "incomeBeforeTax": 77719000,
        "incomeBeforeTaxRatio": 0.048064263,
        "incomeTaxExpense": 10756000,
        "netIncome": 64444000,
        "netIncomeRatio": 0.039854519,
        "eps": 10.5,
        "epsdiluted": 10.5,
        "weightedAverageShsOut": 5959680,
        "weightedAverageShsOutDil": 6019620,
        "link": "https://www.sec.gov/Archives/edgar/data/1163739/000110465914057671/0001104659-14-057671-index.htm",
        "finalLink": "https://www.sec.gov/Archives/edgar/data/1163739/000110465914057671/a14-13996_110q.htm"
    },
    {
        "date": "2014-03-31",
        "symbol": "NBR",
        "reportedCurrency": "USD",
        "cik": "0001163739",
        "fillingDate": "2014-05-09",
        "acceptedDate": "2014-05-09 16:25:59",
        "calendarYear": "2014",
        "period": "Q1",
        "revenue": 1589618000,
        "costOfRevenue": 1061739000,
        "grossProfit": 527879000,
        "grossProfitRatio": 0.3320791536,
        "researchAndDevelopmentExpenses": 0,
        "generalAndAdministrativeExpenses": 134266000,
        "sellingAndMarketingExpenses": 0,
        "sellingGeneralAndAdministrativeExpenses": 134266000,
        "otherExpenses": 0,
        "operatingExpenses": 420314000,
        "costAndExpenses": 1482053000,
        "interestIncome": 0,
        "interestExpense": 44810000,
        "depreciationAndAmortization": 282349000,
        "ebitda": 393835000,
        "ebitdaratio": 0.247754492,
        "operatingIncome": 111486000,
        "operatingIncomeRatio": 0.0701338309,
        "totalOtherIncomeExpensesNet": -48501000,
        "incomeBeforeTax": 63735000,
        "incomeBeforeTaxRatio": 0.0400945384,
        "incomeTaxExpense": 14008000,
        "netIncome": 47671000,
        "netIncomeRatio": 0.0299889659,
        "eps": 8.5,
        "epsdiluted": 8,
        "weightedAverageShsOut": 5924200,
        "weightedAverageShsOutDil": 5981000,
        "link": "https://www.sec.gov/Archives/edgar/data/1163739/000110465914037057/0001104659-14-037057-index.htm",
        "finalLink": "https://www.sec.gov/Archives/edgar/data/1163739/000110465914037057/a14-9454_110q.htm"
    },
    {
        "date": "2013-12-31",
        "symbol": "NBR",
        "reportedCurrency": "USD",
        "cik": "0001163739",
        "fillingDate": "2014-03-03",
        "acceptedDate": "2014-03-03 17:16:54",
        "calendarYear": "2013",
        "period": "Q4",
        "revenue": 1606978000,
        "costOfRevenue": 1032840999,
        "grossProfit": 574137000,
        "grossProfitRatio": 0.3572774487,
        "researchAndDevelopmentExpenses": 0,
        "generalAndAdministrativeExpenses": 135307000,
        "sellingAndMarketingExpenses": 0,
        "sellingGeneralAndAdministrativeExpenses": 135307000,
        "otherExpenses": 0,
        "operatingExpenses": 425284999,
        "costAndExpenses": 1458125998,
        "interestIncome": 0,
        "interestExpense": 47075000,
        "depreciationAndAmortization": 278878000,
        "ebitda": 440050000,
        "ebitdaratio": 0.2738369785,
        "operatingIncome": 161172000,
        "operatingIncomeRatio": 0.100295088,
        "totalOtherIncomeExpensesNet": -59039000,
        "incomeBeforeTax": 102883000,
        "incomeBeforeTaxRatio": 0.0640226562,
        "incomeTaxExpense": -26383000,
        "netIncome": 125542000,
        "netIncomeRatio": 0.0781230359,
        "eps": 25,
        "epsdiluted": 25,
        "weightedAverageShsOut": 5904360,
        "weightedAverageShsOutDil": 5954920,
        "link": "https://www.sec.gov/Archives/edgar/data/1163739/000104746914001701/0001047469-14-001701-index.htm",
        "finalLink": "https://www.sec.gov/Archives/edgar/data/1163739/000104746914001701/a2218436z10-k.htm"
    },
    {
        "date": "2013-09-30",
        "symbol": "NBR",
        "reportedCurrency": "USD",
        "cik": "0001163739",
        "fillingDate": "2013-11-01",
        "acceptedDate": "2013-11-01 17:28:33",
        "calendarYear": "2013",
        "period": "Q3",
        "revenue": 1550819000,
        "costOfRevenue": 981685000,
        "grossProfit": 569908000,
        "grossProfitRatio": 0.3674884045,
        "researchAndDevelopmentExpenses": 0,
        "generalAndAdministrativeExpenses": 127943000,
        "sellingAndMarketingExpenses": 0,
        "sellingGeneralAndAdministrativeExpenses": 127943000,
        "otherExpenses": 0,
        "operatingExpenses": 649522000,
        "costAndExpenses": 1631207000,
        "interestIncome": 0,
        "interestExpense": 56059000,
        "depreciationAndAmortization": 285314000,
        "ebitda": 453835000,
        "ebitdaratio": 0.2926421459,
        "operatingIncome": 168521000,
        "operatingIncomeRatio": 0.1086658082,
        "totalOtherIncomeExpensesNet": -303715000,
        "incomeBeforeTax": -134444000,
        "incomeBeforeTaxRatio": -0.0866922574,
        "incomeTaxExpense": -44684000,
        "netIncome": -89540000,
        "netIncomeRatio": -0.0577372343,
        "eps": -17.73,
        "epsdiluted": -17.73,
        "weightedAverageShsOut": 5901520,
        "weightedAverageShsOutDil": 5901520,
        "link": "https://www.sec.gov/Archives/edgar/data/1163739/000110465913080127/0001104659-13-080127-index.htm",
        "finalLink": "https://www.sec.gov/Archives/edgar/data/1163739/000110465913080127/a13-19798_110q.htm"
    },
    {
        "date": "2013-06-30",
        "symbol": "NBR",
        "reportedCurrency": "USD",
        "cik": "0001163739",
        "fillingDate": "2013-08-02",
        "acceptedDate": "2013-08-02 16:11:50",
        "calendarYear": "2013",
        "period": "Q2",
        "revenue": 1491586000,
        "costOfRevenue": 972310000,
        "grossProfit": 485656000,
        "grossProfitRatio": 0.325597049,
        "researchAndDevelopmentExpenses": 0,
        "generalAndAdministrativeExpenses": 132612000,
        "sellingAndMarketingExpenses": 0,
        "sellingGeneralAndAdministrativeExpenses": 132612000,
        "otherExpenses": 0,
        "operatingExpenses": 405294000,
        "costAndExpenses": 1377604000,
        "interestIncome": 0,
        "interestExpense": 60271000,
        "depreciationAndAmortization": 284396000,
        "ebitda": 372640000,
        "ebitdaratio": 0.2498280354,
        "operatingIncome": 88244000,
        "operatingIncomeRatio": 0.0591611882,
        "totalOtherIncomeExpensesNet": -54084000,
        "incomeBeforeTax": 36181000,
        "incomeBeforeTaxRatio": 0.0242567308,
        "incomeTaxExpense": 6172000,
        "netIncome": 21698000,
        "netIncomeRatio": 0.0145469319,
        "eps": -0.61,
        "epsdiluted": -0.61,
        "weightedAverageShsOut": 5894940,
        "weightedAverageShsOutDil": 5942380,
        "link": "https://www.sec.gov/Archives/edgar/data/1163739/000110465913059438/0001104659-13-059438-index.htm",
        "finalLink": "https://www.sec.gov/Archives/edgar/data/1163739/000110465913059438/a13-13967_110q.htm"
    },
    {
        "date": "2013-03-31",
        "symbol": "NBR",
        "reportedCurrency": "USD",
        "cik": "0001163739",
        "fillingDate": "2013-05-02",
        "acceptedDate": "2013-05-01 17:41:08",
        "calendarYear": "2013",
        "period": "Q1",
        "revenue": 1578645000,
        "costOfRevenue": 994992000,
        "grossProfit": 540486000,
        "grossProfitRatio": 0.3423733645,
        "researchAndDevelopmentExpenses": 0,
        "generalAndAdministrativeExpenses": 132545000,
        "sellingAndMarketingExpenses": 0,
        "sellingGeneralAndAdministrativeExpenses": 132545000,
        "otherExpenses": 0,
        "operatingExpenses": 457085000,
        "costAndExpenses": 1452077000,
        "interestIncome": 0,
        "interestExpense": 60008000,
        "depreciationAndAmortization": 273423000,
        "ebitda": 413666000,
        "ebitdaratio": 0.2620386471,
        "operatingIncome": 140243000,
        "operatingIncomeRatio": 0.0888375791,
        "totalOtherIncomeExpensesNet": -38182000,
        "incomeBeforeTax": 109194000,
        "incomeBeforeTaxRatio": 0.0691694459,
        "incomeTaxExpense": 11272000,
        "netIncome": 92924000,
        "netIncomeRatio": 0.058863139,
        "eps": 17,
        "epsdiluted": 16.5,
        "weightedAverageShsOut": 5833740,
        "weightedAverageShsOutDil": 5883400,
        "link": "https://www.sec.gov/Archives/edgar/data/1163739/000110465913036071/0001104659-13-036071-index.htm",
        "finalLink": "https://www.sec.gov/Archives/edgar/data/1163739/000110465913036071/a13-8685_110q.htm"
    },
    {
        "date": "2012-12-31",
        "symbol": "NBR",
        "reportedCurrency": "USD",
        "cik": "0001163739",
        "fillingDate": "2013-03-01",
        "acceptedDate": "2013-03-01 13:31:02",
        "calendarYear": "2012",
        "period": "Q4",
        "revenue": 1595614000,
        "costOfRevenue": 1013586000,
        "grossProfit": 556966000,
        "grossProfitRatio": 0.3490606124,
        "researchAndDevelopmentExpenses": 0,
        "generalAndAdministrativeExpenses": 130723000,
        "sellingAndMarketingExpenses": 0,
        "sellingGeneralAndAdministrativeExpenses": 130723000,
        "otherExpenses": 0,
        "operatingExpenses": 373450000,
        "costAndExpenses": 1387036000,
        "interestIncome": 0,
        "interestExpense": 61835000,
        "depreciationAndAmortization": 279714000,
        "ebitda": 433779000,
        "ebitdaratio": 0.2718571033,
        "operatingIncome": 154065000,
        "operatingIncomeRatio": 0.0965553072,
        "totalOtherIncomeExpensesNet": -2842000,
        "incomeBeforeTax": 133799000,
        "incomeBeforeTaxRatio": 0.0838542404,
        "incomeTaxExpense": 3777000,
        "netIncome": 131283999,
        "netIncomeRatio": 0.0822780441,
        "eps": 4.5,
        "epsdiluted": 4.5,
        "weightedAverageShsOut": 5807880,
        "weightedAverageShsOutDil": 5848420,
        "link": "https://www.sec.gov/Archives/edgar/data/1163739/000110465913016655/0001104659-13-016655-index.htm",
        "finalLink": "https://www.sec.gov/Archives/edgar/data/1163739/000110465913016655/a13-2327_110k.htm"
    },
    {
        "date": "2012-09-30",
        "symbol": "NBR",
        "reportedCurrency": "USD",
        "cik": "0001163739",
        "fillingDate": "2012-11-02",
        "acceptedDate": "2012-11-02 11:03:55",
        "calendarYear": "2012",
        "period": "Q3",
        "revenue": 1766419000,
        "costOfRevenue": 1136198000,
        "grossProfit": 630221000,
        "grossProfitRatio": 0.3567788843,
        "researchAndDevelopmentExpenses": 0,
        "generalAndAdministrativeExpenses": 131887000,
        "sellingAndMarketingExpenses": 0,
        "sellingGeneralAndAdministrativeExpenses": 131887000,
        "otherExpenses": 269597000,
        "operatingExpenses": 401484000,
        "costAndExpenses": 1537682000,
        "interestIncome": 0,
        "interestExpense": 63604000,
        "depreciationAndAmortization": 269597000,
        "ebitda": 393755000,
        "ebitdaratio": 0.2229114383,
        "operatingIncome": 129210000,
        "operatingIncomeRatio": 0.0731479904,
        "totalOtherIncomeExpensesNet": -68948000,
        "incomeBeforeTax": 62567000,
        "incomeBeforeTaxRatio": 0.0354202485,
        "incomeTaxExpense": -4001000,
        "netIncome": 75656000,
        "netIncomeRatio": 0.0428301552,
        "eps": 13,
        "epsdiluted": 13,
        "weightedAverageShsOut": 5807340,
        "weightedAverageShsOutDil": 5850020,
        "link": "https://www.sec.gov/Archives/edgar/data/1163739/000110465912073508/0001104659-12-073508-index.htm",
        "finalLink": "https://www.sec.gov/Archives/edgar/data/1163739/000110465912073508/a12-22003_110q.htm"
    },
    {
        "date": "2012-06-30",
        "symbol": "NBR",
        "reportedCurrency": "USD",
        "cik": "0001163739",
        "fillingDate": "2012-08-03",
        "acceptedDate": "2012-08-03 16:47:38",
        "calendarYear": "2012",
        "period": "Q2",
        "revenue": 1737114000,
        "costOfRevenue": 1123256000,
        "grossProfit": 613858000,
        "grossProfitRatio": 0.3533780742,
        "researchAndDevelopmentExpenses": 0,
        "generalAndAdministrativeExpenses": 133612000,
        "sellingAndMarketingExpenses": 0,
        "sellingGeneralAndAdministrativeExpenses": 133612000,
        "otherExpenses": 261016000,
        "operatingExpenses": 394628000,
        "costAndExpenses": 1517884000,
        "interestIncome": 0,
        "interestExpense": 63459000,
        "depreciationAndAmortization": 261016000,
        "ebitda": 190380000,
        "ebitdaratio": 0.1095955706,
        "operatingIncome": 84913000,
        "operatingIncomeRatio": 0.0488816508,
        "totalOtherIncomeExpensesNet": -35442000,
        "incomeBeforeTax": -134095000,
        "incomeBeforeTaxRatio": -0.0771941277,
        "incomeTaxExpense": -36192000,
        "netIncome": -72789000,
        "netIncomeRatio": -0.0419022586,
        "eps": -12.54,
        "epsdiluted": -12.54,
        "weightedAverageShsOut": 5806220,
        "weightedAverageShsOutDil": 5806220,
        "link": "https://www.sec.gov/Archives/edgar/data/1163739/000119312512335005/0001193125-12-335005-index.htm",
        "finalLink": "https://www.sec.gov/Archives/edgar/data/1163739/000119312512335005/d361927d10q.htm"
    },
    {
        "date": "2012-03-31",
        "symbol": "NBR",
        "reportedCurrency": "USD",
        "cik": "0001163739",
        "fillingDate": "2012-05-04",
        "acceptedDate": "2012-05-04 16:45:13",
        "calendarYear": "2012",
        "period": "Q1",
        "revenue": 1890426000,
        "costOfRevenue": 1184816000,
        "grossProfit": 705610000,
        "grossProfitRatio": 0.373254494,
        "researchAndDevelopmentExpenses": 0,
        "generalAndAdministrativeExpenses": 136346000,
        "sellingAndMarketingExpenses": 0,
        "sellingGeneralAndAdministrativeExpenses": 136346000,
        "otherExpenses": 247621000,
        "operatingExpenses": 383967000,
        "costAndExpenses": 1568783000,
        "interestIncome": 0,
        "interestExpense": 62654000,
        "depreciationAndAmortization": 247621000,
        "ebitda": 522727000,
        "ebitdaratio": 0.2765128072,
        "operatingIncome": 252974000,
        "operatingIncomeRatio": 0.133818515,
        "totalOtherIncomeExpensesNet": -40562000,
        "incomeBeforeTax": 212412000,
        "incomeBeforeTaxRatio": 0.1123619756,
        "incomeTaxExpense": 69044000,
        "netIncome": 134090000,
        "netIncomeRatio": 0.0709311023,
        "eps": 23,
        "epsdiluted": 23,
        "weightedAverageShsOut": 5770760,
        "weightedAverageShsOutDil": 5834180,
        "link": "https://www.sec.gov/Archives/edgar/data/1163739/000119312512212143/0001193125-12-212143-index.htm",
        "finalLink": "https://www.sec.gov/Archives/edgar/data/1163739/000119312512212143/d333687d10q.htm"
    },
    {
        "date": "2011-12-31",
        "symbol": "NBR",
        "reportedCurrency": "USD",
        "cik": "0001163739",
        "fillingDate": "2012-02-29",
        "acceptedDate": "2012-02-29 17:20:46",
        "calendarYear": "2011",
        "period": "Q4",
        "revenue": 1734637000,
        "costOfRevenue": 1087994000,
        "grossProfit": 646643000,
        "grossProfitRatio": 0.3727828935,
        "researchAndDevelopmentExpenses": 0,
        "generalAndAdministrativeExpenses": 123414000,
        "sellingAndMarketingExpenses": 8126000,
        "sellingGeneralAndAdministrativeExpenses": 131540000,
        "otherExpenses": 219186000,
        "operatingExpenses": 371297000,
        "costAndExpenses": 1459291000,
        "interestIncome": 0,
        "interestExpense": 60852000,
        "depreciationAndAmortization": 239757000,
        "ebitda": 457925000,
        "ebitdaratio": 0.2639889498,
        "operatingIncome": 399941000,
        "operatingIncomeRatio": 0.2305617832,
        "totalOtherIncomeExpensesNet": -160906000,
        "incomeBeforeTax": 114130000,
        "incomeBeforeTaxRatio": 0.0657947455,
        "incomeTaxExpense": 23845000,
        "netIncome": -105850000,
        "netIncomeRatio": -0.0610214125,
        "eps": -18.4,
        "epsdiluted": -18.19,
        "weightedAverageShsOut": 5751220,
        "weightedAverageShsOutDil": 5819280,
        "link": "https://www.sec.gov/Archives/edgar/data/1163739/000119312512089662/0001193125-12-089662-index.htm",
        "finalLink": "https://www.sec.gov/Archives/edgar/data/1163739/000119312512089662/d268487d10k.htm"
    },
    {
        "date": "2011-09-30",
        "symbol": "NBR",
        "reportedCurrency": "USD",
        "cik": "0001163739",
        "fillingDate": "2011-11-09",
        "acceptedDate": "2011-11-09 16:25:50",
        "calendarYear": "2011",
        "period": "Q3",
        "revenue": 1624791000,
        "costOfRevenue": 1030231000,
        "grossProfit": 594560000,
        "grossProfitRatio": 0.3659301412,
        "researchAndDevelopmentExpenses": 0,
        "generalAndAdministrativeExpenses": 122372000,
        "sellingAndMarketingExpenses": 0,
        "sellingGeneralAndAdministrativeExpenses": 122372000,
        "otherExpenses": 246623000,
        "operatingExpenses": 368995000,
        "costAndExpenses": 1399226000,
        "interestIncome": 0,
        "interestExpense": 57907000,
        "depreciationAndAmortization": 234834000,
        "ebitda": 431272000,
        "ebitdaratio": 0.2654322925,
        "operatingIncome": 161216000,
        "operatingIncomeRatio": 0.0992226077,
        "totalOtherIncomeExpensesNet": -35715000,
        "incomeBeforeTax": 116204000,
        "incomeBeforeTaxRatio": 0.0715193523,
        "incomeTaxExpense": 33250000,
        "netIncome": 74256000,
        "netIncomeRatio": 0.045701878,
        "eps": 13,
        "epsdiluted": 12.5,
        "weightedAverageShsOut": 5749740,
        "weightedAverageShsOutDil": 5839720,
        "link": "https://www.sec.gov/Archives/edgar/data/1163739/000095012311097049/0000950123-11-097049-index.htm",
        "finalLink": "https://www.sec.gov/Archives/edgar/data/1163739/000095012311097049/h84350e10vq.htm"
    },
    {
        "date": "2011-06-30",
        "symbol": "NBR",
        "reportedCurrency": "USD",
        "cik": "0001163739",
        "fillingDate": "2011-08-02",
        "acceptedDate": "2011-08-02 16:28:51",
        "calendarYear": "2011",
        "period": "Q2",
        "revenue": 1354905000,
        "costOfRevenue": 835112000,
        "grossProfit": 519793000,
        "grossProfitRatio": 0.3836379672,
        "researchAndDevelopmentExpenses": 0,
        "generalAndAdministrativeExpenses": 125648000,
        "sellingAndMarketingExpenses": 0,
        "sellingGeneralAndAdministrativeExpenses": 125648000,
        "otherExpenses": 228610000,
        "operatingExpenses": 354258000,
        "costAndExpenses": 1189370000,
        "interestIncome": 0,
        "interestExpense": 63739000,
        "depreciationAndAmortization": 225912000,
        "ebitda": 400887000,
        "ebitdaratio": 0.2958783088,
        "operatingIncome": 174842000,
        "operatingIncomeRatio": 0.1290437337,
        "totalOtherIncomeExpensesNet": -59770000,
        "incomeBeforeTax": 104562000,
        "incomeBeforeTaxRatio": 0.0771729383,
        "incomeTaxExpense": 35664000,
        "netIncome": 192448000,
        "netIncomeRatio": 0.1420380027,
        "eps": 33.5,
        "epsdiluted": 32.5,
        "weightedAverageShsOut": 5746220,
        "weightedAverageShsOutDil": 5885960,
        "link": "https://www.sec.gov/Archives/edgar/data/1163739/000095012311071642/0000950123-11-071642-index.htm",
        "finalLink": "https://www.sec.gov/Archives/edgar/data/1163739/000095012311071642/h82413e10vq.htm"
    },
    {
        "date": "2011-03-31",
        "symbol": "NBR",
        "reportedCurrency": "USD",
        "cik": "0001163739",
        "fillingDate": "2011-05-03",
        "acceptedDate": "2011-05-03 16:28:22",
        "calendarYear": "2011",
        "period": "Q1",
        "revenue": 1381279000,
        "costOfRevenue": 858371000,
        "grossProfit": 522908000,
        "grossProfitRatio": 0.3785679794,
        "researchAndDevelopmentExpenses": 0,
        "generalAndAdministrativeExpenses": 118458000,
        "sellingAndMarketingExpenses": 0,
        "sellingGeneralAndAdministrativeExpenses": 118458000,
        "otherExpenses": 229675000,
        "operatingExpenses": 348133000,
        "costAndExpenses": 1206504000,
        "interestIncome": 0,
        "interestExpense": 73924000,
        "depreciationAndAmortization": 226102000,
        "ebitda": 420724000,
        "ebitdaratio": 0.3045901661,
        "operatingIncome": 100851000,
        "operatingIncomeRatio": 0.0730127657,
        "totalOtherIncomeExpensesNet": -51571000,
        "incomeBeforeTax": 123383000,
        "incomeBeforeTaxRatio": 0.0893251834,
        "incomeTaxExpense": 38307000,
        "netIncome": 82825000,
        "netIncomeRatio": 0.059962542,
        "eps": 14.5,
        "epsdiluted": 14,
        "weightedAverageShsOut": 5722280,
        "weightedAverageShsOutDil": 5853780,
        "link": "https://www.sec.gov/Archives/edgar/data/1163739/000095012311043867/0000950123-11-043867-index.htm",
        "finalLink": "https://www.sec.gov/Archives/edgar/data/1163739/000095012311043867/h80293e10vq.htm"
    },
    {
        "date": "2010-12-31",
        "symbol": "NBR",
        "reportedCurrency": "USD",
        "cik": "0001163739",
        "fillingDate": "2011-03-01",
        "acceptedDate": "2011-03-01 16:43:17",
        "calendarYear": "2010",
        "period": "Q4",
        "revenue": 1331551000,
        "costOfRevenue": 775313000,
        "grossProfit": 556238000,
        "grossProfitRatio": 0.4177369098,
        "researchAndDevelopmentExpenses": 0,
        "generalAndAdministrativeExpenses": 103704000,
        "sellingAndMarketingExpenses": 0,
        "sellingGeneralAndAdministrativeExpenses": 103704000,
        "otherExpenses": 227728000,
        "operatingExpenses": 331432000,
        "costAndExpenses": 1106745000,
        "interestIncome": 0,
        "interestExpense": 74009000,
        "depreciationAndAmortization": 222199000,
        "ebitda": 309173000,
        "ebitdaratio": 0.2321901302,
        "operatingIncome": 224806000,
        "operatingIncomeRatio": 0.1688301837,
        "totalOtherIncomeExpensesNet": -211841000,
        "incomeBeforeTax": 12965000,
        "incomeBeforeTaxRatio": 0.0097367656,
        "incomeTaxExpense": -37968000,
        "netIncome": 50481000,
        "netIncomeRatio": 0.0379114281,
        "eps": 8.82,
        "epsdiluted": 8.82,
        "weightedAverageShsOut": 5708900,
        "weightedAverageShsOutDil": 5722280,
        "link": "https://www.sec.gov/Archives/edgar/data/1163739/000095012311020720/0000950123-11-020720-index.htm",
        "finalLink": "https://www.sec.gov/Archives/edgar/data/1163739/000095012311020720/h78262e10vk.htm"
    },
    {
        "date": "2010-09-30",
        "symbol": "NBR",
        "reportedCurrency": "USD",
        "cik": "0001163739",
        "fillingDate": "2010-11-05",
        "acceptedDate": "2010-11-05 16:27:13",
        "calendarYear": "2010",
        "period": "Q3",
        "revenue": 1080370000,
        "costOfRevenue": 625561000,
        "grossProfit": 454809000,
        "grossProfitRatio": 0.4209752215,
        "researchAndDevelopmentExpenses": 0,
        "generalAndAdministrativeExpenses": 87194000,
        "sellingAndMarketingExpenses": 0,
        "sellingGeneralAndAdministrativeExpenses": 87194000,
        "otherExpenses": 203929000,
        "operatingExpenses": 300530000,
        "costAndExpenses": 926091000,
        "interestIncome": 0,
        "interestExpense": 66973000,
        "depreciationAndAmortization": 198151000,
        "ebitda": 358208000,
        "ebitdaratio": 0.3315604839,
        "operatingIncome": 41320000,
        "operatingIncomeRatio": 0.0382461564,
        "totalOtherIncomeExpensesNet": -77113000,
        "incomeBeforeTax": -35793000,
        "incomeBeforeTaxRatio": -0.0331303165,
        "incomeTaxExpense": -4230000,
        "netIncome": -39607000,
        "netIncomeRatio": -0.0366605885,
        "eps": -6.94,
        "epsdiluted": -6.94,
        "weightedAverageShsOut": 5705640,
        "weightedAverageShsOutDil": 5705640,
        "link": "https://www.sec.gov/Archives/edgar/data/1163739/000095012310101722/0000950123-10-101722-index.htm",
        "finalLink": "https://www.sec.gov/Archives/edgar/data/1163739/000095012310101722/h76974e10vq.htm"
    },
    {
        "date": "2010-06-30",
        "symbol": "NBR",
        "reportedCurrency": "USD",
        "cik": "0001163739",
        "fillingDate": "2010-08-09",
        "acceptedDate": "2010-08-09 14:52:00",
        "calendarYear": "2010",
        "period": "Q2",
        "revenue": 917801000,
        "costOfRevenue": 524240000,
        "grossProfit": 393561000,
        "grossProfitRatio": 0.4288086415,
        "researchAndDevelopmentExpenses": 0,
        "generalAndAdministrativeExpenses": 80996000,
        "sellingAndMarketingExpenses": 0,
        "sellingGeneralAndAdministrativeExpenses": 80996000,
        "otherExpenses": 196075000,
        "operatingExpenses": 277071000,
        "costAndExpenses": 801311000,
        "interestIncome": 0,
        "interestExpense": 65226000,
        "depreciationAndAmortization": 176201000,
        "ebitda": 303181000,
        "ebitdaratio": 0.3303341356,
        "operatingIncome": 116590000,
        "operatingIncomeRatio": 0.1270318947,
        "totalOtherIncomeExpensesNet": -65158000,
        "incomeBeforeTax": 51264000,
        "incomeBeforeTaxRatio": 0.0558552453,
        "incomeTaxExpense": 8202000,
        "netIncome": 43621000,
        "netIncomeRatio": 0.047527732,
        "eps": 7.5,
        "epsdiluted": 7.5,
        "weightedAverageShsOut": 5703620,
        "weightedAverageShsOutDil": 5795920,
        "link": "https://www.sec.gov/Archives/edgar/data/1163739/000095012310074926/0000950123-10-074926-index.htm",
        "finalLink": "https://www.sec.gov/Archives/edgar/data/1163739/000095012310074926/h74574e10vq.htm"
    },
    {
        "date": "2010-03-31",
        "symbol": "NBR",
        "reportedCurrency": "USD",
        "cik": "0001163739",
        "fillingDate": "2010-04-29",
        "acceptedDate": "2010-04-29 16:34:20",
        "calendarYear": "2010",
        "period": "Q1",
        "revenue": 903350000,
        "costOfRevenue": 512402000,
        "grossProfit": 390948000,
        "grossProfitRatio": 0.432775779,
        "researchAndDevelopmentExpenses": 0,
        "generalAndAdministrativeExpenses": 75823000,
        "sellingAndMarketingExpenses": 0,
        "sellingGeneralAndAdministrativeExpenses": 75823000,
        "otherExpenses": 199338000,
        "operatingExpenses": 275161000,
        "costAndExpenses": 787563000,
        "interestIncome": 0,
        "interestExpense": 66745000,
        "depreciationAndAmortization": 172274000,
        "ebitda": 297907000,
        "ebitdaratio": 0.3297802624,
        "operatingIncome": 115787000,
        "operatingIncomeRatio": 0.1281751259,
        "totalOtherIncomeExpensesNet": -63678000,
        "incomeBeforeTax": 49042000,
        "incomeBeforeTaxRatio": 0.0542890353,
        "incomeTaxExpense": 9944000,
        "netIncome": 40200000,
        "netIncomeRatio": 0.044501024,
        "eps": 7,
        "epsdiluted": 7,
        "weightedAverageShsOut": 5693440,
        "weightedAverageShsOutDil": 5814720,
        "link": "https://www.sec.gov/Archives/edgar/data/1163739/000095012310040646/0000950123-10-040646-index.htm",
        "finalLink": "https://www.sec.gov/Archives/edgar/data/1163739/000095012310040646/h72532e10vq.htm"
    },
    {
        "date": "2009-12-31",
        "symbol": "NBR",
        "reportedCurrency": "USD",
        "cik": "0001163739",
        "fillingDate": "2010-02-26",
        "acceptedDate": "2010-02-26 17:09:23",
        "calendarYear": "2009",
        "period": "Q4",
        "revenue": 679115000,
        "costOfRevenue": 460267000,
        "grossProfit": 218848000,
        "grossProfitRatio": 0.3222546991,
        "researchAndDevelopmentExpenses": 0,
        "generalAndAdministrativeExpenses": 76462000,
        "sellingAndMarketingExpenses": 0,
        "sellingGeneralAndAdministrativeExpenses": 76462000,
        "otherExpenses": 183929000,
        "operatingExpenses": 260391000,
        "costAndExpenses": 720658000,
        "interestIncome": 0,
        "interestExpense": 65172000,
        "depreciationAndAmortization": 172053000,
        "ebitda": 6542000,
        "ebitdaratio": 0.0096331255,
        "operatingIncome": -41543000,
        "operatingIncomeRatio": -0.061172261,
        "totalOtherIncomeExpensesNet": -177218000,
        "incomeBeforeTax": -218761000,
        "incomeBeforeTaxRatio": -0.3221265912,
        "incomeTaxExpense": -171159000,
        "netIncome": -47260000,
        "netIncomeRatio": -0.0695905701,
        "eps": -8.32,
        "epsdiluted": -8.3,
        "weightedAverageShsOut": 5677080,
        "weightedAverageShsOutDil": 5693440,
        "link": "https://www.sec.gov/Archives/edgar/data/1163739/000095012310018307/0000950123-10-018307-index.htm",
        "finalLink": "https://www.sec.gov/Archives/edgar/data/1163739/000095012310018307/h69019e10vk.htm"
    },
    {
        "date": "2009-09-30",
        "symbol": "NBR",
        "reportedCurrency": "USD",
        "cik": "0001163739",
        "fillingDate": "2009-10-30",
        "acceptedDate": "2009-10-30 15:48:39",
        "calendarYear": "2009",
        "period": "Q3",
        "revenue": 803567000,
        "costOfRevenue": 432876000,
        "grossProfit": 370691000,
        "grossProfitRatio": 0.4613068979,
        "researchAndDevelopmentExpenses": 0,
        "generalAndAdministrativeExpenses": 82050000,
        "sellingAndMarketingExpenses": 0,
        "sellingGeneralAndAdministrativeExpenses": 82050000,
        "otherExpenses": 188885000,
        "operatingExpenses": 270935000,
        "costAndExpenses": 703811000,
        "interestIncome": 0,
        "interestExpense": 66671000,
        "depreciationAndAmortization": 174372000,
        "ebitda": 274128000,
        "ebitdaratio": 0.3411389467,
        "operatingIncome": 99756000,
        "operatingIncomeRatio": 0.1241414842,
        "totalOtherIncomeExpensesNet": -61558000,
        "incomeBeforeTax": 33085000,
        "incomeBeforeTaxRatio": 0.0411726714,
        "incomeTaxExpense": 3555000,
        "netIncome": 29530000,
        "netIncomeRatio": 0.036748647,
        "eps": 5,
        "epsdiluted": 5,
        "weightedAverageShsOut": 5663940,
        "weightedAverageShsOutDil": 5748140,
        "link": "https://www.sec.gov/Archives/edgar/data/1163739/000095012309055534/0000950123-09-055534-index.htm",
        "finalLink": "https://www.sec.gov/Archives/edgar/data/1163739/000095012309055534/h67775e10vq.htm"
    },
    {
        "date": "2009-06-30",
        "symbol": "NBR",
        "reportedCurrency": "USD",
        "cik": "0001163739",
        "fillingDate": "2009-07-31",
        "acceptedDate": "2009-07-31 17:17:55",
        "calendarYear": "2009",
        "period": "Q2",
        "revenue": 877990000,
        "costOfRevenue": 453922000,
        "grossProfit": 424068000,
        "grossProfitRatio": 0.4829986674,
        "researchAndDevelopmentExpenses": 0,
        "generalAndAdministrativeExpenses": 163808000,
        "sellingAndMarketingExpenses": 0,
        "sellingGeneralAndAdministrativeExpenses": 163808000,
        "otherExpenses": 175033000,
        "operatingExpenses": 338841000,
        "costAndExpenses": 792763000,
        "interestIncome": 0,
        "interestExpense": 66027000,
        "depreciationAndAmortization": 165974000,
        "ebitda": 24118000,
        "ebitdaratio": 0.0274695612,
        "operatingIncome": 85227000,
        "operatingIncomeRatio": 0.0970705817,
        "totalOtherIncomeExpensesNet": -293110000,
        "incomeBeforeTax": -207883000,
        "incomeBeforeTaxRatio": -0.2367714894,
        "incomeTaxExpense": -14897000,
        "netIncome": -192986000,
        "netIncomeRatio": -0.2198043258,
        "eps": -34.08,
        "epsdiluted": -34.08,
        "weightedAverageShsOut": 5663080,
        "weightedAverageShsOutDil": 5663080,
        "link": "https://www.sec.gov/Archives/edgar/data/1163739/000095012309028453/0000950123-09-028453-index.htm",
        "finalLink": "https://www.sec.gov/Archives/edgar/data/1163739/000095012309028453/h67474e10vq.htm"
    },
    {
        "date": "2009-03-31",
        "symbol": "NBR",
        "reportedCurrency": "USD",
        "cik": "0001163739",
        "fillingDate": "2009-05-11",
        "acceptedDate": "2009-05-11 15:57:11",
        "calendarYear": "2009",
        "period": "Q1",
        "revenue": 1142759000,
        "costOfRevenue": 665287000,
        "grossProfit": 477472000,
        "grossProfitRatio": 0.4178238806,
        "researchAndDevelopmentExpenses": 0,
        "generalAndAdministrativeExpenses": 107343000,
        "sellingAndMarketingExpenses": 0,
        "sellingGeneralAndAdministrativeExpenses": 107343000,
        "otherExpenses": 161905000,
        "operatingExpenses": 269248000,
        "costAndExpenses": 934535000,
        "interestIncome": 0,
        "interestExpense": 67078000,
        "depreciationAndAmortization": 161954000,
        "ebitda": 370178000,
        "ebitdaratio": 0.3239335678,
        "operatingIncome": 208224000,
        "operatingIncomeRatio": 0.1822116474,
        "totalOtherIncomeExpensesNet": -67078000,
        "incomeBeforeTax": 158443000,
        "incomeBeforeTaxRatio": 0.1386495315,
        "incomeTaxExpense": 33273000,
        "netIncome": 125170000,
        "netIncomeRatio": 0.1095331562,
        "eps": 22,
        "epsdiluted": 22,
        "weightedAverageShsOut": 5661960,
        "weightedAverageShsOutDil": 5662380,
        "link": "https://www.sec.gov/Archives/edgar/data/1163739/000095012909001586/0000950129-09-001586-index.htm",
        "finalLink": "https://www.sec.gov/Archives/edgar/data/1163739/000095012909001586/h66692e10vq.htm"
    },
    {
        "date": "2008-12-31",
        "symbol": "NBR",
        "reportedCurrency": "USD",
        "cik": "0001163739",
        "fillingDate": "2009-03-02",
        "acceptedDate": "2009-03-02 06:15:29",
        "calendarYear": "2008",
        "period": "Q4",
        "revenue": 1238515000,
        "costOfRevenue": 816835000,
        "grossProfit": 421680000,
        "grossProfitRatio": 0.3404722591,
        "researchAndDevelopmentExpenses": 0,
        "generalAndAdministrativeExpenses": 129101000,
        "sellingAndMarketingExpenses": 0,
        "sellingGeneralAndAdministrativeExpenses": 129101000,
        "otherExpenses": 184520000,
        "operatingExpenses": 313621000,
        "costAndExpenses": 1130456000,
        "interestIncome": 0,
        "interestExpense": 300362000,
        "depreciationAndAmortization": 194311000,
        "ebitda": 436334000,
        "ebitdaratio": 0.3523041707,
        "operatingIncome": 242023000,
        "operatingIncomeRatio": 0.1954138626,
        "totalOtherIncomeExpensesNet": -166398000,
        "incomeBeforeTax": -58339000,
        "incomeBeforeTaxRatio": -0.0471039915,
        "incomeTaxExpense": 25654000,
        "netIncome": -83993000,
        "netIncomeRatio": -0.0678175073,
        "eps": -14.83,
        "epsdiluted": -14.83,
        "weightedAverageShsOut": 5661960,
        "weightedAverageShsOutDil": 5661960,
        "link": "https://www.sec.gov/Archives/edgar/data/1163739/000095013409004091/0000950134-09-004091-index.htm",
        "finalLink": "https://www.sec.gov/Archives/edgar/data/1163739/000095013409004091/h65934e10vk.htm"
    },
    {
        "date": "2008-09-30",
        "symbol": "NBR",
        "reportedCurrency": "USD",
        "cik": "0001163739",
        "fillingDate": "2008-10-31",
        "acceptedDate": "2008-10-31 17:30:18",
        "calendarYear": "2008",
        "period": "Q3",
        "revenue": 1454562000,
        "costOfRevenue": 805533000,
        "grossProfit": 649029000,
        "grossProfitRatio": 0.4462023619,
        "researchAndDevelopmentExpenses": 0,
        "generalAndAdministrativeExpenses": 122648000,
        "sellingAndMarketingExpenses": 0,
        "sellingGeneralAndAdministrativeExpenses": 122648000,
        "otherExpenses": 168996000,
        "operatingExpenses": 291644000,
        "costAndExpenses": 1097177000,
        "interestIncome": 0,
        "interestExpense": 89019000,
        "depreciationAndAmortization": 163770000,
        "ebitda": 493548000,
        "ebitdaratio": 0.3393103903,
        "operatingIncome": 395721000,
        "operatingIncomeRatio": 0.2720550929,
        "totalOtherIncomeExpensesNet": -50683000,
        "incomeBeforeTax": 306702000,
        "incomeBeforeTaxRatio": 0.2108552265,
        "incomeTaxExpense": 96403000,
        "netIncome": 210299000,
        "netIncomeRatio": 0.1445789179,
        "eps": 37.5,
        "epsdiluted": 36.5,
        "weightedAverageShsOut": 5587460,
        "weightedAverageShsOutDil": 5751800,
        "link": "https://www.sec.gov/Archives/edgar/data/1163739/000095012908005396/0000950129-08-005396-index.htm",
        "finalLink": "https://www.sec.gov/Archives/edgar/data/1163739/000095012908005396/h64719e10vq.htm"
    },
    {
        "date": "2008-06-30",
        "symbol": "NBR",
        "reportedCurrency": "USD",
        "cik": "0001163739",
        "fillingDate": "2008-08-01",
        "acceptedDate": "2008-08-01 16:33:42",
        "calendarYear": "2008",
        "period": "Q2",
        "revenue": 1303424000,
        "costOfRevenue": 740178000,
        "grossProfit": 563246000,
        "grossProfitRatio": 0.4321279952,
        "researchAndDevelopmentExpenses": 0,
        "generalAndAdministrativeExpenses": 116914000,
        "sellingAndMarketingExpenses": 0,
        "sellingGeneralAndAdministrativeExpenses": 116914000,
        "otherExpenses": 155366000,
        "operatingExpenses": 272280000,
        "costAndExpenses": 1012458000,
        "interestIncome": 0,
        "interestExpense": 2935000,
        "depreciationAndAmortization": 158140000,
        "ebitda": 427207000,
        "ebitdaratio": 0.3277575064,
        "operatingIncome": 269067000,
        "operatingIncomeRatio": 0.2064309081,
        "totalOtherIncomeExpensesNet": -24834000,
        "incomeBeforeTax": 266132000,
        "incomeBeforeTaxRatio": 0.2041791466,
        "incomeTaxExpense": 71771000,
        "netIncome": 194361000,
        "netIncomeRatio": 0.1491157137,
        "eps": 35,
        "epsdiluted": 33.5,
        "weightedAverageShsOut": 5554380,
        "weightedAverageShsOutDil": 5829080,
        "link": "https://www.sec.gov/Archives/edgar/data/1163739/000095012908004198/0000950129-08-004198-index.htm",
        "finalLink": "https://www.sec.gov/Archives/edgar/data/1163739/000095012908004198/h58891e10vq.htm"
    },
    {
        "date": "2008-03-31",
        "symbol": "NBR",
        "reportedCurrency": "USD",
        "cik": "0001163739",
        "fillingDate": "2008-05-02",
        "acceptedDate": "2008-05-02 17:00:13",
        "calendarYear": "2008",
        "period": "Q1",
        "revenue": 1299858000,
        "costOfRevenue": 747770000,
        "grossProfit": 552088000,
        "grossProfitRatio": 0.4247294704,
        "researchAndDevelopmentExpenses": 0,
        "generalAndAdministrativeExpenses": 111321000,
        "sellingAndMarketingExpenses": 0,
        "sellingGeneralAndAdministrativeExpenses": 111321000,
        "otherExpenses": 149163000,
        "operatingExpenses": 260484000,
        "costAndExpenses": 1008254000,
        "interestIncome": 0,
        "interestExpense": 0,
        "depreciationAndAmortization": 152017000,
        "ebitda": 436955000,
        "ebitdaratio": 0.3361559493,
        "operatingIncome": 284938000,
        "operatingIncomeRatio": 0.2192070211,
        "totalOtherIncomeExpensesNet": -4475000,
        "incomeBeforeTax": 287129000,
        "incomeBeforeTaxRatio": 0.2208925898,
        "incomeTaxExpense": 56623000,
        "netIncome": 230506000,
        "netIncomeRatio": 0.1773316778,
        "eps": 41.5,
        "epsdiluted": 40.5,
        "weightedAverageShsOut": 5551680,
        "weightedAverageShsOutDil": 5667220,
        "link": "https://www.sec.gov/Archives/edgar/data/1163739/000095012908002661/0000950129-08-002661-index.htm",
        "finalLink": "https://www.sec.gov/Archives/edgar/data/1163739/000095012908002661/h56266e10vq.htm"
    },
    {
        "date": "2007-12-31",
        "symbol": "NBR",
        "reportedCurrency": "USD",
        "cik": "0001163739",
        "fillingDate": "2008-02-28",
        "acceptedDate": "2008-02-28 16:55:21",
        "calendarYear": "2007",
        "period": "Q4",
        "revenue": 1319685000,
        "costOfRevenue": 721100000,
        "grossProfit": 598585000,
        "grossProfitRatio": 0.4535817259,
        "researchAndDevelopmentExpenses": 0,
        "generalAndAdministrativeExpenses": 116458000,
        "sellingAndMarketingExpenses": 0,
        "sellingGeneralAndAdministrativeExpenses": 116458000,
        "otherExpenses": 171525000,
        "operatingExpenses": 287983000,
        "costAndExpenses": 1009083000,
        "interestIncome": 0,
        "interestExpense": 88838000,
        "depreciationAndAmortization": 174241000,
        "ebitda": 543557000,
        "ebitdaratio": 0.4118838965,
        "operatingIncome": 369316000,
        "operatingIncomeRatio": 0.2798516313,
        "totalOtherIncomeExpensesNet": -30124000,
        "incomeBeforeTax": 280478000,
        "incomeBeforeTaxRatio": 0.2125340517,
        "incomeTaxExpense": 58326000,
        "netIncome": 222152000,
        "netIncomeRatio": 0.1683371411,
        "eps": 40.02,
        "epsdiluted": 40.02,
        "weightedAverageShsOut": 5551680,
        "weightedAverageShsOutDil": 5551680,
        "link": "https://www.sec.gov/Archives/edgar/data/1163739/000095012908001323/0000950129-08-001323-index.htm",
        "finalLink": "https://www.sec.gov/Archives/edgar/data/1163739/000095012908001323/h54178e10vk.htm"
    },
    {
        "date": "2007-09-30",
        "symbol": "NBR",
        "reportedCurrency": "USD",
        "cik": "0001163739",
        "fillingDate": "2007-11-01",
        "acceptedDate": "2007-11-01 10:56:37",
        "calendarYear": "2007",
        "period": "Q3",
        "revenue": 1250299000,
        "costOfRevenue": 722058000,
        "grossProfit": 528241000,
        "grossProfitRatio": 0.42249174,
        "researchAndDevelopmentExpenses": 0,
        "generalAndAdministrativeExpenses": 105975000,
        "sellingAndMarketingExpenses": 0,
        "sellingGeneralAndAdministrativeExpenses": 105975000,
        "otherExpenses": 137622000,
        "operatingExpenses": 243597000,
        "costAndExpenses": 965655000,
        "interestIncome": 0,
        "interestExpense": 104476000,
        "depreciationAndAmortization": 141489000,
        "ebitda": 484123000,
        "ebitdaratio": 0.3872057804,
        "operatingIncome": 342634000,
        "operatingIncomeRatio": 0.2740416492,
        "totalOtherIncomeExpensesNet": -68751000,
        "incomeBeforeTax": 215893000,
        "incomeBeforeTaxRatio": 0.1726730966,
        "incomeTaxExpense": 20130000,
        "netIncome": 218028000,
        "netIncomeRatio": 0.1743806881,
        "eps": 39,
        "epsdiluted": 38,
        "weightedAverageShsOut": 5603040,
        "weightedAverageShsOutDil": 5759380,
        "link": "https://www.sec.gov/Archives/edgar/data/1163739/000095012907005225/0000950129-07-005225-index.htm",
        "finalLink": "https://www.sec.gov/Archives/edgar/data/1163739/000095012907005225/h50904e10vq.htm"
    },
    {
        "date": "2007-06-30",
        "symbol": "NBR",
        "reportedCurrency": "USD",
        "cik": "0001163739",
        "fillingDate": "2007-08-03",
        "acceptedDate": "2007-08-02 18:45:28",
        "calendarYear": "2007",
        "period": "Q2",
        "revenue": 1162773000,
        "costOfRevenue": 649969000,
        "grossProfit": 512804000,
        "grossProfitRatio": 0.4410181523,
        "researchAndDevelopmentExpenses": 0,
        "generalAndAdministrativeExpenses": 100989000,
        "sellingAndMarketingExpenses": 0,
        "sellingGeneralAndAdministrativeExpenses": 100989000,
        "otherExpenses": 122148000,
        "operatingExpenses": 223137000,
        "costAndExpenses": 873106000,
        "interestIncome": 0,
        "interestExpense": 0,
        "depreciationAndAmortization": 124983000,
        "ebitda": 384412000,
        "ebitdaratio": 0.3305993517,
        "operatingIncome": 259429000,
        "operatingIncomeRatio": 0.2231123358,
        "totalOtherIncomeExpensesNet": 37732000,
        "incomeBeforeTax": 309625000,
        "incomeBeforeTaxRatio": 0.2662815528,
        "incomeTaxExpense": 81276000,
        "netIncome": 228349000,
        "netIncomeRatio": 0.196383129,
        "eps": 41,
        "epsdiluted": 39.5,
        "weightedAverageShsOut": 5585060,
        "weightedAverageShsOutDil": 5757960,
        "link": "https://www.sec.gov/Archives/edgar/data/1163739/000095013407016638/0000950134-07-016638-index.htm",
        "finalLink": "https://www.sec.gov/Archives/edgar/data/1163739/000095013407016638/h48599e10vq.htm"
    },
    {
        "date": "2007-03-31",
        "symbol": "NBR",
        "reportedCurrency": "USD",
        "cik": "0001163739",
        "fillingDate": "2007-05-09",
        "acceptedDate": "2007-05-08 19:02:34",
        "calendarYear": "2007",
        "period": "Q1",
        "revenue": 1260643000,
        "costOfRevenue": 697304000,
        "grossProfit": 563339000,
        "grossProfitRatio": 0.4468664007,
        "researchAndDevelopmentExpenses": 0,
        "generalAndAdministrativeExpenses": 114974000,
        "sellingAndMarketingExpenses": 0,
        "sellingGeneralAndAdministrativeExpenses": 114974000,
        "otherExpenses": 111853000,
        "operatingExpenses": 226827000,
        "costAndExpenses": 924131000,
        "interestIncome": 0,
        "interestExpense": 0,
        "depreciationAndAmortization": 114684000,
        "ebitda": 465234000,
        "ebitdaratio": 0.3690450032,
        "operatingIncome": 350550000,
        "operatingIncomeRatio": 0.2780723805,
        "totalOtherIncomeExpensesNet": -8751000,
        "incomeBeforeTax": 350575000,
        "incomeBeforeTaxRatio": 0.2780922117,
        "incomeTaxExpense": 88413000,
        "netIncome": 262162000,
        "netIncomeRatio": 0.2079589543,
        "eps": 47.5,
        "epsdiluted": 46,
        "weightedAverageShsOut": 5538840,
        "weightedAverageShsOutDil": 5696280,
        "link": "https://www.sec.gov/Archives/edgar/data/1163739/000095012907002372/0000950129-07-002372-index.htm",
        "finalLink": "https://www.sec.gov/Archives/edgar/data/1163739/000095012907002372/h46336e10vq.htm"
    },
    {
        "date": "2006-12-31",
        "symbol": "NBR",
        "reportedCurrency": "USD",
        "cik": "0001163739",
        "fillingDate": "2007-03-01",
        "acceptedDate": "2007-03-01 17:03:30",
        "calendarYear": "2006",
        "period": "Q4",
        "revenue": 1329082000,
        "costOfRevenue": 690631000,
        "grossProfit": 638451000,
        "grossProfitRatio": 0.4803699095,
        "researchAndDevelopmentExpenses": 0,
        "generalAndAdministrativeExpenses": 150458000,
        "sellingAndMarketingExpenses": 0,
        "sellingGeneralAndAdministrativeExpenses": 150458000,
        "otherExpenses": 114155000,
        "operatingExpenses": 264613000,
        "costAndExpenses": 955244000,
        "interestIncome": 0,
        "interestExpense": 0,
        "depreciationAndAmortization": 116964000,
        "ebitda": 455745000,
        "ebitdaratio": 0.3429020933,
        "operatingIncome": 338781000,
        "operatingIncomeRatio": 0.2548984938,
        "totalOtherIncomeExpensesNet": -24947000,
        "incomeBeforeTax": 348891000,
        "incomeBeforeTaxRatio": 0.262505248,
        "incomeTaxExpense": 111102000,
        "netIncome": 237789000,
        "netIncomeRatio": 0.1789122116,
        "eps": 42.93,
        "epsdiluted": 42.93,
        "weightedAverageShsOut": 5520060,
        "weightedAverageShsOutDil": 5538840,
        "link": "https://www.sec.gov/Archives/edgar/data/1163739/000095012907001102/0000950129-07-001102-index.htm",
        "finalLink": "https://www.sec.gov/Archives/edgar/data/1163739/000095012907001102/h44035e10vk.htm"
    },
    {
        "date": "2006-09-30",
        "symbol": "NBR",
        "reportedCurrency": "USD",
        "cik": "0001163739",
        "fillingDate": "2006-11-02",
        "acceptedDate": "2006-11-02 16:01:10",
        "calendarYear": "2006",
        "period": "Q3",
        "revenue": 1287339000,
        "costOfRevenue": 670326000,
        "grossProfit": 617013000,
        "grossProfitRatio": 0.479293333,
        "researchAndDevelopmentExpenses": 0,
        "generalAndAdministrativeExpenses": 93769000,
        "sellingAndMarketingExpenses": 0,
        "sellingGeneralAndAdministrativeExpenses": 93769000,
        "otherExpenses": 105287000,
        "operatingExpenses": 199056000,
        "costAndExpenses": 869382000,
        "interestIncome": 0,
        "interestExpense": 22303000,
        "depreciationAndAmortization": 108077000,
        "ebitda": 530318000,
        "ebitdaratio": 0.4119489893,
        "operatingIncome": 422241000,
        "operatingIncomeRatio": 0.3279951901,
        "totalOtherIncomeExpensesNet": -34664000,
        "incomeBeforeTax": 399938000,
        "incomeBeforeTaxRatio": 0.3106703052,
        "incomeTaxExpense": 107187000,
        "netIncome": 292751000,
        "netIncomeRatio": 0.2274078545,
        "eps": 52.5,
        "epsdiluted": 51,
        "weightedAverageShsOut": 5551060,
        "weightedAverageShsOutDil": 5730880,
        "link": "https://www.sec.gov/Archives/edgar/data/1163739/000095012906009335/0000950129-06-009335-index.htm",
        "finalLink": "https://www.sec.gov/Archives/edgar/data/1163739/000095012906009335/h40725e10vq.htm"
    },
    {
        "date": "2006-06-30",
        "symbol": "NBR",
        "reportedCurrency": "USD",
        "cik": "0001163739",
        "fillingDate": "2006-08-03",
        "acceptedDate": "2006-08-03 15:44:08",
        "calendarYear": "2006",
        "period": "Q2",
        "revenue": 1144098000,
        "costOfRevenue": 594226000,
        "grossProfit": 549872000,
        "grossProfitRatio": 0.480616171,
        "researchAndDevelopmentExpenses": 0,
        "generalAndAdministrativeExpenses": 87830000,
        "sellingAndMarketingExpenses": 0,
        "sellingGeneralAndAdministrativeExpenses": 87830000,
        "otherExpenses": 95859000,
        "operatingExpenses": 183689000,
        "costAndExpenses": 777915000,
        "interestIncome": 0,
        "interestExpense": 20600000,
        "depreciationAndAmortization": 97818000,
        "ebitda": 468217000,
        "ebitdaratio": 0.4092455367,
        "operatingIncome": 370399000,
        "operatingIncomeRatio": 0.323747616,
        "totalOtherIncomeExpensesNet": -16384000,
        "incomeBeforeTax": 349799000,
        "incomeBeforeTaxRatio": 0.3057421654,
        "incomeTaxExpense": 116366000,
        "netIncome": 233433000,
        "netIncomeRatio": 0.2040323469,
        "eps": 39.5,
        "epsdiluted": 38.5,
        "weightedAverageShsOut": 5888380,
        "weightedAverageShsOutDil": 6087880,
        "link": "https://www.sec.gov/Archives/edgar/data/1163739/000095012906007512/0000950129-06-007512-index.htm",
        "finalLink": "https://www.sec.gov/Archives/edgar/data/1163739/000095012906007512/h38324e10vq.htm"
    },
    {
        "date": "2006-03-31",
        "symbol": "NBR",
        "reportedCurrency": "USD",
        "cik": "0001163739",
        "fillingDate": "2006-05-10",
        "acceptedDate": "2006-05-10 12:37:02",
        "calendarYear": "2006",
        "period": "Q1",
        "revenue": 1182195000,
        "costOfRevenue": 614617000,
        "grossProfit": 567578000,
        "grossProfitRatio": 0.480105228,
        "researchAndDevelopmentExpenses": 0,
        "generalAndAdministrativeExpenses": 88797000,
        "sellingAndMarketingExpenses": 0,
        "sellingGeneralAndAdministrativeExpenses": 88797000,
        "otherExpenses": 94406000,
        "operatingExpenses": 183203000,
        "costAndExpenses": 797820000,
        "interestIncome": 0,
        "interestExpense": 16113000,
        "depreciationAndAmortization": 97926000,
        "ebitda": 486330000,
        "ebitdaratio": 0.4113788334,
        "operatingIncome": 388404000,
        "operatingIncomeRatio": 0.3285447832,
        "totalOtherIncomeExpensesNet": -12084000,
        "incomeBeforeTax": 372291000,
        "incomeBeforeTaxRatio": 0.3149150521,
        "incomeTaxExpense": 115528000,
        "netIncome": 256763000,
        "netIncomeRatio": 0.2171917492,
        "eps": 41,
        "epsdiluted": 39.5,
        "weightedAverageShsOut": 6259800,
        "weightedAverageShsOutDil": 6490720,
        "link": "https://www.sec.gov/Archives/edgar/data/1163739/000095012906005255/0000950129-06-005255-index.htm",
        "finalLink": "https://www.sec.gov/Archives/edgar/data/1163739/000095012906005255/h35661e10vq.htm"
    },
    {
        "date": "2005-12-31",
        "symbol": "NBR",
        "reportedCurrency": "USD",
        "cik": "0001163739",
        "fillingDate": "2006-03-16",
        "acceptedDate": "2006-03-16 16:03:08",
        "calendarYear": "2005",
        "period": "Q4",
        "revenue": 1046848000,
        "costOfRevenue": 567505000,
        "grossProfit": 479343000,
        "grossProfitRatio": 0.4578916901,
        "researchAndDevelopmentExpenses": 0,
        "generalAndAdministrativeExpenses": 65648000,
        "sellingAndMarketingExpenses": 0,
        "sellingGeneralAndAdministrativeExpenses": 65648000,
        "otherExpenses": 90644000,
        "operatingExpenses": 156292000,
        "costAndExpenses": 723797000,
        "interestIncome": 0,
        "interestExpense": 67435000,
        "depreciationAndAmortization": 102724000,
        "ebitda": 458966000,
        "ebitdaratio": 0.4384265911,
        "operatingIncome": 356242000,
        "operatingIncomeRatio": 0.3402996424,
        "totalOtherIncomeExpensesNet": -34244000,
        "incomeBeforeTax": 288807000,
        "incomeBeforeTaxRatio": 0.2758824586,
        "incomeTaxExpense": 78188000,
        "netIncome": 210619000,
        "netIncomeRatio": 0.2011934875,
        "eps": 33.65,
        "epsdiluted": 33.65,
        "weightedAverageShsOut": 6259800,
        "weightedAverageShsOutDil": 6259800,
        "link": "https://www.sec.gov/Archives/edgar/data/1163739/000095012906002741/0000950129-06-002741-index.htm",
        "finalLink": "https://www.sec.gov/Archives/edgar/data/1163739/000095012906002741/h33321e10vk.htm"
    },
    {
        "date": "2005-09-30",
        "symbol": "NBR",
        "reportedCurrency": "USD",
        "cik": "0001163739",
        "fillingDate": "2005-11-02",
        "acceptedDate": "2005-11-02 16:34:36",
        "calendarYear": "2005",
        "period": "Q3",
        "revenue": 920523000,
        "costOfRevenue": 500552000,
        "grossProfit": 419971000,
        "grossProfitRatio": 0.4562308601,
        "researchAndDevelopmentExpenses": 0,
        "generalAndAdministrativeExpenses": 65879000,
        "sellingAndMarketingExpenses": 0,
        "sellingGeneralAndAdministrativeExpenses": 65879000,
        "otherExpenses": 85022000,
        "operatingExpenses": 150901000,
        "costAndExpenses": 651453000,
        "interestIncome": 0,
        "interestExpense": 15385000,
        "depreciationAndAmortization": 89110000,
        "ebitda": 346686000,
        "ebitdaratio": 0.3766185093,
        "operatingIncome": 257576000,
        "operatingIncomeRatio": 0.2798148444,
        "totalOtherIncomeExpensesNet": -26879000,
        "incomeBeforeTax": 242191000,
        "incomeBeforeTaxRatio": 0.2631015195,
        "incomeTaxExpense": 63334000,
        "netIncome": 178857000,
        "netIncomeRatio": 0.1942993277,
        "eps": 28.5,
        "epsdiluted": 27.5,
        "weightedAverageShsOut": 6288380,
        "weightedAverageShsOutDil": 6474000,
        "link": "https://www.sec.gov/Archives/edgar/data/1163739/000095012905010434/0000950129-05-010434-index.htm",
        "finalLink": "https://www.sec.gov/Archives/edgar/data/1163739/000095012905010434/h29792e10vq.txt"
    },
    {
        "date": "2005-06-30",
        "symbol": "NBR",
        "reportedCurrency": "USD",
        "cik": "0001163739",
        "fillingDate": "2005-08-03",
        "acceptedDate": "2005-08-03 13:27:17",
        "calendarYear": "2005",
        "period": "Q2",
        "revenue": 786119000,
        "costOfRevenue": 454584000,
        "grossProfit": 331535000,
        "grossProfitRatio": 0.4217364038,
        "researchAndDevelopmentExpenses": 0,
        "generalAndAdministrativeExpenses": 59805000,
        "sellingAndMarketingExpenses": 0,
        "sellingGeneralAndAdministrativeExpenses": 59805000,
        "otherExpenses": 82325000,
        "operatingExpenses": 142130000,
        "costAndExpenses": 596714000,
        "interestIncome": 0,
        "interestExpense": 19779000,
        "depreciationAndAmortization": 102561000,
        "ebitda": 296189000,
        "ebitdaratio": 0.3767737455,
        "operatingIncome": 193628000,
        "operatingIncomeRatio": 0.246308765,
        "totalOtherIncomeExpensesNet": -15556000,
        "incomeBeforeTax": 173849000,
        "incomeBeforeTaxRatio": 0.2211484521,
        "incomeTaxExpense": 42044000,
        "netIncome": 131805000,
        "netIncomeRatio": 0.1676654552,
        "eps": 21,
        "epsdiluted": 20.5,
        "weightedAverageShsOut": 6297600,
        "weightedAverageShsOutDil": 6448480,
        "link": "https://www.sec.gov/Archives/edgar/data/1163739/000095012905007584/0000950129-05-007584-index.htm",
        "finalLink": "https://www.sec.gov/Archives/edgar/data/1163739/000095012905007584/h27452e10vq.txt"
    },
    {
        "date": "2005-03-31",
        "symbol": "NBR",
        "reportedCurrency": "USD",
        "cik": "0001163739",
        "fillingDate": "2005-05-06",
        "acceptedDate": "2005-05-06 15:11:49",
        "calendarYear": "2005",
        "period": "Q1",
        "revenue": 797519000,
        "costOfRevenue": 474626000,
        "grossProfit": 322893000,
        "grossProfitRatio": 0.4048718589,
        "researchAndDevelopmentExpenses": 0,
        "generalAndAdministrativeExpenses": 58641000,
        "sellingAndMarketingExpenses": 0,
        "sellingGeneralAndAdministrativeExpenses": 58641000,
        "otherExpenses": 68188000,
        "operatingExpenses": 126829000,
        "costAndExpenses": 601455000,
        "interestIncome": 0,
        "interestExpense": 43185000,
        "depreciationAndAmortization": 75184000,
        "ebitda": 287472000,
        "ebitdaratio": 0.36045787,
        "operatingIncome": 212288000,
        "operatingIncomeRatio": 0.2661855078,
        "totalOtherIncomeExpensesNet": -26961000,
        "incomeBeforeTax": 169103000,
        "incomeBeforeTaxRatio": 0.2120363277,
        "incomeTaxExpense": 41689000,
        "netIncome": 127414000,
        "netIncomeRatio": 0.1597629649,
        "eps": 21,
        "epsdiluted": 20,
        "weightedAverageShsOut": 6086600,
        "weightedAverageShsOutDil": 6351080,
        "link": "https://www.sec.gov/Archives/edgar/data/1163739/000095012905004823/0000950129-05-004823-index.htm",
        "finalLink": "https://www.sec.gov/Archives/edgar/data/1163739/000095012905004823/h25017e10vq.txt"
    },
    {
        "date": "2004-12-31",
        "symbol": "NBR",
        "reportedCurrency": "USD",
        "cik": "0001163739",
        "fillingDate": "2005-03-07",
        "acceptedDate": "2005-03-07 16:49:20",
        "calendarYear": "2004",
        "period": "Q4",
        "revenue": 697676000,
        "costOfRevenue": 435584000,
        "grossProfit": 262092000,
        "grossProfitRatio": 0.3756643485,
        "researchAndDevelopmentExpenses": 0,
        "generalAndAdministrativeExpenses": 54800000,
        "sellingAndMarketingExpenses": 0,
        "sellingGeneralAndAdministrativeExpenses": 54800000,
        "otherExpenses": 79844000,
        "operatingExpenses": 134644000,
        "costAndExpenses": 570228000,
        "interestIncome": 0,
        "interestExpense": 16749000,
        "depreciationAndAmortization": 86418000,
        "ebitda": 224516000,
        "ebitdaratio": 0.3218055372,
        "operatingIncome": 138098000,
        "operatingIncomeRatio": 0.197940018,
        "totalOtherIncomeExpensesNet": -6099000,
        "incomeBeforeTax": 121349000,
        "incomeBeforeTaxRatio": 0.1739331724,
        "incomeTaxExpense": 12583000,
        "netIncome": 108766000,
        "netIncomeRatio": 0.15589758,
        "eps": 17.87,
        "epsdiluted": 17.87,
        "weightedAverageShsOut": 5992240,
        "weightedAverageShsOutDil": 6086600,
        "link": "https://www.sec.gov/Archives/edgar/data/1163739/000095012905002050/0000950129-05-002050-index.htm",
        "finalLink": "https://www.sec.gov/Archives/edgar/data/1163739/000095012905002050/h22801e10vk.txt"
    },
    {
        "date": "2004-09-30",
        "symbol": "NBR",
        "reportedCurrency": "USD",
        "cik": "0001163739",
        "fillingDate": "2004-11-04",
        "acceptedDate": "2004-11-03 17:39:05",
        "calendarYear": "2004",
        "period": "Q3",
        "revenue": 596095000,
        "costOfRevenue": 378084000,
        "grossProfit": 218011000,
        "grossProfitRatio": 0.3657319723,
        "researchAndDevelopmentExpenses": 0,
        "generalAndAdministrativeExpenses": 49548000,
        "sellingAndMarketingExpenses": 0,
        "sellingGeneralAndAdministrativeExpenses": 49548000,
        "otherExpenses": 73637000,
        "operatingExpenses": 123185000,
        "costAndExpenses": 501269000,
        "interestIncome": 0,
        "interestExpense": 6580000,
        "depreciationAndAmortization": 80183000,
        "ebitda": 171056000,
        "ebitdaratio": 0.286960971,
        "operatingIncome": 90873000,
        "operatingIncomeRatio": 0.152447177,
        "totalOtherIncomeExpensesNet": -12020000,
        "incomeBeforeTax": 84293000,
        "incomeBeforeTaxRatio": 0.1414086681,
        "incomeTaxExpense": 8667000,
        "netIncome": 75626000,
        "netIncomeRatio": 0.1268690393,
        "eps": 12.75,
        "epsdiluted": 12,
        "weightedAverageShsOut": 5963560,
        "weightedAverageShsOutDil": 6556760,
        "link": "https://www.sec.gov/Archives/edgar/data/1163739/000095012904008433/0000950129-04-008433-index.htm",
        "finalLink": "https://www.sec.gov/Archives/edgar/data/1163739/000095012904008433/h19656e10vq.txt"
    },
    {
        "date": "2004-06-30",
        "symbol": "NBR",
        "reportedCurrency": "USD",
        "cik": "0001163739",
        "fillingDate": "2004-08-06",
        "acceptedDate": "2004-08-06 15:08:13",
        "calendarYear": "2004",
        "period": "Q2",
        "revenue": 546654000,
        "costOfRevenue": 368941000,
        "grossProfit": 177713000,
        "grossProfitRatio": 0.3250922887,
        "researchAndDevelopmentExpenses": 0,
        "generalAndAdministrativeExpenses": 45441000,
        "sellingAndMarketingExpenses": 0,
        "sellingGeneralAndAdministrativeExpenses": 45441000,
        "otherExpenses": 70820000,
        "operatingExpenses": 116261000,
        "costAndExpenses": 485202000,
        "interestIncome": 0,
        "interestExpense": 4480000,
        "depreciationAndAmortization": 77380000,
        "ebitda": 131925000,
        "ebitdaratio": 0.2413318113,
        "operatingIncome": 54545000,
        "operatingIncomeRatio": 0.099779751,
        "totalOtherIncomeExpensesNet": -5232000,
        "incomeBeforeTax": 50065000,
        "incomeBeforeTaxRatio": 0.0915844392,
        "incomeTaxExpense": 3717000,
        "netIncome": 46348000,
        "netIncomeRatio": 0.0847848914,
        "eps": 7.75,
        "epsdiluted": 7.5,
        "weightedAverageShsOut": 5954640,
        "weightedAverageShsOutDil": 6209360,
        "link": "https://www.sec.gov/Archives/edgar/data/1163739/000095012904005685/0000950129-04-005685-index.htm",
        "finalLink": "https://www.sec.gov/Archives/edgar/data/1163739/000095012904005685/h17213e10vq.txt"
    },
    {
        "date": "2004-03-31",
        "symbol": "NBR",
        "reportedCurrency": "USD",
        "cik": "0001163739",
        "fillingDate": "2004-05-07",
        "acceptedDate": "2004-05-07 15:35:13",
        "calendarYear": "2004",
        "period": "Q1",
        "revenue": 607727000,
        "costOfRevenue": 390040000,
        "grossProfit": 217687000,
        "grossProfitRatio": 0.3581986649,
        "researchAndDevelopmentExpenses": 0,
        "generalAndAdministrativeExpenses": 45599000,
        "sellingAndMarketingExpenses": 0,
        "sellingGeneralAndAdministrativeExpenses": 45599000,
        "otherExpenses": 76098000,
        "operatingExpenses": 121697000,
        "costAndExpenses": 511737000,
        "interestIncome": 0,
        "interestExpense": 11440000,
        "depreciationAndAmortization": 82727000,
        "ebitda": 174298000,
        "ebitdaratio": 0.2868031205,
        "operatingIncome": 91571000,
        "operatingIncomeRatio": 0.1506778537,
        "totalOtherIncomeExpensesNet": -16723000,
        "incomeBeforeTax": 80131000,
        "incomeBeforeTaxRatio": 0.1318536119,
        "incomeTaxExpense": 8414000,
        "netIncome": 71717000,
        "netIncomeRatio": 0.1180085795,
        "eps": 12,
        "epsdiluted": 11.5,
        "weightedAverageShsOut": 5919360,
        "weightedAverageShsOutDil": 6524400,
        "link": "https://www.sec.gov/Archives/edgar/data/1163739/000095012904002964/0000950129-04-002964-index.htm",
        "finalLink": "https://www.sec.gov/Archives/edgar/data/1163739/000095012904002964/h15003e10vq.txt"
    },
    {
        "date": "2003-12-31",
        "symbol": "NBR",
        "reportedCurrency": "USD",
        "cik": "0001163739",
        "fillingDate": "2004-03-15",
        "acceptedDate": "2004-03-15 13:23:41",
        "calendarYear": "2003",
        "period": "Q4",
        "revenue": 566963000,
        "costOfRevenue": 350306000,
        "grossProfit": 216657000,
        "grossProfitRatio": 0.3821360477,
        "researchAndDevelopmentExpenses": 0,
        "generalAndAdministrativeExpenses": 42468000,
        "sellingAndMarketingExpenses": 0,
        "sellingGeneralAndAdministrativeExpenses": 42468000,
        "otherExpenses": 66019000,
        "operatingExpenses": 108487000,
        "costAndExpenses": 458793000,
        "interestIncome": 0,
        "interestExpense": 56406000,
        "depreciationAndAmortization": 72415000,
        "ebitda": 187750000,
        "ebitdaratio": 0.3311503573,
        "operatingIncome": 115335000,
        "operatingIncomeRatio": 0.2034259731,
        "totalOtherIncomeExpensesNet": -49241000,
        "incomeBeforeTax": 58929000,
        "incomeBeforeTaxRatio": 0.1039379995,
        "incomeTaxExpense": -5942000,
        "netIncome": 64871000,
        "netIncomeRatio": 0.1144184012,
        "eps": 10.96,
        "epsdiluted": 10.96,
        "weightedAverageShsOut": 5879280,
        "weightedAverageShsOutDil": 5919360,
        "link": "https://www.sec.gov/Archives/edgar/data/1163739/000095012904001294/0000950129-04-001294-index.htm",
        "finalLink": "https://www.sec.gov/Archives/edgar/data/1163739/000095012904001294/h13476e10vk.txt"
    },
    {
        "date": "2003-09-30",
        "symbol": "NBR",
        "reportedCurrency": "USD",
        "cik": "0001163739",
        "fillingDate": "2003-11-07",
        "acceptedDate": "2003-11-07 11:38:50",
        "calendarYear": "2003",
        "period": "Q3",
        "revenue": 473494000,
        "costOfRevenue": 323296000,
        "grossProfit": 150198000,
        "grossProfitRatio": 0.3172120449,
        "researchAndDevelopmentExpenses": 0,
        "generalAndAdministrativeExpenses": 41207000,
        "sellingAndMarketingExpenses": 0,
        "sellingGeneralAndAdministrativeExpenses": 41207000,
        "otherExpenses": 58530000,
        "operatingExpenses": 99737000,
        "costAndExpenses": 423033000,
        "interestIncome": 0,
        "interestExpense": 21000,
        "depreciationAndAmortization": 67627000,
        "ebitda": 113324000,
        "ebitdaratio": 0.2393356621,
        "operatingIncome": 45697000,
        "operatingIncomeRatio": 0.0965101987,
        "totalOtherIncomeExpensesNet": -4785000,
        "incomeBeforeTax": 45676000,
        "incomeBeforeTaxRatio": 0.0964658475,
        "incomeTaxExpense": -4605000,
        "netIncome": 50281000,
        "netIncomeRatio": 0.1061914195,
        "eps": 8.5,
        "epsdiluted": 8.25,
        "weightedAverageShsOut": 5876200,
        "weightedAverageShsOutDil": 6135120,
        "link": "https://www.sec.gov/Archives/edgar/data/1163739/000095012903005426/0000950129-03-005426-index.htm",
        "finalLink": "https://www.sec.gov/Archives/edgar/data/1163739/000095012903005426/h10233e10vq.txt"
    },
    {
        "date": "2003-06-30",
        "symbol": "NBR",
        "reportedCurrency": "USD",
        "cik": "0001163739",
        "fillingDate": "2003-08-08",
        "acceptedDate": "2003-08-08 16:32:49",
        "calendarYear": "2003",
        "period": "Q2",
        "revenue": 432552000,
        "costOfRevenue": 298791000,
        "grossProfit": 133761000,
        "grossProfitRatio": 0.3092368085,
        "researchAndDevelopmentExpenses": 0,
        "generalAndAdministrativeExpenses": 40483000,
        "sellingAndMarketingExpenses": 0,
        "sellingGeneralAndAdministrativeExpenses": 40483000,
        "otherExpenses": 66916000,
        "operatingExpenses": 107399000,
        "costAndExpenses": 406190000,
        "interestIncome": 0,
        "interestExpense": 0,
        "depreciationAndAmortization": 64351000,
        "ebitda": 89331000,
        "ebitdaratio": 0.2065208345,
        "operatingIncome": 24980000,
        "operatingIncomeRatio": 0.057750282,
        "totalOtherIncomeExpensesNet": 1382000,
        "incomeBeforeTax": 26362000,
        "incomeBeforeTaxRatio": 0.0609452736,
        "incomeTaxExpense": -2657000,
        "netIncome": 29019000,
        "netIncomeRatio": 0.0670878877,
        "eps": 5,
        "epsdiluted": 4.75,
        "weightedAverageShsOut": 5855280,
        "weightedAverageShsOutDil": 6134360,
        "link": "https://www.sec.gov/Archives/edgar/data/1163739/000095012903004006/0000950129-03-004006-index.htm",
        "finalLink": "https://www.sec.gov/Archives/edgar/data/1163739/000095012903004006/h07968e10vq.txt"
    },
    {
        "date": "2003-03-31",
        "symbol": "NBR",
        "reportedCurrency": "USD",
        "cik": "0001163739",
        "fillingDate": "2003-05-12",
        "acceptedDate": "2003-05-09 19:12:54",
        "calendarYear": "2003",
        "period": "Q1",
        "revenue": 463457000,
        "costOfRevenue": 304560000,
        "grossProfit": 158897000,
        "grossProfitRatio": 0.3428516561,
        "researchAndDevelopmentExpenses": 0,
        "generalAndAdministrativeExpenses": 41245000,
        "sellingAndMarketingExpenses": 0,
        "sellingGeneralAndAdministrativeExpenses": 41245000,
        "otherExpenses": 53926000,
        "operatingExpenses": 95171000,
        "costAndExpenses": 399731000,
        "interestIncome": 0,
        "interestExpense": 20070000,
        "depreciationAndAmortization": 61871000,
        "ebitda": 125597000,
        "ebitdaratio": 0.2710003301,
        "operatingIncome": 63726000,
        "operatingIncomeRatio": 0.1375014295,
        "totalOtherIncomeExpensesNet": -20070000,
        "incomeBeforeTax": 43656000,
        "incomeBeforeTaxRatio": 0.0941964411,
        "incomeTaxExpense": -4401000,
        "netIncome": 48057000,
        "netIncomeRatio": 0.1036924677,
        "eps": 8.25,
        "epsdiluted": 7.75,
        "weightedAverageShsOut": 5828320,
        "weightedAverageShsOutDil": 6416160,
        "link": "https://www.sec.gov/Archives/edgar/data/1163739/000095013403007526/0000950134-03-007526-index.htm",
        "finalLink": "https://www.sec.gov/Archives/edgar/data/1163739/000095013403007526/h05599e10vq.txt"
    },
    {
        "date": "2002-12-31",
        "symbol": "NBR",
        "reportedCurrency": "USD",
        "cik": "0001163739",
        "fillingDate": "2003-03-31",
        "acceptedDate": "2003-03-31 12:55:51",
        "calendarYear": "2002",
        "period": "Q4",
        "revenue": 450058000,
        "costOfRevenue": 252397000,
        "grossProfit": 197661000,
        "grossProfitRatio": 0.4391900599,
        "researchAndDevelopmentExpenses": 0,
        "generalAndAdministrativeExpenses": 39437000,
        "sellingAndMarketingExpenses": 0,
        "sellingGeneralAndAdministrativeExpenses": 39437000,
        "otherExpenses": 51616000,
        "operatingExpenses": 91053000,
        "costAndExpenses": 343450000,
        "interestIncome": 0,
        "interestExpense": 75876000,
        "depreciationAndAmortization": 82456000,
        "ebitda": 187508000,
        "ebitdaratio": 0.4166307454,
        "operatingIncome": 105052000,
        "operatingIncomeRatio": 0.2334188038,
        "totalOtherIncomeExpensesNet": -77432000,
        "incomeBeforeTax": 29176000,
        "incomeBeforeTaxRatio": 0.0648272,
        "incomeTaxExpense": 1971000,
        "netIncome": 27205000,
        "netIncomeRatio": 0.0604477645,
        "eps": 4.67,
        "epsdiluted": 4.67,
        "weightedAverageShsOut": 5815320,
        "weightedAverageShsOutDil": 5828320,
        "link": "https://www.sec.gov/Archives/edgar/data/1163739/000095012903001724/0000950129-03-001724-index.htm",
        "finalLink": "https://www.sec.gov/Archives/edgar/data/1163739/000095012903001724/h03418e10vk.txt"
    },
    {
        "date": "2002-09-30",
        "symbol": "NBR",
        "reportedCurrency": "USD",
        "cik": "0001163739",
        "fillingDate": "2002-11-14",
        "acceptedDate": "2002-11-14 17:12:11",
        "calendarYear": "2002",
        "period": "Q3",
        "revenue": 346995000,
        "costOfRevenue": 233890000,
        "grossProfit": 113105000,
        "grossProfitRatio": 0.3259557054,
        "researchAndDevelopmentExpenses": 0,
        "generalAndAdministrativeExpenses": 36968000,
        "sellingAndMarketingExpenses": 0,
        "sellingGeneralAndAdministrativeExpenses": 36968000,
        "otherExpenses": 52084000,
        "operatingExpenses": 89052000,
        "costAndExpenses": 322942000,
        "interestIncome": 0,
        "interestExpense": 3532000,
        "depreciationAndAmortization": 52084000,
        "ebitda": 77131000,
        "ebitdaratio": 0.2222827418,
        "operatingIncome": 25047000,
        "operatingIncomeRatio": 0.0721825963,
        "totalOtherIncomeExpensesNet": -8689000,
        "incomeBeforeTax": 21515000,
        "incomeBeforeTaxRatio": 0.0620037753,
        "incomeTaxExpense": -5407000,
        "netIncome": 26922000,
        "netIncomeRatio": 0.0775861324,
        "eps": 4.75,
        "epsdiluted": 4.5,
        "weightedAverageShsOut": 5803120,
        "weightedAverageShsOutDil": 6046320,
        "link": "https://www.sec.gov/Archives/edgar/data/1163739/000095012902005696/0000950129-02-005696-index.htm",
        "finalLink": "https://www.sec.gov/Archives/edgar/data/1163739/000095012902005696/h00903e10vq.txt"
    },
    {
        "date": "2002-06-30",
        "symbol": "NBR",
        "reportedCurrency": "USD",
        "cik": "0001163739",
        "fillingDate": "2002-08-14",
        "acceptedDate": "2002-08-14 17:03:37",
        "calendarYear": "2002",
        "period": "Q2",
        "revenue": 346088000,
        "costOfRevenue": 238190000,
        "grossProfit": 107898000,
        "grossProfitRatio": 0.3117646379,
        "researchAndDevelopmentExpenses": 0,
        "generalAndAdministrativeExpenses": 32824000,
        "sellingAndMarketingExpenses": 0,
        "sellingGeneralAndAdministrativeExpenses": 32824000,
        "otherExpenses": 47984000,
        "operatingExpenses": 80808000,
        "costAndExpenses": 318998000,
        "interestIncome": 0,
        "interestExpense": 0,
        "depreciationAndAmortization": 39289000,
        "ebitda": 72425000,
        "ebitdaratio": 0.2092675851,
        "operatingIncome": 33136000,
        "operatingIncomeRatio": 0.0957444349,
        "totalOtherIncomeExpensesNet": 6803000,
        "incomeBeforeTax": 33893000,
        "incomeBeforeTaxRatio": 0.0979317399,
        "incomeTaxExpense": 8473000,
        "netIncome": 25420000,
        "netIncomeRatio": 0.0734495273,
        "eps": 4.5,
        "epsdiluted": 4.25,
        "weightedAverageShsOut": 5727520,
        "weightedAverageShsOutDil": 6018040,
        "link": "https://www.sec.gov/Archives/edgar/data/1163739/000095012902004238/0000950129-02-004238-index.htm",
        "finalLink": "https://www.sec.gov/Archives/edgar/data/1163739/000095012902004238/h98563e10vq.txt"
    },
    {
        "date": "2002-03-31",
        "symbol": "NBR",
        "reportedCurrency": "USD",
        "cik": "0001163739",
        "fillingDate": "2002-03-31",
        "acceptedDate": "2002-03-31 00:00:00",
        "calendarYear": "2002",
        "period": "Q1",
        "revenue": 360805000,
        "costOfRevenue": 234367000,
        "grossProfit": 126438000,
        "grossProfitRatio": 0.3504330594,
        "researchAndDevelopmentExpenses": 0,
        "generalAndAdministrativeExpenses": 0,
        "sellingAndMarketingExpenses": 0,
        "sellingGeneralAndAdministrativeExpenses": 32666000,
        "otherExpenses": 43681000,
        "operatingExpenses": 76347000,
        "costAndExpenses": 310714000,
        "interestIncome": 0,
        "interestExpense": 0,
        "depreciationAndAmortization": 52376000,
        "ebitda": 101768000,
        "ebitdaratio": 0.2820581755,
        "operatingIncome": 49392000,
        "operatingIncomeRatio": 0.1368938901,
        "totalOtherIncomeExpensesNet": 7000000,
        "incomeBeforeTax": 56392000,
        "incomeBeforeTaxRatio": 0.1562949516,
        "incomeTaxExpense": 14323000,
        "netIncome": 41942000,
        "netIncomeRatio": 0.1162456174,
        "eps": 7.5,
        "epsdiluted": 7,
        "weightedAverageShsOut": 5638800,
        "weightedAverageShsOutDil": 6190720,
        "link": null,
        "finalLink": null
    },
    {
        "date": "2001-12-31",
        "symbol": "NBR",
        "reportedCurrency": "USD",
        "cik": "0001163739",
        "fillingDate": "2002-06-27",
        "acceptedDate": "2002-06-26 21:45:18",
        "calendarYear": "2001",
        "period": "Q4",
        "revenue": 428851000,
        "costOfRevenue": 276370000,
        "grossProfit": 152481000,
        "grossProfitRatio": 0.3555570583,
        "researchAndDevelopmentExpenses": 0,
        "generalAndAdministrativeExpenses": 0,
        "sellingAndMarketingExpenses": 0,
        "sellingGeneralAndAdministrativeExpenses": 34348000,
        "otherExpenses": 41007000,
        "operatingExpenses": 75355000,
        "costAndExpenses": 351725000,
        "interestIncome": 0,
        "interestExpense": 0,
        "depreciationAndAmortization": 41007000,
        "ebitda": 122537000,
        "ebitdaratio": 0.2857332733,
        "operatingIncome": 81530000,
        "operatingIncomeRatio": 0.1901126498,
        "totalOtherIncomeExpensesNet": -3168000,
        "incomeBeforeTax": 73958000,
        "incomeBeforeTaxRatio": 0.1724561678,
        "incomeTaxExpense": 21560000,
        "netIncome": 62056000,
        "netIncomeRatio": 0.1447029388,
        "eps": 10.8,
        "epsdiluted": 10.8,
        "weightedAverageShsOut": 5744400,
        "weightedAverageShsOutDil": 5744400,
        "link": "https://www.sec.gov/Archives/edgar/data/1163739/000095013402007702/0000950134-02-007702-index.htm",
        "finalLink": "https://www.sec.gov/Archives/edgar/data/1163739/000095013402007702/h97993ae10vkza.txt"
    },
    {
        "date": "2001-09-30",
        "symbol": "NBR",
        "reportedCurrency": "USD",
        "cik": "0001163739",
        "fillingDate": "2001-09-30",
        "acceptedDate": "2001-09-30 00:00:00",
        "calendarYear": "2001",
        "period": "Q3",
        "revenue": 593653000,
        "costOfRevenue": 347966000,
        "grossProfit": 245687000,
        "grossProfitRatio": 0.4138562426,
        "researchAndDevelopmentExpenses": 13409000,
        "generalAndAdministrativeExpenses": 57594000,
        "sellingAndMarketingExpenses": -23346000,
        "sellingGeneralAndAdministrativeExpenses": 34248000,
        "otherExpenses": 54413000,
        "operatingExpenses": 88661000,
        "costAndExpenses": 436627000,
        "interestIncome": 0,
        "interestExpense": 0,
        "depreciationAndAmortization": 54413000,
        "ebitda": 206039000,
        "ebitdaratio": 0.3470697529,
        "operatingIncome": 151626000,
        "operatingIncomeRatio": 0.2554118315,
        "totalOtherIncomeExpensesNet": 17500000,
        "incomeBeforeTax": 169126000,
        "incomeBeforeTaxRatio": 0.2848903316,
        "incomeTaxExpense": 60885000,
        "netIncome": 108241000,
        "netIncomeRatio": 0.1823304186,
        "eps": 18.75,
        "epsdiluted": 17,
        "weightedAverageShsOut": 5744400,
        "weightedAverageShsOutDil": 6695360,
        "link": null,
        "finalLink": null
    },
    {
        "date": "2001-06-30",
        "symbol": "NBR",
        "reportedCurrency": "USD",
        "cik": "0001163739",
        "fillingDate": "2001-06-30",
        "acceptedDate": "2001-06-30 00:00:00",
        "calendarYear": "2001",
        "period": "Q2",
        "revenue": 584819000,
        "costOfRevenue": 349369000,
        "grossProfit": 235450000,
        "grossProfitRatio": 0.4026031986,
        "researchAndDevelopmentExpenses": 0,
        "generalAndAdministrativeExpenses": 0,
        "sellingAndMarketingExpenses": 0,
        "sellingGeneralAndAdministrativeExpenses": 33814000,
        "otherExpenses": 50746000,
        "operatingExpenses": 84560000,
        "costAndExpenses": 433929000,
        "interestIncome": 0,
        "interestExpense": 0,
        "depreciationAndAmortization": 50746000,
        "ebitda": 198580000,
        "ebitdaratio": 0.3395580513,
        "operatingIncome": 147834000,
        "operatingIncomeRatio": 0.2527859047,
        "totalOtherIncomeExpensesNet": 17271000,
        "incomeBeforeTax": 165105000,
        "incomeBeforeTaxRatio": 0.2823181189,
        "incomeTaxExpense": 61090000,
        "netIncome": 104015000,
        "netIncomeRatio": 0.1778584485,
        "eps": 17.75,
        "epsdiluted": 15.75,
        "weightedAverageShsOut": 5861560,
        "weightedAverageShsOutDil": 6932360,
        "link": null,
        "finalLink": null
    },
    {
        "date": "2001-03-31",
        "symbol": "NBR",
        "reportedCurrency": "USD",
        "cik": "0001163739",
        "fillingDate": "2001-03-31",
        "acceptedDate": "2001-03-31 00:00:00",
        "calendarYear": "2001",
        "period": "Q1",
        "revenue": 513834000,
        "costOfRevenue": 323236000,
        "grossProfit": 190598000,
        "grossProfitRatio": 0.3709330251,
        "researchAndDevelopmentExpenses": 0,
        "generalAndAdministrativeExpenses": 0,
        "sellingAndMarketingExpenses": 0,
        "sellingGeneralAndAdministrativeExpenses": 33086000,
        "otherExpenses": 43730000,
        "operatingExpenses": 76816000,
        "costAndExpenses": 400052000,
        "interestIncome": 0,
        "interestExpense": 0,
        "depreciationAndAmortization": 43730000,
        "ebitda": 148244000,
        "ebitdaratio": 0.2885056263,
        "operatingIncome": 104514000,
        "operatingIncomeRatio": 0.2034003199,
        "totalOtherIncomeExpensesNet": 29579000,
        "incomeBeforeTax": 134093000,
        "incomeBeforeTaxRatio": 0.2609656037,
        "incomeTaxExpense": 50955000,
        "netIncome": 83138000,
        "netIncomeRatio": 0.161799336,
        "eps": 14.25,
        "epsdiluted": 12.75,
        "weightedAverageShsOut": 5867840,
        "weightedAverageShsOutDil": 6810440,
        "link": null,
        "finalLink": null
    },
    {
        "date": "2000-12-31",
        "symbol": "NBR",
        "reportedCurrency": "USD",
        "cik": "0001163739",
        "fillingDate": "2000-12-31",
        "acceptedDate": "2000-12-31 00:00:00",
        "calendarYear": "2000",
        "period": "Q4",
        "revenue": 412209000,
        "costOfRevenue": 267562000,
        "grossProfit": 144647000,
        "grossProfitRatio": 0.3509069428,
        "researchAndDevelopmentExpenses": 0,
        "generalAndAdministrativeExpenses": 0,
        "sellingAndMarketingExpenses": 0,
        "sellingGeneralAndAdministrativeExpenses": 27788000,
        "otherExpenses": 39983000,
        "operatingExpenses": 67771000,
        "costAndExpenses": 335333000,
        "interestIncome": 0,
        "interestExpense": 0,
        "depreciationAndAmortization": 39983000,
        "ebitda": 103392000,
        "ebitdaratio": 0.2508242178,
        "operatingIncome": 63409000,
        "operatingIncomeRatio": 0.1538273061,
        "totalOtherIncomeExpensesNet": 26561000,
        "incomeBeforeTax": 89970000,
        "incomeBeforeTaxRatio": 0.2182630656,
        "incomeTaxExpense": 35090000,
        "netIncome": 54912000,
        "netIncomeRatio": 0.1332139764,
        "eps": 9.4,
        "epsdiluted": 9.4,
        "weightedAverageShsOut": 5746400,
        "weightedAverageShsOutDil": 5842480,
        "link": null,
        "finalLink": null
    },
    {
        "date": "2000-09-30",
        "symbol": "NBR",
        "reportedCurrency": "USD",
        "cik": "0001163739",
        "fillingDate": "2000-09-30",
        "acceptedDate": "2000-09-30 00:00:00",
        "calendarYear": "2000",
        "period": "Q3",
        "revenue": 344506000,
        "costOfRevenue": 230492000,
        "grossProfit": 114014000,
        "grossProfitRatio": 0.3309492433,
        "researchAndDevelopmentExpenses": 0,
        "generalAndAdministrativeExpenses": 0,
        "sellingAndMarketingExpenses": 0,
        "sellingGeneralAndAdministrativeExpenses": 26164000,
        "otherExpenses": 38086000,
        "operatingExpenses": 64250000,
        "costAndExpenses": 294742000,
        "interestIncome": 0,
        "interestExpense": 0,
        "depreciationAndAmortization": 38086000,
        "ebitda": 72598000,
        "ebitdaratio": 0.2107307275,
        "operatingIncome": 34512000,
        "operatingIncomeRatio": 0.1001782262,
        "totalOtherIncomeExpensesNet": 29753000,
        "incomeBeforeTax": 64265000,
        "incomeBeforeTaxRatio": 0.1865424695,
        "incomeTaxExpense": 25705000,
        "netIncome": 38707000,
        "netIncomeRatio": 0.1123550823,
        "eps": 6.5,
        "epsdiluted": 6.25,
        "weightedAverageShsOut": 5842480,
        "weightedAverageShsOutDil": 6495840,
        "link": null,
        "finalLink": null
    },
    {
        "date": "2000-06-30",
        "symbol": "NBR",
        "reportedCurrency": "USD",
        "cik": "0001163739",
        "fillingDate": "2000-06-30",
        "acceptedDate": "2000-06-30 00:00:00",
        "calendarYear": "2000",
        "period": "Q2",
        "revenue": 291293000,
        "costOfRevenue": 196806000,
        "grossProfit": 94487000,
        "grossProfitRatio": 0.3243709942,
        "researchAndDevelopmentExpenses": 0,
        "generalAndAdministrativeExpenses": 0,
        "sellingAndMarketingExpenses": 0,
        "sellingGeneralAndAdministrativeExpenses": 26619000,
        "otherExpenses": 37208000,
        "operatingExpenses": 63827000,
        "costAndExpenses": 260633000,
        "interestIncome": 0,
        "interestExpense": 0,
        "depreciationAndAmortization": 37208000,
        "ebitda": 51368000,
        "ebitdaratio": 0.17634478,
        "operatingIncome": 14160000,
        "operatingIncomeRatio": 0.0486108489,
        "totalOtherIncomeExpensesNet": 27397000,
        "incomeBeforeTax": 41557000,
        "incomeBeforeTaxRatio": 0.1426639157,
        "incomeTaxExpense": 17454000,
        "netIncome": 24103000,
        "netIncomeRatio": 0.0827448651,
        "eps": 4.25,
        "epsdiluted": 4,
        "weightedAverageShsOut": 5825720,
        "weightedAverageShsOutDil": 6109800,
        "link": null,
        "finalLink": null
    },
    {
        "date": "2000-03-31",
        "symbol": "NBR",
        "reportedCurrency": "USD",
        "cik": "0001163739",
        "fillingDate": "2000-03-31",
        "acceptedDate": "2000-03-31 00:00:00",
        "calendarYear": "2000",
        "period": "Q1",
        "revenue": 279116000,
        "costOfRevenue": 193462000,
        "grossProfit": 85654000,
        "grossProfitRatio": 0.3068759942,
        "researchAndDevelopmentExpenses": 0,
        "generalAndAdministrativeExpenses": 0,
        "sellingAndMarketingExpenses": 0,
        "sellingGeneralAndAdministrativeExpenses": 25933000,
        "otherExpenses": 37136000,
        "operatingExpenses": 63069000,
        "costAndExpenses": 256531000,
        "interestIncome": 0,
        "interestExpense": 0,
        "depreciationAndAmortization": 37136000,
        "ebitda": 43329000,
        "ebitdaratio": 0.1552365325,
        "operatingIncome": 6193000,
        "operatingIncomeRatio": 0.0221879075,
        "totalOtherIncomeExpensesNet": 24722000,
        "incomeBeforeTax": 30915000,
        "incomeBeforeTaxRatio": 0.1107604007,
        "incomeTaxExpense": 12984000,
        "netIncome": 19634000,
        "netIncomeRatio": 0.0703435131,
        "eps": 3.5,
        "epsdiluted": 3.25,
        "weightedAverageShsOut": 5570960,
        "weightedAverageShsOutDil": 5954040,
        "link": null,
        "finalLink": null
    },
    {
        "date": "1999-12-31",
        "symbol": "NBR",
        "reportedCurrency": "USD",
        "cik": "0001163739",
        "fillingDate": "1999-12-31",
        "acceptedDate": "1999-12-31 00:00:00",
        "calendarYear": "1999",
        "period": "Q4",
        "revenue": 220600000,
        "costOfRevenue": 150700000,
        "grossProfit": 69900000,
        "grossProfitRatio": 0.3168631006,
        "researchAndDevelopmentExpenses": 0,
        "generalAndAdministrativeExpenses": 0,
        "sellingAndMarketingExpenses": 0,
        "sellingGeneralAndAdministrativeExpenses": 19000000,
        "otherExpenses": 30700000,
        "operatingExpenses": 49700000,
        "costAndExpenses": 200400000,
        "interestIncome": 0,
        "interestExpense": 9100000,
        "depreciationAndAmortization": 30700000,
        "ebitda": 52600000,
        "ebitdaratio": 0.2384406165,
        "operatingIncome": 21900000,
        "operatingIncomeRatio": 0.0992747053,
        "totalOtherIncomeExpensesNet": -7400000,
        "incomeBeforeTax": 12800000,
        "incomeBeforeTaxRatio": 0.0580235721,
        "incomeTaxExpense": 5100000,
        "netIncome": 7700000,
        "netIncomeRatio": 0.0349048051,
        "eps": 1.64,
        "epsdiluted": 1.64,
        "weightedAverageShsOut": 4700000,
        "weightedAverageShsOutDil": 4700000,
        "link": null,
        "finalLink": null
    },
    {
        "date": "1999-09-30",
        "symbol": "NBR",
        "reportedCurrency": "USD",
        "cik": "0001163739",
        "fillingDate": "1999-09-30",
        "acceptedDate": "1999-09-30 00:00:00",
        "calendarYear": "1999",
        "period": "Q3",
        "revenue": 142400000,
        "costOfRevenue": 93500000,
        "grossProfit": 48900000,
        "grossProfitRatio": 0.3433988764,
        "researchAndDevelopmentExpenses": 0,
        "generalAndAdministrativeExpenses": 0,
        "sellingAndMarketingExpenses": 0,
        "sellingGeneralAndAdministrativeExpenses": 15000000,
        "otherExpenses": 23900000,
        "operatingExpenses": 38900000,
        "costAndExpenses": 132400000,
        "interestIncome": 0,
        "interestExpense": 500000,
        "depreciationAndAmortization": 23900000,
        "ebitda": 32100000,
        "ebitdaratio": 0.2254213483,
        "operatingIncome": 8200000,
        "operatingIncomeRatio": 0.0575842697,
        "totalOtherIncomeExpensesNet": -2300000,
        "incomeBeforeTax": 7700000,
        "incomeBeforeTaxRatio": 0.0540730337,
        "incomeTaxExpense": 3000000,
        "netIncome": 4700000,
        "netIncomeRatio": 0.033005618,
        "eps": 1,
        "epsdiluted": 1,
        "weightedAverageShsOut": 4700000,
        "weightedAverageShsOutDil": 4700000,
        "link": null,
        "finalLink": null
    },
    {
        "date": "1999-06-30",
        "symbol": "NBR",
        "reportedCurrency": "USD",
        "cik": "0001163739",
        "fillingDate": "1999-06-30",
        "acceptedDate": "1999-06-30 00:00:00",
        "calendarYear": "1999",
        "period": "Q2",
        "revenue": 129600000,
        "costOfRevenue": 81300000,
        "grossProfit": 48300000,
        "grossProfitRatio": 0.3726851852,
        "researchAndDevelopmentExpenses": 0,
        "generalAndAdministrativeExpenses": 0,
        "sellingAndMarketingExpenses": 0,
        "sellingGeneralAndAdministrativeExpenses": 15100000,
        "otherExpenses": 23800000,
        "operatingExpenses": 38900000,
        "costAndExpenses": 120200000,
        "interestIncome": 0,
        "interestExpense": 0,
        "depreciationAndAmortization": 23800000,
        "ebitda": 26100000,
        "ebitdaratio": 0.2013888889,
        "operatingIncome": 2300000,
        "operatingIncomeRatio": 0.0177469136,
        "totalOtherIncomeExpensesNet": -4000000,
        "incomeBeforeTax": 5400000,
        "incomeBeforeTaxRatio": 0.0416666667,
        "incomeTaxExpense": 2100000,
        "netIncome": 3300000,
        "netIncomeRatio": 0.025462963,
        "eps": 0.75,
        "epsdiluted": 0.75,
        "weightedAverageShsOut": 4400000,
        "weightedAverageShsOutDil": 4400000,
        "link": null,
        "finalLink": null
    },
    {
        "date": "1999-03-31",
        "symbol": "NBR",
        "reportedCurrency": "USD",
        "cik": "0001163739",
        "fillingDate": "1999-03-31",
        "acceptedDate": "1999-03-31 00:00:00",
        "calendarYear": "1999",
        "period": "Q1",
        "revenue": 149700000,
        "costOfRevenue": 93300000,
        "grossProfit": 56400000,
        "grossProfitRatio": 0.376753507,
        "researchAndDevelopmentExpenses": 0,
        "generalAndAdministrativeExpenses": 0,
        "sellingAndMarketingExpenses": 0,
        "sellingGeneralAndAdministrativeExpenses": 16300000,
        "otherExpenses": 21400000,
        "operatingExpenses": 37700000,
        "costAndExpenses": 131000000,
        "interestIncome": 0,
        "interestExpense": 0,
        "depreciationAndAmortization": 21400000,
        "ebitda": 33800000,
        "ebitdaratio": 0.2257849031,
        "operatingIncome": 12400000,
        "operatingIncomeRatio": 0.0828323313,
        "totalOtherIncomeExpensesNet": 7200000,
        "incomeBeforeTax": 19600000,
        "incomeBeforeTaxRatio": 0.1309285237,
        "incomeTaxExpense": 7600000,
        "netIncome": 12000000,
        "netIncomeRatio": 0.0801603206,
        "eps": 3,
        "epsdiluted": 3,
        "weightedAverageShsOut": 4000000,
        "weightedAverageShsOutDil": 4000000,
        "link": null,
        "finalLink": null
    },
    {
        "date": "1998-12-31",
        "symbol": "NBR",
        "reportedCurrency": "USD",
        "cik": "0001163739",
        "fillingDate": "1998-12-31",
        "acceptedDate": "1998-12-31 00:00:00",
        "calendarYear": "1998",
        "period": "Q4",
        "revenue": 208300000,
        "costOfRevenue": 136000000,
        "grossProfit": 72300000,
        "grossProfitRatio": 0.3470955353,
        "researchAndDevelopmentExpenses": 0,
        "generalAndAdministrativeExpenses": 0,
        "sellingAndMarketingExpenses": 0,
        "sellingGeneralAndAdministrativeExpenses": 18400000,
        "otherExpenses": 22300000,
        "operatingExpenses": 40700000,
        "costAndExpenses": 176700000,
        "interestIncome": 0,
        "interestExpense": 0,
        "depreciationAndAmortization": 22300000,
        "ebitda": 46800000,
        "ebitdaratio": 0.2246759482,
        "operatingIncome": 24500000,
        "operatingIncomeRatio": 0.117618819,
        "totalOtherIncomeExpensesNet": 10400000,
        "incomeBeforeTax": 34900000,
        "incomeBeforeTaxRatio": 0.1675468075,
        "incomeTaxExpense": 13900000,
        "netIncome": 21000000,
        "netIncomeRatio": 0.1008161306,
        "eps": 5.16,
        "epsdiluted": 5.16,
        "weightedAverageShsOut": 4038835,
        "weightedAverageShsOutDil": 4071429,
        "link": null,
        "finalLink": null
    },
    {
        "date": "1998-09-30",
        "symbol": "NBR",
        "reportedCurrency": "USD",
        "cik": "0001163739",
        "fillingDate": "1998-09-30",
        "acceptedDate": "1998-09-30 00:00:00",
        "calendarYear": "1998",
        "period": "Q3",
        "revenue": 224200000,
        "costOfRevenue": 139300000,
        "grossProfit": 84900000,
        "grossProfitRatio": 0.3786797502,
        "researchAndDevelopmentExpenses": 0,
        "generalAndAdministrativeExpenses": 0,
        "sellingAndMarketingExpenses": 0,
        "sellingGeneralAndAdministrativeExpenses": 18500000,
        "otherExpenses": 21400000,
        "operatingExpenses": 39900000,
        "costAndExpenses": 179200000,
        "interestIncome": 0,
        "interestExpense": 0,
        "depreciationAndAmortization": 21300000,
        "ebitda": 66400000,
        "ebitdaratio": 0.2961641392,
        "operatingIncome": 41800000,
        "operatingIncomeRatio": 0.186440678,
        "totalOtherIncomeExpensesNet": -800000,
        "incomeBeforeTax": 44200000,
        "incomeBeforeTaxRatio": 0.1971454059,
        "incomeTaxExpense": 15700000,
        "netIncome": 28500000,
        "netIncomeRatio": 0.1271186441,
        "eps": 7,
        "epsdiluted": 6.75,
        "weightedAverageShsOut": 4071429,
        "weightedAverageShsOutDil": 4222222,
        "link": null,
        "finalLink": null
    },
    {
        "date": "1998-06-30",
        "symbol": "NBR",
        "reportedCurrency": "USD",
        "cik": "0001163739",
        "fillingDate": "1998-06-30",
        "acceptedDate": "1998-06-30 00:00:00",
        "calendarYear": "1998",
        "period": "Q2",
        "revenue": 248900000,
        "costOfRevenue": 160100000,
        "grossProfit": 88800000,
        "grossProfitRatio": 0.3567697871,
        "researchAndDevelopmentExpenses": 0,
        "generalAndAdministrativeExpenses": 0,
        "sellingAndMarketingExpenses": 0,
        "sellingGeneralAndAdministrativeExpenses": 20000000,
        "otherExpenses": 20100000,
        "operatingExpenses": 40100000,
        "costAndExpenses": 200200000,
        "interestIncome": 0,
        "interestExpense": 0,
        "depreciationAndAmortization": 20100000,
        "ebitda": 56800000,
        "ebitdaratio": 0.228204098,
        "operatingIncome": 36700000,
        "operatingIncomeRatio": 0.1474487746,
        "totalOtherIncomeExpensesNet": 20000000,
        "incomeBeforeTax": 56700000,
        "incomeBeforeTaxRatio": 0.2278023303,
        "incomeTaxExpense": 21000000,
        "netIncome": 35700000,
        "netIncomeRatio": 0.1434310968,
        "eps": 8.75,
        "epsdiluted": 8.25,
        "weightedAverageShsOut": 4080000,
        "weightedAverageShsOutDil": 4327273,
        "link": null,
        "finalLink": null
    },
    {
        "date": "1998-03-31",
        "symbol": "NBR",
        "reportedCurrency": "USD",
        "cik": "0001163739",
        "fillingDate": "1998-03-31",
        "acceptedDate": "1998-03-31 00:00:00",
        "calendarYear": "1998",
        "period": "Q1",
        "revenue": 286800000,
        "costOfRevenue": 188400000,
        "grossProfit": 98400000,
        "grossProfitRatio": 0.3430962343,
        "researchAndDevelopmentExpenses": 0,
        "generalAndAdministrativeExpenses": 0,
        "sellingAndMarketingExpenses": 0,
        "sellingGeneralAndAdministrativeExpenses": 20100000,
        "otherExpenses": 21200000,
        "operatingExpenses": 41300000,
        "costAndExpenses": 229700000,
        "interestIncome": 0,
        "interestExpense": 0,
        "depreciationAndAmortization": 21200000,
        "ebitda": 67600000,
        "ebitdaratio": 0.2357043236,
        "operatingIncome": 46400000,
        "operatingIncomeRatio": 0.1617852162,
        "totalOtherIncomeExpensesNet": 17600000,
        "incomeBeforeTax": 64000000,
        "incomeBeforeTaxRatio": 0.2231520223,
        "incomeTaxExpense": 24300000,
        "netIncome": 39700000,
        "netIncomeRatio": 0.1384239888,
        "eps": 9.75,
        "epsdiluted": 9,
        "weightedAverageShsOut": 4071795,
        "weightedAverageShsOutDil": 4411111,
        "link": null,
        "finalLink": null
    },
    {
        "date": "1997-12-31",
        "symbol": "NBR",
        "reportedCurrency": "USD",
        "cik": "0001163739",
        "fillingDate": "1997-12-31",
        "acceptedDate": "1997-12-31 00:00:00",
        "calendarYear": "1997",
        "period": "Q4",
        "revenue": 302800000,
        "costOfRevenue": 199700000,
        "grossProfit": 103100000,
        "grossProfitRatio": 0.3404887715,
        "researchAndDevelopmentExpenses": 0,
        "generalAndAdministrativeExpenses": 0,
        "sellingAndMarketingExpenses": 0,
        "sellingGeneralAndAdministrativeExpenses": 18600000,
        "otherExpenses": 20300000,
        "operatingExpenses": 38900000,
        "costAndExpenses": 238600000,
        "interestIncome": 0,
        "interestExpense": 0,
        "depreciationAndAmortization": 20300000,
        "ebitda": 82100000,
        "ebitdaratio": 0.2711360634,
        "operatingIncome": 61800000,
        "operatingIncomeRatio": 0.2040951123,
        "totalOtherIncomeExpensesNet": -1600000,
        "incomeBeforeTax": 62600000,
        "incomeBeforeTaxRatio": 0.2067371202,
        "incomeTaxExpense": 21300000,
        "netIncome": 41300000,
        "netIncomeRatio": 0.1363936592,
        "eps": 10.25,
        "epsdiluted": 9.25,
        "weightedAverageShsOut": 4029268,
        "weightedAverageShsOutDil": 4464865,
        "link": null,
        "finalLink": null
    },
    {
        "date": "1997-09-30",
        "symbol": "NBR",
        "reportedCurrency": "USD",
        "cik": "0001163739",
        "fillingDate": "1997-09-30",
        "acceptedDate": "1997-09-30 00:00:00",
        "calendarYear": "1997",
        "period": "Q3",
        "revenue": 305600000,
        "costOfRevenue": 210500000,
        "grossProfit": 95100000,
        "grossProfitRatio": 0.3111910995,
        "researchAndDevelopmentExpenses": 0,
        "generalAndAdministrativeExpenses": 0,
        "sellingAndMarketingExpenses": 0,
        "sellingGeneralAndAdministrativeExpenses": 18100000,
        "otherExpenses": 19300000,
        "operatingExpenses": 37400000,
        "costAndExpenses": 247900000,
        "interestIncome": 0,
        "interestExpense": 0,
        "depreciationAndAmortization": 19300000,
        "ebitda": 64400000,
        "ebitdaratio": 0.2107329843,
        "operatingIncome": 45100000,
        "operatingIncomeRatio": 0.147578534,
        "totalOtherIncomeExpensesNet": 20900000,
        "incomeBeforeTax": 66000000,
        "incomeBeforeTaxRatio": 0.2159685864,
        "incomeTaxExpense": 23900000,
        "netIncome": 42100000,
        "netIncomeRatio": 0.1377617801,
        "eps": 10.15,
        "epsdiluted": 10.15,
        "weightedAverageShsOut": 4146667,
        "weightedAverageShsOutDil": 4146667,
        "link": null,
        "finalLink": null
    },
    {
        "date": "1997-06-30",
        "symbol": "NBR",
        "reportedCurrency": "USD",
        "cik": "0001163739",
        "fillingDate": "1997-06-30",
        "acceptedDate": "1997-06-30 00:00:00",
        "calendarYear": "1997",
        "period": "Q2",
        "revenue": 267900000,
        "costOfRevenue": 187200000,
        "grossProfit": 80700000,
        "grossProfitRatio": 0.3012318029,
        "researchAndDevelopmentExpenses": 0,
        "generalAndAdministrativeExpenses": 0,
        "sellingAndMarketingExpenses": 0,
        "sellingGeneralAndAdministrativeExpenses": 18500000,
        "otherExpenses": 17000000,
        "operatingExpenses": 35500000,
        "costAndExpenses": 222700000,
        "interestIncome": 0,
        "interestExpense": 0,
        "depreciationAndAmortization": 17000000,
        "ebitda": 54700000,
        "ebitdaratio": 0.2041806644,
        "operatingIncome": 37700000,
        "operatingIncomeRatio": 0.1407241508,
        "totalOtherIncomeExpensesNet": 10200000,
        "incomeBeforeTax": 47900000,
        "incomeBeforeTaxRatio": 0.178798059,
        "incomeTaxExpense": 16800000,
        "netIncome": 31100000,
        "netIncomeRatio": 0.1160880926,
        "eps": 7.5,
        "epsdiluted": 7.25,
        "weightedAverageShsOut": 4146667,
        "weightedAverageShsOutDil": 4289655,
        "link": null,
        "finalLink": null
    },
    {
        "date": "1997-03-31",
        "symbol": "NBR",
        "reportedCurrency": "USD",
        "cik": "0001163739",
        "fillingDate": "1997-03-31",
        "acceptedDate": "1997-03-31 00:00:00",
        "calendarYear": "1997",
        "period": "Q1",
        "revenue": 238700000,
        "costOfRevenue": 177500000,
        "grossProfit": 61200000,
        "grossProfitRatio": 0.2563887725,
        "researchAndDevelopmentExpenses": 0,
        "generalAndAdministrativeExpenses": 0,
        "sellingAndMarketingExpenses": 0,
        "sellingGeneralAndAdministrativeExpenses": 17300000,
        "otherExpenses": 15700000,
        "operatingExpenses": 33000000,
        "costAndExpenses": 210500000,
        "interestIncome": 0,
        "interestExpense": 0,
        "depreciationAndAmortization": 16400000,
        "ebitda": 36700000,
        "ebitdaratio": 0.1537494763,
        "operatingIncome": 20300000,
        "operatingIncomeRatio": 0.0850439883,
        "totalOtherIncomeExpensesNet": 12600000,
        "incomeBeforeTax": 32900000,
        "incomeBeforeTaxRatio": 0.137829912,
        "incomeTaxExpense": 11500000,
        "netIncome": 21400000,
        "netIncomeRatio": 0.0896522832,
        "eps": 5.25,
        "epsdiluted": 5.25,
        "weightedAverageShsOut": 4076190,
        "weightedAverageShsOutDil": 4076190,
        "link": null,
        "finalLink": null
    },
    {
        "date": "1996-12-31",
        "symbol": "NBR",
        "reportedCurrency": "USD",
        "cik": "0001163739",
        "fillingDate": "1996-12-31",
        "acceptedDate": "1996-12-31 00:00:00",
        "calendarYear": "1996",
        "period": "Q4",
        "revenue": 204100000,
        "costOfRevenue": 151800000,
        "grossProfit": 52300000,
        "grossProfitRatio": 0.2562469378,
        "researchAndDevelopmentExpenses": 0,
        "generalAndAdministrativeExpenses": 0,
        "sellingAndMarketingExpenses": 0,
        "sellingGeneralAndAdministrativeExpenses": 14600000,
        "otherExpenses": 13700000,
        "operatingExpenses": 28300000,
        "costAndExpenses": 180100000,
        "interestIncome": 0,
        "interestExpense": 0,
        "depreciationAndAmortization": 13700000,
        "ebitda": 21600000,
        "ebitdaratio": 0.1058304753,
        "operatingIncome": 7900000,
        "operatingIncomeRatio": 0.0387065164,
        "totalOtherIncomeExpensesNet": 28400000,
        "incomeBeforeTax": 36300000,
        "incomeBeforeTaxRatio": 0.1778539931,
        "incomeTaxExpense": 15700000,
        "netIncome": 20600000,
        "netIncomeRatio": 0.1009309162,
        "eps": 5.25,
        "epsdiluted": 5.25,
        "weightedAverageShsOut": 3923810,
        "weightedAverageShsOutDil": 3923810,
        "link": null,
        "finalLink": null
    },
    {
        "date": "1996-09-30",
        "symbol": "NBR",
        "reportedCurrency": "USD",
        "cik": "0001163739",
        "fillingDate": "1996-09-30",
        "acceptedDate": "1996-09-30 00:00:00",
        "calendarYear": "1996",
        "period": "Q3",
        "revenue": 210700000,
        "costOfRevenue": 160700000,
        "grossProfit": 50000000,
        "grossProfitRatio": 0.237304224,
        "researchAndDevelopmentExpenses": 0,
        "generalAndAdministrativeExpenses": 0,
        "sellingAndMarketingExpenses": 0,
        "sellingGeneralAndAdministrativeExpenses": 15300000,
        "otherExpenses": 13800000,
        "operatingExpenses": 29100000,
        "costAndExpenses": 189800000,
        "interestIncome": 0,
        "interestExpense": 0,
        "depreciationAndAmortization": 13800000,
        "ebitda": 28500000,
        "ebitdaratio": 0.1352634077,
        "operatingIncome": 14700000,
        "operatingIncomeRatio": 0.0697674419,
        "totalOtherIncomeExpensesNet": 8200000,
        "incomeBeforeTax": 22900000,
        "incomeBeforeTaxRatio": 0.1086853346,
        "incomeTaxExpense": 3200000,
        "netIncome": 19700000,
        "netIncomeRatio": 0.0934978643,
        "eps": 5.27,
        "epsdiluted": 5.27,
        "weightedAverageShsOut": 3740000,
        "weightedAverageShsOutDil": 3740000,
        "link": null,
        "finalLink": null
    },
    {
        "date": "1996-06-30",
        "symbol": "NBR",
        "reportedCurrency": "USD",
        "cik": "0001163739",
        "fillingDate": "1996-06-30",
        "acceptedDate": "1996-06-30 00:00:00",
        "calendarYear": "1996",
        "period": "Q2",
        "revenue": 181300000,
        "costOfRevenue": 134600000,
        "grossProfit": 46700000,
        "grossProfitRatio": 0.2575841147,
        "researchAndDevelopmentExpenses": 0,
        "generalAndAdministrativeExpenses": 0,
        "sellingAndMarketingExpenses": 0,
        "sellingGeneralAndAdministrativeExpenses": 14900000,
        "otherExpenses": 11300000,
        "operatingExpenses": 26200000,
        "costAndExpenses": 160800000,
        "interestIncome": 0,
        "interestExpense": 0,
        "depreciationAndAmortization": 11300000,
        "ebitda": 26800000,
        "ebitdaratio": 0.1478212907,
        "operatingIncome": 15500000,
        "operatingIncomeRatio": 0.0854936569,
        "totalOtherIncomeExpensesNet": 6600000,
        "incomeBeforeTax": 22100000,
        "incomeBeforeTaxRatio": 0.1218974076,
        "incomeTaxExpense": 3400000,
        "netIncome": 18700000,
        "netIncomeRatio": 0.1031439603,
        "eps": 5,
        "epsdiluted": 5,
        "weightedAverageShsOut": 3740000,
        "weightedAverageShsOutDil": 3740000,
        "link": null,
        "finalLink": null
    },
    {
        "date": "1996-03-31",
        "symbol": "NBR",
        "reportedCurrency": "USD",
        "cik": "0001163739",
        "fillingDate": "1996-03-31",
        "acceptedDate": "1996-03-31 00:00:00",
        "calendarYear": "1996",
        "period": "Q1",
        "revenue": 163300000,
        "costOfRevenue": 120000000,
        "grossProfit": 43300000,
        "grossProfitRatio": 0.2651561543,
        "researchAndDevelopmentExpenses": 0,
        "generalAndAdministrativeExpenses": 0,
        "sellingAndMarketingExpenses": 0,
        "sellingGeneralAndAdministrativeExpenses": 14100000,
        "otherExpenses": 11000000,
        "operatingExpenses": 25100000,
        "costAndExpenses": 145100000,
        "interestIncome": 0,
        "interestExpense": 0,
        "depreciationAndAmortization": 11000000,
        "ebitda": 25900000,
        "ebitdaratio": 0.1586037967,
        "operatingIncome": 14900000,
        "operatingIncomeRatio": 0.0912431108,
        "totalOtherIncomeExpensesNet": 4500000,
        "incomeBeforeTax": 19400000,
        "incomeBeforeTaxRatio": 0.1187997551,
        "incomeTaxExpense": 2600000,
        "netIncome": 16800000,
        "netIncomeRatio": 0.1028781384,
        "eps": 4.5,
        "epsdiluted": 4.5,
        "weightedAverageShsOut": 3733333,
        "weightedAverageShsOutDil": 3733333,
        "link": null,
        "finalLink": null
    },
    {
        "date": "1995-12-31",
        "symbol": "NBR",
        "reportedCurrency": "USD",
        "cik": "0001163739",
        "fillingDate": "1995-12-31",
        "acceptedDate": "1995-12-31 00:00:00",
        "calendarYear": "1995",
        "period": "Q4",
        "revenue": 164300000,
        "costOfRevenue": 124500000,
        "grossProfit": 39800000,
        "grossProfitRatio": 0.2422398052,
        "researchAndDevelopmentExpenses": 0,
        "generalAndAdministrativeExpenses": 0,
        "sellingAndMarketingExpenses": 0,
        "sellingGeneralAndAdministrativeExpenses": 12500000,
        "otherExpenses": 10000000,
        "operatingExpenses": 22500000,
        "costAndExpenses": 147000000,
        "interestIncome": 0,
        "interestExpense": 0,
        "depreciationAndAmortization": 10000000,
        "ebitda": 25400000,
        "ebitdaratio": 0.1545952526,
        "operatingIncome": 15400000,
        "operatingIncomeRatio": 0.0937309799,
        "totalOtherIncomeExpensesNet": 1900000,
        "incomeBeforeTax": 17300000,
        "incomeBeforeTaxRatio": 0.1052951917,
        "incomeTaxExpense": 2000000,
        "netIncome": 15300000,
        "netIncomeRatio": 0.0931223372,
        "eps": 4.25,
        "epsdiluted": 4.25,
        "weightedAverageShsOut": 3600000,
        "weightedAverageShsOutDil": 3600000,
        "link": null,
        "finalLink": null
    },
    {
        "date": "1995-09-30",
        "symbol": "NBR",
        "reportedCurrency": "USD",
        "cik": "0001163739",
        "fillingDate": "1995-09-30",
        "acceptedDate": "1995-09-30 00:00:00",
        "calendarYear": "1995",
        "period": "Q3",
        "revenue": 150800000,
        "costOfRevenue": 115600000,
        "grossProfit": 35200000,
        "grossProfitRatio": 0.2334217507,
        "researchAndDevelopmentExpenses": 0,
        "generalAndAdministrativeExpenses": 0,
        "sellingAndMarketingExpenses": 0,
        "sellingGeneralAndAdministrativeExpenses": 11700000,
        "otherExpenses": 7800000,
        "operatingExpenses": 19500000,
        "costAndExpenses": 135100000,
        "interestIncome": 0,
        "interestExpense": 0,
        "depreciationAndAmortization": 7800000,
        "ebitda": 21200000,
        "ebitdaratio": 0.1405835544,
        "operatingIncome": 13400000,
        "operatingIncomeRatio": 0.0888594164,
        "totalOtherIncomeExpensesNet": 3000000,
        "incomeBeforeTax": 16400000,
        "incomeBeforeTaxRatio": 0.1087533156,
        "incomeTaxExpense": 1700000,
        "netIncome": 14700000,
        "netIncomeRatio": 0.0974801061,
        "eps": 4.24,
        "epsdiluted": 4.24,
        "weightedAverageShsOut": 3466667,
        "weightedAverageShsOutDil": 3466667,
        "link": null,
        "finalLink": null
    },
    {
        "date": "1995-06-30",
        "symbol": "NBR",
        "reportedCurrency": "USD",
        "cik": "0001163739",
        "fillingDate": "1995-06-30",
        "acceptedDate": "1995-06-30 00:00:00",
        "calendarYear": "1995",
        "period": "Q2",
        "revenue": 152700000,
        "costOfRevenue": 115900000,
        "grossProfit": 36800000,
        "grossProfitRatio": 0.2409954158,
        "researchAndDevelopmentExpenses": 0,
        "generalAndAdministrativeExpenses": 0,
        "sellingAndMarketingExpenses": 0,
        "sellingGeneralAndAdministrativeExpenses": 12800000,
        "otherExpenses": 8900000,
        "operatingExpenses": 21700000,
        "costAndExpenses": 137600000,
        "interestIncome": 0,
        "interestExpense": 0,
        "depreciationAndAmortization": 8900000,
        "ebitda": 22900000,
        "ebitdaratio": 0.1499672561,
        "operatingIncome": 14000000,
        "operatingIncomeRatio": 0.0916830386,
        "totalOtherIncomeExpensesNet": -1000000,
        "incomeBeforeTax": 14100000,
        "incomeBeforeTaxRatio": 0.0923379175,
        "incomeTaxExpense": 1100000,
        "netIncome": 13000000,
        "netIncomeRatio": 0.0851342502,
        "eps": 3.75,
        "epsdiluted": 3.75,
        "weightedAverageShsOut": 3466667,
        "weightedAverageShsOutDil": 3466667,
        "link": null,
        "finalLink": null
    },
    {
        "date": "1995-03-31",
        "symbol": "NBR",
        "reportedCurrency": "USD",
        "cik": "0001163739",
        "fillingDate": "1995-03-31",
        "acceptedDate": "1995-03-31 00:00:00",
        "calendarYear": "1995",
        "period": "Q1",
        "revenue": 143300000,
        "costOfRevenue": 108800000,
        "grossProfit": 34500000,
        "grossProfitRatio": 0.2407536636,
        "researchAndDevelopmentExpenses": 0,
        "generalAndAdministrativeExpenses": 0,
        "sellingAndMarketingExpenses": 0,
        "sellingGeneralAndAdministrativeExpenses": 13000000,
        "otherExpenses": 7400000,
        "operatingExpenses": 20400000,
        "costAndExpenses": 129200000,
        "interestIncome": 0,
        "interestExpense": 0,
        "depreciationAndAmortization": 7300000,
        "ebitda": 21500000,
        "ebitdaratio": 0.1500348918,
        "operatingIncome": 11800000,
        "operatingIncomeRatio": 0.0823447313,
        "totalOtherIncomeExpensesNet": 400000,
        "incomeBeforeTax": 14500000,
        "incomeBeforeTaxRatio": 0.1011863224,
        "incomeTaxExpense": 2200000,
        "netIncome": 12300000,
        "netIncomeRatio": 0.0858339149,
        "eps": 3.5,
        "epsdiluted": 3.5,
        "weightedAverageShsOut": 3514286,
        "weightedAverageShsOutDil": 3514286,
        "link": null,
        "finalLink": null
    },
    {
        "date": "1994-12-31",
        "symbol": "NBR",
        "reportedCurrency": "USD",
        "cik": "0001163739",
        "fillingDate": "1994-12-31",
        "acceptedDate": "1994-12-31 00:00:00",
        "calendarYear": "1994",
        "period": "Q4",
        "revenue": 126000000,
        "costOfRevenue": 93700000,
        "grossProfit": 32300000,
        "grossProfitRatio": 0.2563492063,
        "researchAndDevelopmentExpenses": 0,
        "generalAndAdministrativeExpenses": 0,
        "sellingAndMarketingExpenses": 0,
        "sellingGeneralAndAdministrativeExpenses": 11600000,
        "otherExpenses": 7000000,
        "operatingExpenses": 18600000,
        "costAndExpenses": 112300000,
        "interestIncome": 0,
        "interestExpense": 0,
        "depreciationAndAmortization": 7000000,
        "ebitda": 18900000,
        "ebitdaratio": 0.15,
        "operatingIncome": 11900000,
        "operatingIncomeRatio": 0.0944444444,
        "totalOtherIncomeExpensesNet": -100000,
        "incomeBeforeTax": 13600000,
        "incomeBeforeTaxRatio": 0.1079365079,
        "incomeTaxExpense": 2500000,
        "netIncome": 11100000,
        "netIncomeRatio": 0.0880952381,
        "eps": 3.25,
        "epsdiluted": 3.25,
        "weightedAverageShsOut": 3415385,
        "weightedAverageShsOutDil": 3415385,
        "link": null,
        "finalLink": null
    },
    {
        "date": "1994-09-30",
        "symbol": "NBR",
        "reportedCurrency": "USD",
        "cik": "0001163739",
        "fillingDate": "1994-09-30",
        "acceptedDate": "1994-09-30 00:00:00",
        "calendarYear": "1994",
        "period": "Q3",
        "revenue": 104600000,
        "costOfRevenue": 79200000,
        "grossProfit": 25400000,
        "grossProfitRatio": 0.2428298279,
        "researchAndDevelopmentExpenses": 0,
        "generalAndAdministrativeExpenses": 0,
        "sellingAndMarketingExpenses": 0,
        "sellingGeneralAndAdministrativeExpenses": 10200000,
        "otherExpenses": 4700000,
        "operatingExpenses": 14900000,
        "costAndExpenses": 94100000,
        "interestIncome": 0,
        "interestExpense": 0,
        "depreciationAndAmortization": 4700000,
        "ebitda": 13100000,
        "ebitdaratio": 0.1252390057,
        "operatingIncome": 8400000,
        "operatingIncomeRatio": 0.0803059273,
        "totalOtherIncomeExpensesNet": 2500000,
        "incomeBeforeTax": 10900000,
        "incomeBeforeTaxRatio": 0.104206501,
        "incomeTaxExpense": 1600000,
        "netIncome": 9300000,
        "netIncomeRatio": 0.0889101338,
        "eps": 3.18,
        "epsdiluted": 3.18,
        "weightedAverageShsOut": 2921212,
        "weightedAverageShsOutDil": 2921212,
        "link": null,
        "finalLink": null
    },
    {
        "date": "1994-06-30",
        "symbol": "NBR",
        "reportedCurrency": "USD",
        "cik": "0001163739",
        "fillingDate": "1994-06-30",
        "acceptedDate": "1994-06-30 00:00:00",
        "calendarYear": "1994",
        "period": "Q2",
        "revenue": 96900000,
        "costOfRevenue": 74300000,
        "grossProfit": 22600000,
        "grossProfitRatio": 0.2332301342,
        "researchAndDevelopmentExpenses": 0,
        "generalAndAdministrativeExpenses": 0,
        "sellingAndMarketingExpenses": 0,
        "sellingGeneralAndAdministrativeExpenses": 39900000,
        "otherExpenses": 4800000,
        "operatingExpenses": 44700000,
        "costAndExpenses": 119000000,
        "interestIncome": 0,
        "interestExpense": 900000,
        "depreciationAndAmortization": 4800000,
        "ebitda": -17300000,
        "ebitdaratio": -0.1785345717,
        "operatingIncome": -22500000,
        "operatingIncomeRatio": -0.2321981424,
        "totalOtherIncomeExpensesNet": -1300000,
        "incomeBeforeTax": -23400000,
        "incomeBeforeTaxRatio": -0.2414860681,
        "incomeTaxExpense": 700000,
        "netIncome": -24100000,
        "netIncomeRatio": -0.2487100103,
        "eps": -8.25,
        "epsdiluted": -8.25,
        "weightedAverageShsOut": 2921212,
        "weightedAverageShsOutDil": 2921212,
        "link": null,
        "finalLink": null
    },
    {
        "date": "1994-03-31",
        "symbol": "NBR",
        "reportedCurrency": "USD",
        "cik": "0001163739",
        "fillingDate": "1994-03-31",
        "acceptedDate": "1994-03-31 00:00:00",
        "calendarYear": "1994",
        "period": "Q1",
        "revenue": 103500000,
        "costOfRevenue": 79500000,
        "grossProfit": 24000000,
        "grossProfitRatio": 0.231884058,
        "researchAndDevelopmentExpenses": 0,
        "generalAndAdministrativeExpenses": 0,
        "sellingAndMarketingExpenses": 0,
        "sellingGeneralAndAdministrativeExpenses": 10500000,
        "otherExpenses": 5100000,
        "operatingExpenses": 15600000,
        "costAndExpenses": 95100000,
        "interestIncome": 0,
        "interestExpense": 0,
        "depreciationAndAmortization": 5000000,
        "ebitda": 13500000,
        "ebitdaratio": 0.1304347826,
        "operatingIncome": 7400000,
        "operatingIncomeRatio": 0.0714975845,
        "totalOtherIncomeExpensesNet": -700000,
        "incomeBeforeTax": 7700000,
        "incomeBeforeTaxRatio": 0.0743961353,
        "incomeTaxExpense": 700000,
        "netIncome": 7000000,
        "netIncomeRatio": 0.0676328502,
        "eps": 2.5,
        "epsdiluted": 2.5,
        "weightedAverageShsOut": 2800000,
        "weightedAverageShsOutDil": 2800000,
        "link": null,
        "finalLink": null
    },
    {
        "date": "1993-12-31",
        "symbol": "NBR",
        "reportedCurrency": "USD",
        "cik": "0001163739",
        "fillingDate": "1993-12-31",
        "acceptedDate": "1993-12-31 00:00:00",
        "calendarYear": "1993",
        "period": "Q4",
        "revenue": 117600000,
        "costOfRevenue": 92100000,
        "grossProfit": 25500000,
        "grossProfitRatio": 0.2168367347,
        "researchAndDevelopmentExpenses": 0,
        "generalAndAdministrativeExpenses": 0,
        "sellingAndMarketingExpenses": 0,
        "sellingGeneralAndAdministrativeExpenses": 10600000,
        "otherExpenses": 5400000,
        "operatingExpenses": 16000000,
        "costAndExpenses": 108100000,
        "interestIncome": 0,
        "interestExpense": 0,
        "depreciationAndAmortization": 5400000,
        "ebitda": 13400000,
        "ebitdaratio": 0.1139455782,
        "operatingIncome": 8000000,
        "operatingIncomeRatio": 0.0680272109,
        "totalOtherIncomeExpensesNet": -300000,
        "incomeBeforeTax": 9200000,
        "incomeBeforeTaxRatio": 0.0782312925,
        "incomeTaxExpense": 700000,
        "netIncome": 8500000,
        "netIncomeRatio": 0.0722789116,
        "eps": 3,
        "epsdiluted": 3,
        "weightedAverageShsOut": 2833333,
        "weightedAverageShsOutDil": 2833333,
        "link": null,
        "finalLink": null
    },
    {
        "date": "1993-09-30",
        "symbol": "NBR",
        "reportedCurrency": "USD",
        "cik": "0001163739",
        "fillingDate": "1993-09-30",
        "acceptedDate": "1993-09-30 00:00:00",
        "calendarYear": "1993",
        "period": "Q3",
        "revenue": 119900000,
        "costOfRevenue": 96800000,
        "grossProfit": 23100000,
        "grossProfitRatio": 0.1926605505,
        "researchAndDevelopmentExpenses": 0,
        "generalAndAdministrativeExpenses": 0,
        "sellingAndMarketingExpenses": 0,
        "sellingGeneralAndAdministrativeExpenses": 10000000,
        "otherExpenses": 5100000,
        "operatingExpenses": 15100000,
        "costAndExpenses": 111900000,
        "interestIncome": 0,
        "interestExpense": 700000,
        "depreciationAndAmortization": 5100000,
        "ebitda": 12500000,
        "ebitdaratio": 0.1042535446,
        "operatingIncome": 7400000,
        "operatingIncomeRatio": 0.0617180984,
        "totalOtherIncomeExpensesNet": -1300000,
        "incomeBeforeTax": 6700000,
        "incomeBeforeTaxRatio": 0.0558798999,
        "incomeTaxExpense": -400000,
        "netIncome": 7100000,
        "netIncomeRatio": 0.0592160133,
        "eps": 2.63,
        "epsdiluted": 2.63,
        "weightedAverageShsOut": 2700000,
        "weightedAverageShsOutDil": 2700000,
        "link": null,
        "finalLink": null
    },
    {
        "date": "1993-06-30",
        "symbol": "NBR",
        "reportedCurrency": "USD",
        "cik": "0001163739",
        "fillingDate": "1993-06-30",
        "acceptedDate": "1993-06-30 00:00:00",
        "calendarYear": "1993",
        "period": "Q2",
        "revenue": 83300000,
        "costOfRevenue": 60100000,
        "grossProfit": 23200000,
        "grossProfitRatio": 0.2785114046,
        "researchAndDevelopmentExpenses": 0,
        "generalAndAdministrativeExpenses": 0,
        "sellingAndMarketingExpenses": 0,
        "sellingGeneralAndAdministrativeExpenses": 10500000,
        "otherExpenses": 4800000,
        "operatingExpenses": 15300000,
        "costAndExpenses": 75400000,
        "interestIncome": 0,
        "interestExpense": 0,
        "depreciationAndAmortization": 4800000,
        "ebitda": 6200000,
        "ebitdaratio": 0.0744297719,
        "operatingIncome": 1400000,
        "operatingIncomeRatio": 0.0168067227,
        "totalOtherIncomeExpensesNet": 11000000,
        "incomeBeforeTax": 12400000,
        "incomeBeforeTaxRatio": 0.1488595438,
        "incomeTaxExpense": 1600000,
        "netIncome": 10800000,
        "netIncomeRatio": 0.1296518607,
        "eps": 4,
        "epsdiluted": 4,
        "weightedAverageShsOut": 2700000,
        "weightedAverageShsOutDil": 2700000,
        "link": null,
        "finalLink": null
    },
    {
        "date": "1993-03-31",
        "symbol": "NBR",
        "reportedCurrency": "USD",
        "cik": "0001163739",
        "fillingDate": "1993-03-31",
        "acceptedDate": "1993-03-31 00:00:00",
        "calendarYear": "1993",
        "period": "Q1",
        "revenue": 78900000,
        "costOfRevenue": 56800000,
        "grossProfit": 22100000,
        "grossProfitRatio": 0.2801013942,
        "researchAndDevelopmentExpenses": 0,
        "generalAndAdministrativeExpenses": 0,
        "sellingAndMarketingExpenses": 0,
        "sellingGeneralAndAdministrativeExpenses": 9700000,
        "otherExpenses": 4500000,
        "operatingExpenses": 14200000,
        "costAndExpenses": 71000000,
        "interestIncome": 0,
        "interestExpense": 0,
        "depreciationAndAmortization": 4500000,
        "ebitda": 9100000,
        "ebitdaratio": 0.1153358682,
        "operatingIncome": 4600000,
        "operatingIncomeRatio": 0.0583016477,
        "totalOtherIncomeExpensesNet": 4700000,
        "incomeBeforeTax": 9300000,
        "incomeBeforeTaxRatio": 0.1178707224,
        "incomeTaxExpense": 600000,
        "netIncome": 8700000,
        "netIncomeRatio": 0.1102661597,
        "eps": 3.25,
        "epsdiluted": 3.25,
        "weightedAverageShsOut": 2676923,
        "weightedAverageShsOutDil": 2676923,
        "link": null,
        "finalLink": null
    },
    {
        "date": "1992-12-31",
        "symbol": "NBR",
        "reportedCurrency": "USD",
        "cik": "0001163739",
        "fillingDate": "1992-12-31",
        "acceptedDate": "1992-12-31 00:00:00",
        "calendarYear": "1992",
        "period": "Q4",
        "revenue": 69900000,
        "costOfRevenue": 47500000,
        "grossProfit": 22400000,
        "grossProfitRatio": 0.3204577969,
        "researchAndDevelopmentExpenses": 0,
        "generalAndAdministrativeExpenses": 0,
        "sellingAndMarketingExpenses": 0,
        "sellingGeneralAndAdministrativeExpenses": 10200000,
        "otherExpenses": 4300000,
        "operatingExpenses": 14500000,
        "costAndExpenses": 62000000,
        "interestIncome": 0,
        "interestExpense": 0,
        "depreciationAndAmortization": 4300000,
        "ebitda": 9800000,
        "ebitdaratio": 0.1402002861,
        "operatingIncome": 5500000,
        "operatingIncomeRatio": 0.078683834,
        "totalOtherIncomeExpensesNet": 2700000,
        "incomeBeforeTax": 8200000,
        "incomeBeforeTaxRatio": 0.1173104435,
        "incomeTaxExpense": 500000,
        "netIncome": 7700000,
        "netIncomeRatio": 0.1101573677,
        "eps": 3,
        "epsdiluted": 3,
        "weightedAverageShsOut": 2566667,
        "weightedAverageShsOutDil": 2566667,
        "link": null,
        "finalLink": null
    },
    {
        "date": "1992-09-30",
        "symbol": "NBR",
        "reportedCurrency": "USD",
        "cik": "0001163739",
        "fillingDate": "1992-09-30",
        "acceptedDate": "1992-09-30 00:00:00",
        "calendarYear": "1992",
        "period": "Q3",
        "revenue": 73800000,
        "costOfRevenue": 49000000,
        "grossProfit": 24800000,
        "grossProfitRatio": 0.3360433604,
        "researchAndDevelopmentExpenses": 0,
        "generalAndAdministrativeExpenses": 0,
        "sellingAndMarketingExpenses": 0,
        "sellingGeneralAndAdministrativeExpenses": 11600000,
        "otherExpenses": 4600000,
        "operatingExpenses": 16200000,
        "costAndExpenses": 65200000,
        "interestIncome": 0,
        "interestExpense": 0,
        "depreciationAndAmortization": 4600000,
        "ebitda": 10900000,
        "ebitdaratio": 0.147696477,
        "operatingIncome": 6300000,
        "operatingIncomeRatio": 0.0853658537,
        "totalOtherIncomeExpensesNet": 3200000,
        "incomeBeforeTax": 9500000,
        "incomeBeforeTaxRatio": 0.1287262873,
        "incomeTaxExpense": 300000,
        "netIncome": 9200000,
        "netIncomeRatio": 0.1246612466,
        "eps": 3.65,
        "epsdiluted": 3.65,
        "weightedAverageShsOut": 2523077,
        "weightedAverageShsOutDil": 2523077,
        "link": null,
        "finalLink": null
    },
    {
        "date": "1992-06-30",
        "symbol": "NBR",
        "reportedCurrency": "USD",
        "cik": "0001163739",
        "fillingDate": "1992-06-30",
        "acceptedDate": "1992-06-30 00:00:00",
        "calendarYear": "1992",
        "period": "Q2",
        "revenue": 68900000,
        "costOfRevenue": 47500000,
        "grossProfit": 21400000,
        "grossProfitRatio": 0.3105950653,
        "researchAndDevelopmentExpenses": 0,
        "generalAndAdministrativeExpenses": 0,
        "sellingAndMarketingExpenses": 0,
        "sellingGeneralAndAdministrativeExpenses": 10000000,
        "otherExpenses": 3200000,
        "operatingExpenses": 13200000,
        "costAndExpenses": 60700000,
        "interestIncome": 0,
        "interestExpense": 0,
        "depreciationAndAmortization": 3200000,
        "ebitda": 9600000,
        "ebitdaratio": 0.1393323657,
        "operatingIncome": 6400000,
        "operatingIncomeRatio": 0.0928882438,
        "totalOtherIncomeExpensesNet": 2100000,
        "incomeBeforeTax": 8500000,
        "incomeBeforeTaxRatio": 0.1233671988,
        "incomeTaxExpense": 300000,
        "netIncome": 8200000,
        "netIncomeRatio": 0.1190130624,
        "eps": 3.25,
        "epsdiluted": 3.25,
        "weightedAverageShsOut": 2523077,
        "weightedAverageShsOutDil": 2523077,
        "link": null,
        "finalLink": null
    },
    {
        "date": "1992-03-31",
        "symbol": "NBR",
        "reportedCurrency": "USD",
        "cik": "0001163739",
        "fillingDate": "1992-03-31",
        "acceptedDate": "1992-03-31 00:00:00",
        "calendarYear": "1992",
        "period": "Q1",
        "revenue": 75300000,
        "costOfRevenue": 52300000,
        "grossProfit": 23000000,
        "grossProfitRatio": 0.3054448871,
        "researchAndDevelopmentExpenses": 0,
        "generalAndAdministrativeExpenses": 0,
        "sellingAndMarketingExpenses": 0,
        "sellingGeneralAndAdministrativeExpenses": 10800000,
        "otherExpenses": 3300000,
        "operatingExpenses": 14100000,
        "costAndExpenses": 66400000,
        "interestIncome": 0,
        "interestExpense": 0,
        "depreciationAndAmortization": 3200000,
        "ebitda": 12200000,
        "ebitdaratio": 0.1620185923,
        "operatingIncome": 7900000,
        "operatingIncomeRatio": 0.1049136786,
        "totalOtherIncomeExpensesNet": -400000,
        "incomeBeforeTax": 8500000,
        "incomeBeforeTaxRatio": 0.1128818061,
        "incomeTaxExpense": 300000,
        "netIncome": 8200000,
        "netIncomeRatio": 0.1088977424,
        "eps": 3.25,
        "epsdiluted": 3.25,
        "weightedAverageShsOut": 2523077,
        "weightedAverageShsOutDil": 2523077,
        "link": null,
        "finalLink": null
    },
    {
        "date": "1991-12-31",
        "symbol": "NBR",
        "reportedCurrency": "USD",
        "cik": "0001163739",
        "fillingDate": "1991-12-31",
        "acceptedDate": "1991-12-31 00:00:00",
        "calendarYear": "1991",
        "period": "Q4",
        "revenue": 68400000,
        "costOfRevenue": 46300000,
        "grossProfit": 22100000,
        "grossProfitRatio": 0.3230994152,
        "researchAndDevelopmentExpenses": 0,
        "generalAndAdministrativeExpenses": 0,
        "sellingAndMarketingExpenses": 0,
        "sellingGeneralAndAdministrativeExpenses": 10200000,
        "otherExpenses": 3400000,
        "operatingExpenses": 13600000,
        "costAndExpenses": 59900000,
        "interestIncome": 0,
        "interestExpense": 0,
        "depreciationAndAmortization": 3400000,
        "ebitda": 10100000,
        "ebitdaratio": 0.1476608187,
        "operatingIncome": 6700000,
        "operatingIncomeRatio": 0.0979532164,
        "totalOtherIncomeExpensesNet": 2300000,
        "incomeBeforeTax": 9000000,
        "incomeBeforeTaxRatio": 0.1315789474,
        "incomeTaxExpense": 800000,
        "netIncome": 8200000,
        "netIncomeRatio": 0.1198830409,
        "eps": 3.25,
        "epsdiluted": 3.25,
        "weightedAverageShsOut": 2523077,
        "weightedAverageShsOutDil": 2523077,
        "link": null,
        "finalLink": null
    },
    {
        "date": "1991-09-30",
        "symbol": "NBR",
        "reportedCurrency": "USD",
        "cik": "0001163739",
        "fillingDate": "1991-09-30",
        "acceptedDate": "1991-09-30 00:00:00",
        "calendarYear": "1991",
        "period": "Q3",
        "revenue": 60000000,
        "costOfRevenue": 40400000,
        "grossProfit": 19600000,
        "grossProfitRatio": 0.3266666667,
        "researchAndDevelopmentExpenses": 0,
        "generalAndAdministrativeExpenses": 0,
        "sellingAndMarketingExpenses": 0,
        "sellingGeneralAndAdministrativeExpenses": 10100000,
        "otherExpenses": 2400000,
        "operatingExpenses": 12500000,
        "costAndExpenses": 52900000,
        "interestIncome": 0,
        "interestExpense": 0,
        "depreciationAndAmortization": 2400000,
        "ebitda": 7000000,
        "ebitdaratio": 0.1166666667,
        "operatingIncome": 4600000,
        "operatingIncomeRatio": 0.0766666667,
        "totalOtherIncomeExpensesNet": 4500000,
        "incomeBeforeTax": 9100000,
        "incomeBeforeTaxRatio": 0.1516666667,
        "incomeTaxExpense": 200000,
        "netIncome": 8900000,
        "netIncomeRatio": 0.1483333333,
        "eps": 3.6,
        "epsdiluted": 3.6,
        "weightedAverageShsOut": 2472727,
        "weightedAverageShsOutDil": 2472727,
        "link": null,
        "finalLink": null
    },
    {
        "date": "1991-06-30",
        "symbol": "NBR",
        "reportedCurrency": "USD",
        "cik": "0001163739",
        "fillingDate": "1991-06-30",
        "acceptedDate": "1991-06-30 00:00:00",
        "calendarYear": "1991",
        "period": "Q2",
        "revenue": 58700000,
        "costOfRevenue": 40600000,
        "grossProfit": 18100000,
        "grossProfitRatio": 0.3083475298,
        "researchAndDevelopmentExpenses": 0,
        "generalAndAdministrativeExpenses": 0,
        "sellingAndMarketingExpenses": 0,
        "sellingGeneralAndAdministrativeExpenses": 8400000,
        "otherExpenses": 2300000,
        "operatingExpenses": 10700000,
        "costAndExpenses": 51300000,
        "interestIncome": 0,
        "interestExpense": 0,
        "depreciationAndAmortization": 2300000,
        "ebitda": 8200000,
        "ebitdaratio": 0.139693356,
        "operatingIncome": 5900000,
        "operatingIncomeRatio": 0.1005110733,
        "totalOtherIncomeExpensesNet": 1600000,
        "incomeBeforeTax": 7500000,
        "incomeBeforeTaxRatio": 0.1277683135,
        "incomeTaxExpense": 700000,
        "netIncome": 6800000,
        "netIncomeRatio": 0.1158432709,
        "eps": 2.75,
        "epsdiluted": 2.75,
        "weightedAverageShsOut": 2472727,
        "weightedAverageShsOutDil": 2472727,
        "link": null,
        "finalLink": null
    },
    {
        "date": "1991-03-31",
        "symbol": "NBR",
        "reportedCurrency": "USD",
        "cik": "0001163739",
        "fillingDate": "1991-03-31",
        "acceptedDate": "1991-03-31 00:00:00",
        "calendarYear": "1991",
        "period": "Q1",
        "revenue": 64000000,
        "costOfRevenue": 47200000,
        "grossProfit": 16800000,
        "grossProfitRatio": 0.2625,
        "researchAndDevelopmentExpenses": 0,
        "generalAndAdministrativeExpenses": 0,
        "sellingAndMarketingExpenses": 0,
        "sellingGeneralAndAdministrativeExpenses": 8300000,
        "otherExpenses": 1900000,
        "operatingExpenses": 10200000,
        "costAndExpenses": 57400000,
        "interestIncome": 0,
        "interestExpense": 0,
        "depreciationAndAmortization": 1900000,
        "ebitda": 6600000,
        "ebitdaratio": 0.103125,
        "operatingIncome": 4700000,
        "operatingIncomeRatio": 0.0734375,
        "totalOtherIncomeExpensesNet": 2500000,
        "incomeBeforeTax": 7200000,
        "incomeBeforeTaxRatio": 0.1125,
        "incomeTaxExpense": 1000000,
        "netIncome": 6200000,
        "netIncomeRatio": 0.096875,
        "eps": 2.5,
        "epsdiluted": 2.5,
        "weightedAverageShsOut": 2480000,
        "weightedAverageShsOutDil": 2480000,
        "link": null,
        "finalLink": null
    },
    {
        "date": "1990-12-31",
        "symbol": "NBR",
        "reportedCurrency": "USD",
        "cik": "0001163739",
        "fillingDate": "1990-12-31",
        "acceptedDate": "1990-12-31 00:00:00",
        "calendarYear": "1990",
        "period": "Q4",
        "revenue": 57400000,
        "costOfRevenue": 42100000,
        "grossProfit": 15300000,
        "grossProfitRatio": 0.2665505226,
        "researchAndDevelopmentExpenses": 0,
        "generalAndAdministrativeExpenses": 0,
        "sellingAndMarketingExpenses": 0,
        "sellingGeneralAndAdministrativeExpenses": 7600000,
        "otherExpenses": 1900000,
        "operatingExpenses": 9500000,
        "costAndExpenses": 51600000,
        "interestIncome": 0,
        "interestExpense": 0,
        "depreciationAndAmortization": 1900000,
        "ebitda": 6300000,
        "ebitdaratio": 0.1097560976,
        "operatingIncome": 4400000,
        "operatingIncomeRatio": 0.0766550523,
        "totalOtherIncomeExpensesNet": 1800000,
        "incomeBeforeTax": 6200000,
        "incomeBeforeTaxRatio": 0.1080139373,
        "incomeTaxExpense": 900000,
        "netIncome": 5300000,
        "netIncomeRatio": 0.0923344948,
        "eps": 2.25,
        "epsdiluted": 2.25,
        "weightedAverageShsOut": 2355556,
        "weightedAverageShsOutDil": 2355556,
        "link": null,
        "finalLink": null
    },
    {
        "date": "1990-09-30",
        "symbol": "NBR",
        "reportedCurrency": "USD",
        "cik": "0001163739",
        "fillingDate": "1990-09-30",
        "acceptedDate": "1990-09-30 00:00:00",
        "calendarYear": "1990",
        "period": "Q3",
        "revenue": 47400000,
        "costOfRevenue": 33700000,
        "grossProfit": 13700000,
        "grossProfitRatio": 0.2890295359,
        "researchAndDevelopmentExpenses": 0,
        "generalAndAdministrativeExpenses": 0,
        "sellingAndMarketingExpenses": 0,
        "sellingGeneralAndAdministrativeExpenses": 8800000,
        "otherExpenses": -200000,
        "operatingExpenses": 8600000,
        "costAndExpenses": 42300000,
        "interestIncome": 0,
        "interestExpense": 0,
        "depreciationAndAmortization": -200000,
        "ebitda": 4900000,
        "ebitdaratio": 0.1033755274,
        "operatingIncome": 1500000,
        "operatingIncomeRatio": 0.0316455696,
        "totalOtherIncomeExpensesNet": 2300000,
        "incomeBeforeTax": 7400000,
        "incomeBeforeTaxRatio": 0.1561181435,
        "incomeTaxExpense": 1400000,
        "netIncome": 6000000,
        "netIncomeRatio": 0.1265822785,
        "eps": 2.69,
        "epsdiluted": 2.69,
        "weightedAverageShsOut": 2228571,
        "weightedAverageShsOutDil": 2228571,
        "link": null,
        "finalLink": null
    },
    {
        "date": "1990-06-30",
        "symbol": "NBR",
        "reportedCurrency": "USD",
        "cik": "0001163739",
        "fillingDate": "1990-06-30",
        "acceptedDate": "1990-06-30 00:00:00",
        "calendarYear": "1990",
        "period": "Q2",
        "revenue": 41700000,
        "costOfRevenue": 29900000,
        "grossProfit": 11800000,
        "grossProfitRatio": 0.2829736211,
        "researchAndDevelopmentExpenses": 0,
        "generalAndAdministrativeExpenses": 0,
        "sellingAndMarketingExpenses": 0,
        "sellingGeneralAndAdministrativeExpenses": 6400000,
        "otherExpenses": 2200000,
        "operatingExpenses": 8600000,
        "costAndExpenses": 38500000,
        "interestIncome": 0,
        "interestExpense": 0,
        "depreciationAndAmortization": 2200000,
        "ebitda": 2700000,
        "ebitdaratio": 0.0647482014,
        "operatingIncome": 500000,
        "operatingIncomeRatio": 0.0119904077,
        "totalOtherIncomeExpensesNet": 4200000,
        "incomeBeforeTax": 4700000,
        "incomeBeforeTaxRatio": 0.1127098321,
        "incomeTaxExpense": 800000,
        "netIncome": 3900000,
        "netIncomeRatio": 0.0935251799,
        "eps": 1.75,
        "epsdiluted": 1.75,
        "weightedAverageShsOut": 2228571,
        "weightedAverageShsOutDil": 2228571,
        "link": null,
        "finalLink": null
    },
    {
        "date": "1990-03-31",
        "symbol": "NBR",
        "reportedCurrency": "USD",
        "cik": "0001163739",
        "fillingDate": "1990-03-31",
        "acceptedDate": "1990-03-31 00:00:00",
        "calendarYear": "1990",
        "period": "Q1",
        "revenue": 31300000,
        "costOfRevenue": 22600000,
        "grossProfit": 8700000,
        "grossProfitRatio": 0.2779552716,
        "researchAndDevelopmentExpenses": 0,
        "generalAndAdministrativeExpenses": 0,
        "sellingAndMarketingExpenses": 0,
        "sellingGeneralAndAdministrativeExpenses": 4200000,
        "otherExpenses": 1700000,
        "operatingExpenses": 5900000,
        "costAndExpenses": 28500000,
        "interestIncome": 0,
        "interestExpense": 0,
        "depreciationAndAmortization": 1700000,
        "ebitda": 3300000,
        "ebitdaratio": 0.1054313099,
        "operatingIncome": 1600000,
        "operatingIncomeRatio": 0.0511182109,
        "totalOtherIncomeExpensesNet": 1800000,
        "incomeBeforeTax": 3400000,
        "incomeBeforeTaxRatio": 0.1086261981,
        "incomeTaxExpense": 300000,
        "netIncome": 3100000,
        "netIncomeRatio": 0.0990415335,
        "eps": 1.5,
        "epsdiluted": 1.5,
        "weightedAverageShsOut": 2066667,
        "weightedAverageShsOutDil": 2066667,
        "link": null,
        "finalLink": null
    },
    {
        "date": "1989-12-31",
        "symbol": "NBR",
        "reportedCurrency": "USD",
        "cik": "0001163739",
        "fillingDate": "1989-12-31",
        "acceptedDate": "1989-12-31 00:00:00",
        "calendarYear": "1989",
        "period": "Q4",
        "revenue": 18500000,
        "costOfRevenue": 13400000,
        "grossProfit": 5100000,
        "grossProfitRatio": 0.2756756757,
        "researchAndDevelopmentExpenses": 0,
        "generalAndAdministrativeExpenses": 0,
        "sellingAndMarketingExpenses": 0,
        "sellingGeneralAndAdministrativeExpenses": 2700000,
        "otherExpenses": 800000,
        "operatingExpenses": 3500000,
        "costAndExpenses": 16900000,
        "interestIncome": 0,
        "interestExpense": 0,
        "depreciationAndAmortization": 800000,
        "ebitda": 2200000,
        "ebitdaratio": 0.1189189189,
        "operatingIncome": 1400000,
        "operatingIncomeRatio": 0.0756756757,
        "totalOtherIncomeExpensesNet": 200000,
        "incomeBeforeTax": 1600000,
        "incomeBeforeTaxRatio": 0.0864864865,
        "incomeTaxExpense": -100000,
        "netIncome": 1700000,
        "netIncomeRatio": 0.0918918919,
        "eps": 1,
        "epsdiluted": 1,
        "weightedAverageShsOut": 1700000,
        "weightedAverageShsOutDil": 1700000,
        "link": null,
        "finalLink": null
    },
    {
        "date": "1989-09-30",
        "symbol": "NBR",
        "reportedCurrency": "USD",
        "cik": "0001163739",
        "fillingDate": "1989-09-30",
        "acceptedDate": "1989-09-30 00:00:00",
        "calendarYear": "1989",
        "period": "Q3",
        "revenue": 13900000,
        "costOfRevenue": 0,
        "grossProfit": 13900000,
        "grossProfitRatio": 1,
        "researchAndDevelopmentExpenses": 0,
        "generalAndAdministrativeExpenses": 0,
        "sellingAndMarketingExpenses": 0,
        "sellingGeneralAndAdministrativeExpenses": 0,
        "otherExpenses": -71200000,
        "operatingExpenses": -71200000,
        "costAndExpenses": -71200000,
        "interestIncome": 0,
        "interestExpense": 0,
        "depreciationAndAmortization": 0,
        "ebitda": -57300000,
        "ebitdaratio": -4.1223021583,
        "operatingIncome": -57300000,
        "operatingIncomeRatio": -4.1223021583,
        "totalOtherIncomeExpensesNet": 57300000,
        "incomeBeforeTax": 0,
        "incomeBeforeTaxRatio": 0,
        "incomeTaxExpense": 0,
        "netIncome": 1600000,
        "netIncomeRatio": 0.1151079137,
        "eps": 0.9182947267,
        "epsdiluted": 0.9182947267,
        "weightedAverageShsOut": 1742360,
        "weightedAverageShsOutDil": 1742360,
        "link": null,
        "finalLink": null
    },
    {
        "date": "1989-06-30",
        "symbol": "NBR",
        "reportedCurrency": "USD",
        "cik": "0001163739",
        "fillingDate": "1989-06-30",
        "acceptedDate": "1989-06-30 00:00:00",
        "calendarYear": "1989",
        "period": "Q2",
        "revenue": 17900000,
        "costOfRevenue": 0,
        "grossProfit": 17900000,
        "grossProfitRatio": 1,
        "researchAndDevelopmentExpenses": 0,
        "generalAndAdministrativeExpenses": 0,
        "sellingAndMarketingExpenses": 0,
        "sellingGeneralAndAdministrativeExpenses": 0,
        "otherExpenses": 0,
        "operatingExpenses": 0,
        "costAndExpenses": 0,
        "interestIncome": 0,
        "interestExpense": 0,
        "depreciationAndAmortization": 0,
        "ebitda": 17900000,
        "ebitdaratio": 1,
        "operatingIncome": 17900000,
        "operatingIncomeRatio": 1,
        "totalOtherIncomeExpensesNet": -17900000,
        "incomeBeforeTax": 0,
        "incomeBeforeTaxRatio": 0,
        "incomeTaxExpense": 0,
        "netIncome": 600000,
        "netIncomeRatio": 0.0335195531,
        "eps": 0.25,
        "epsdiluted": 0.25,
        "weightedAverageShsOut": 1742360,
        "weightedAverageShsOutDil": 1742360,
        "link": null,
        "finalLink": null
    },
    {
        "date": "1989-03-31",
        "symbol": "NBR",
        "reportedCurrency": "USD",
        "cik": "0001163739",
        "fillingDate": "1989-03-31",
        "acceptedDate": "1989-03-31 00:00:00",
        "calendarYear": "1989",
        "period": "Q1",
        "revenue": 24800000,
        "costOfRevenue": 0,
        "grossProfit": 24800000,
        "grossProfitRatio": 1,
        "researchAndDevelopmentExpenses": 0,
        "generalAndAdministrativeExpenses": 0,
        "sellingAndMarketingExpenses": 0,
        "sellingGeneralAndAdministrativeExpenses": 0,
        "otherExpenses": 0,
        "operatingExpenses": 0,
        "costAndExpenses": 0,
        "interestIncome": 0,
        "interestExpense": 0,
        "depreciationAndAmortization": 0,
        "ebitda": 24800000,
        "ebitdaratio": 1,
        "operatingIncome": 24800000,
        "operatingIncomeRatio": 1,
        "totalOtherIncomeExpensesNet": -24800000,
        "incomeBeforeTax": 0,
        "incomeBeforeTaxRatio": 0,
        "incomeTaxExpense": 0,
        "netIncome": 2200000,
        "netIncomeRatio": 0.0887096774,
        "eps": 1.25,
        "epsdiluted": 1.25,
        "weightedAverageShsOut": 1749280,
        "weightedAverageShsOutDil": 1749280,
        "link": null,
        "finalLink": null
    },
    {
        "date": "1988-12-31",
        "symbol": "NBR",
        "reportedCurrency": "USD",
        "cik": "0001163739",
        "fillingDate": "1988-12-31",
        "acceptedDate": "1988-12-31 00:00:00",
        "calendarYear": "1988",
        "period": "Q4",
        "revenue": 18300000,
        "costOfRevenue": 0,
        "grossProfit": 18300000,
        "grossProfitRatio": 1,
        "researchAndDevelopmentExpenses": 0,
        "generalAndAdministrativeExpenses": 0,
        "sellingAndMarketingExpenses": 0,
        "sellingGeneralAndAdministrativeExpenses": 0,
        "otherExpenses": 0,
        "operatingExpenses": 0,
        "costAndExpenses": 0,
        "interestIncome": 0,
        "interestExpense": 0,
        "depreciationAndAmortization": 0,
        "ebitda": 18300000,
        "ebitdaratio": 1,
        "operatingIncome": 18300000,
        "operatingIncomeRatio": 1,
        "totalOtherIncomeExpensesNet": -18300000,
        "incomeBeforeTax": 0,
        "incomeBeforeTaxRatio": 0,
        "incomeTaxExpense": 0,
        "netIncome": 1100000,
        "netIncomeRatio": 0.0601092896,
        "eps": 0.75,
        "epsdiluted": 0.75,
        "weightedAverageShsOut": 1675960,
        "weightedAverageShsOutDil": 1675960,
        "link": null,
        "finalLink": null
    },
    {
        "date": "1988-09-30",
        "symbol": "NBR",
        "reportedCurrency": "USD",
        "cik": "0001163739",
        "fillingDate": "1988-09-30",
        "acceptedDate": "1988-09-30 00:00:00",
        "calendarYear": "1988",
        "period": "Q3",
        "revenue": 15700000,
        "costOfRevenue": 0,
        "grossProfit": 15700000,
        "grossProfitRatio": 1,
        "researchAndDevelopmentExpenses": 0,
        "generalAndAdministrativeExpenses": 0,
        "sellingAndMarketingExpenses": 0,
        "sellingGeneralAndAdministrativeExpenses": 0,
        "otherExpenses": -57100000,
        "operatingExpenses": -57100000,
        "costAndExpenses": -57100000,
        "interestIncome": 0,
        "interestExpense": 0,
        "depreciationAndAmortization": 0,
        "ebitda": -41400000,
        "ebitdaratio": -2.6369426752,
        "operatingIncome": -41400000,
        "operatingIncomeRatio": -2.6369426752,
        "totalOtherIncomeExpensesNet": 41400000,
        "incomeBeforeTax": 0,
        "incomeBeforeTaxRatio": 0,
        "incomeTaxExpense": 0,
        "netIncome": -900000,
        "netIncomeRatio": -0.0573248408,
        "eps": -2.244612929,
        "epsdiluted": -2.244612929,
        "weightedAverageShsOut": 400960,
        "weightedAverageShsOutDil": 400960,
        "link": null,
        "finalLink": null
    },
    {
        "date": "1988-06-30",
        "symbol": "NBR",
        "reportedCurrency": "USD",
        "cik": "0001163739",
        "fillingDate": "1988-06-30",
        "acceptedDate": "1988-06-30 00:00:00",
        "calendarYear": "1988",
        "period": "Q2",
        "revenue": 12900000,
        "costOfRevenue": 0,
        "grossProfit": 12900000,
        "grossProfitRatio": 1,
        "researchAndDevelopmentExpenses": 0,
        "generalAndAdministrativeExpenses": 0,
        "sellingAndMarketingExpenses": 0,
        "sellingGeneralAndAdministrativeExpenses": 0,
        "otherExpenses": 0,
        "operatingExpenses": 0,
        "costAndExpenses": 0,
        "interestIncome": 0,
        "interestExpense": 0,
        "depreciationAndAmortization": 0,
        "ebitda": 12900000,
        "ebitdaratio": 1,
        "operatingIncome": 12900000,
        "operatingIncomeRatio": 1,
        "totalOtherIncomeExpensesNet": -12900000,
        "incomeBeforeTax": 0,
        "incomeBeforeTaxRatio": 0,
        "incomeTaxExpense": 0,
        "netIncome": 3700000,
        "netIncomeRatio": 0.2868217054,
        "eps": 3.5,
        "epsdiluted": 3.5,
        "weightedAverageShsOut": 400960,
        "weightedAverageShsOutDil": 400960,
        "link": null,
        "finalLink": null
    },
    {
        "date": "1988-03-31",
        "symbol": "NBR",
        "reportedCurrency": "USD",
        "cik": "0001163739",
        "fillingDate": "1988-03-31",
        "acceptedDate": "1988-03-31 00:00:00",
        "calendarYear": "1988",
        "period": "Q1",
        "revenue": 16400000,
        "costOfRevenue": 0,
        "grossProfit": 16400000,
        "grossProfitRatio": 1,
        "researchAndDevelopmentExpenses": 0,
        "generalAndAdministrativeExpenses": 0,
        "sellingAndMarketingExpenses": 0,
        "sellingGeneralAndAdministrativeExpenses": 0,
        "otherExpenses": 0,
        "operatingExpenses": 0,
        "costAndExpenses": 0,
        "interestIncome": 0,
        "interestExpense": 0,
        "depreciationAndAmortization": 0,
        "ebitda": 16400000,
        "ebitdaratio": 1,
        "operatingIncome": 16400000,
        "operatingIncomeRatio": 1,
        "totalOtherIncomeExpensesNet": -16400000,
        "incomeBeforeTax": 0,
        "incomeBeforeTaxRatio": 0,
        "incomeTaxExpense": 0,
        "netIncome": -800000,
        "netIncomeRatio": -0.0487804878,
        "eps": -2,
        "epsdiluted": -2,
        "weightedAverageShsOut": 400960,
        "weightedAverageShsOutDil": 400960,
        "link": null,
        "finalLink": null
    },
    {
        "date": "1987-12-31",
        "symbol": "NBR",
        "reportedCurrency": "USD",
        "cik": "0001163739",
        "fillingDate": "1987-12-31",
        "acceptedDate": "1987-12-31 00:00:00",
        "calendarYear": "1987",
        "period": "Q4",
        "revenue": 13200000,
        "costOfRevenue": 0,
        "grossProfit": 13200000,
        "grossProfitRatio": 1,
        "researchAndDevelopmentExpenses": 0,
        "generalAndAdministrativeExpenses": 0,
        "sellingAndMarketingExpenses": 0,
        "sellingGeneralAndAdministrativeExpenses": 0,
        "otherExpenses": 0,
        "operatingExpenses": 0,
        "costAndExpenses": 0,
        "interestIncome": 0,
        "interestExpense": 0,
        "depreciationAndAmortization": 0,
        "ebitda": 13200000,
        "ebitdaratio": 1,
        "operatingIncome": 13200000,
        "operatingIncomeRatio": 1,
        "totalOtherIncomeExpensesNet": -13200000,
        "incomeBeforeTax": 0,
        "incomeBeforeTaxRatio": 0,
        "incomeTaxExpense": 0,
        "netIncome": -6300000,
        "netIncomeRatio": -0.4772727273,
        "eps": -15.5,
        "epsdiluted": -15.5,
        "weightedAverageShsOut": 400960,
        "weightedAverageShsOutDil": 400960,
        "link": null,
        "finalLink": null
    },
    {
        "date": "1987-09-30",
        "symbol": "NBR",
        "reportedCurrency": "USD",
        "cik": "0001163739",
        "fillingDate": "1987-09-30",
        "acceptedDate": "1987-09-30 00:00:00",
        "calendarYear": "1987",
        "period": "Q3",
        "revenue": 7500000,
        "costOfRevenue": 0,
        "grossProfit": 7500000,
        "grossProfitRatio": 1,
        "researchAndDevelopmentExpenses": 0,
        "generalAndAdministrativeExpenses": 0,
        "sellingAndMarketingExpenses": 0,
        "sellingGeneralAndAdministrativeExpenses": 0,
        "otherExpenses": -38300000,
        "operatingExpenses": -38300000,
        "costAndExpenses": -38300000,
        "interestIncome": 0,
        "interestExpense": 0,
        "depreciationAndAmortization": 0,
        "ebitda": -30800000,
        "ebitdaratio": -4.1066666667,
        "operatingIncome": -30800000,
        "operatingIncomeRatio": -4.1066666667,
        "totalOtherIncomeExpensesNet": 30800000,
        "incomeBeforeTax": 0,
        "incomeBeforeTaxRatio": 0,
        "incomeTaxExpense": 0,
        "netIncome": -7100000,
        "netIncomeRatio": -0.9466666667,
        "eps": -17.75,
        "epsdiluted": -17.75,
        "weightedAverageShsOut": 400000,
        "weightedAverageShsOutDil": 400000,
        "link": null,
        "finalLink": null
    },
    {
        "date": "1987-06-30",
        "symbol": "NBR",
        "reportedCurrency": "USD",
        "cik": "0001163739",
        "fillingDate": "1987-06-30",
        "acceptedDate": "1987-06-30 00:00:00",
        "calendarYear": "1987",
        "period": "Q2",
        "revenue": 5000000,
        "costOfRevenue": 0,
        "grossProfit": 5000000,
        "grossProfitRatio": 1,
        "researchAndDevelopmentExpenses": 0,
        "generalAndAdministrativeExpenses": 0,
        "sellingAndMarketingExpenses": 0,
        "sellingGeneralAndAdministrativeExpenses": 0,
        "otherExpenses": 0,
        "operatingExpenses": 0,
        "costAndExpenses": 0,
        "interestIncome": 0,
        "interestExpense": 0,
        "depreciationAndAmortization": 0,
        "ebitda": 5000000,
        "ebitdaratio": 1,
        "operatingIncome": 5000000,
        "operatingIncomeRatio": 1,
        "totalOtherIncomeExpensesNet": -5000000,
        "incomeBeforeTax": 0,
        "incomeBeforeTaxRatio": 0,
        "incomeTaxExpense": 0,
        "netIncome": -66000000,
        "netIncomeRatio": -13.2,
        "eps": -165,
        "epsdiluted": -165,
        "weightedAverageShsOut": 400000,
        "weightedAverageShsOutDil": 400000,
        "link": null,
        "finalLink": null
    },
    {
        "date": "1987-03-31",
        "symbol": "NBR",
        "reportedCurrency": "USD",
        "cik": "0001163739",
        "fillingDate": "1987-03-31",
        "acceptedDate": "1987-03-31 00:00:00",
        "calendarYear": "1987",
        "period": "Q1",
        "revenue": 8900000,
        "costOfRevenue": 0,
        "grossProfit": 8900000,
        "grossProfitRatio": 1,
        "researchAndDevelopmentExpenses": 0,
        "generalAndAdministrativeExpenses": 0,
        "sellingAndMarketingExpenses": 0,
        "sellingGeneralAndAdministrativeExpenses": 0,
        "otherExpenses": 0,
        "operatingExpenses": 0,
        "costAndExpenses": 0,
        "interestIncome": 0,
        "interestExpense": 0,
        "depreciationAndAmortization": 0,
        "ebitda": 8900000,
        "ebitdaratio": 1,
        "operatingIncome": 8900000,
        "operatingIncomeRatio": 1,
        "totalOtherIncomeExpensesNet": -8900000,
        "incomeBeforeTax": 0,
        "incomeBeforeTaxRatio": 0,
        "incomeTaxExpense": 0,
        "netIncome": -5300000,
        "netIncomeRatio": -0.595505618,
        "eps": -13.25,
        "epsdiluted": -13.25,
        "weightedAverageShsOut": 400000,
        "weightedAverageShsOutDil": 400000,
        "link": null,
        "finalLink": null
    },
    {
        "date": "1986-12-31",
        "symbol": "NBR",
        "reportedCurrency": "USD",
        "cik": "0001163739",
        "fillingDate": "1986-12-31",
        "acceptedDate": "1986-12-31 00:00:00",
        "calendarYear": "1986",
        "period": "Q4",
        "revenue": 7200000,
        "costOfRevenue": 0,
        "grossProfit": 7200000,
        "grossProfitRatio": 1,
        "researchAndDevelopmentExpenses": 0,
        "generalAndAdministrativeExpenses": 0,
        "sellingAndMarketingExpenses": 0,
        "sellingGeneralAndAdministrativeExpenses": 0,
        "otherExpenses": 0,
        "operatingExpenses": 0,
        "costAndExpenses": 0,
        "interestIncome": 0,
        "interestExpense": 0,
        "depreciationAndAmortization": 0,
        "ebitda": 7200000,
        "ebitdaratio": 1,
        "operatingIncome": 7200000,
        "operatingIncomeRatio": 1,
        "totalOtherIncomeExpensesNet": -7200000,
        "incomeBeforeTax": 0,
        "incomeBeforeTaxRatio": 0,
        "incomeTaxExpense": 0,
        "netIncome": -7200000,
        "netIncomeRatio": -1,
        "eps": -18,
        "epsdiluted": -18,
        "weightedAverageShsOut": 400000,
        "weightedAverageShsOutDil": 400000,
        "link": null,
        "finalLink": null
    },
    {
        "date": "1986-09-30",
        "symbol": "NBR",
        "reportedCurrency": "USD",
        "cik": "0001163739",
        "fillingDate": "1986-09-30",
        "acceptedDate": "1986-09-30 00:00:00",
        "calendarYear": "1986",
        "period": "Q3",
        "revenue": 10700000,
        "costOfRevenue": 0,
        "grossProfit": 10700000,
        "grossProfitRatio": 1,
        "researchAndDevelopmentExpenses": 0,
        "generalAndAdministrativeExpenses": 0,
        "sellingAndMarketingExpenses": 0,
        "sellingGeneralAndAdministrativeExpenses": 0,
        "otherExpenses": -68700000,
        "operatingExpenses": -68700000,
        "costAndExpenses": -68700000,
        "interestIncome": 0,
        "interestExpense": 0,
        "depreciationAndAmortization": 0,
        "ebitda": -58000000,
        "ebitdaratio": -5.4205607477,
        "operatingIncome": -58000000,
        "operatingIncomeRatio": -5.4205607477,
        "totalOtherIncomeExpensesNet": 58000000,
        "incomeBeforeTax": 0,
        "incomeBeforeTaxRatio": 0,
        "incomeTaxExpense": 0,
        "netIncome": -6000000,
        "netIncomeRatio": -0.5607476636,
        "eps": -15,
        "epsdiluted": -14.5362922764,
        "weightedAverageShsOut": 400000,
        "weightedAverageShsOutDil": 412760,
        "link": null,
        "finalLink": null
    },
    {
        "date": "1986-06-30",
        "symbol": "NBR",
        "reportedCurrency": "USD",
        "cik": "0001163739",
        "fillingDate": "1986-06-30",
        "acceptedDate": "1986-06-30 00:00:00",
        "calendarYear": "1986",
        "period": "Q2",
        "revenue": 15000000,
        "costOfRevenue": 0,
        "grossProfit": 15000000,
        "grossProfitRatio": 1,
        "researchAndDevelopmentExpenses": 0,
        "generalAndAdministrativeExpenses": 0,
        "sellingAndMarketingExpenses": 0,
        "sellingGeneralAndAdministrativeExpenses": 0,
        "otherExpenses": 0,
        "operatingExpenses": 0,
        "costAndExpenses": 0,
        "interestIncome": 0,
        "interestExpense": 0,
        "depreciationAndAmortization": 0,
        "ebitda": 15000000,
        "ebitdaratio": 1,
        "operatingIncome": 15000000,
        "operatingIncomeRatio": 1,
        "totalOtherIncomeExpensesNet": -15000000,
        "incomeBeforeTax": 0,
        "incomeBeforeTaxRatio": 0,
        "incomeTaxExpense": 0,
        "netIncome": -600000,
        "netIncomeRatio": -0.04,
        "eps": -1.5,
        "epsdiluted": -1.5,
        "weightedAverageShsOut": 412760,
        "weightedAverageShsOutDil": 412760,
        "link": null,
        "finalLink": null
    },
    {
        "date": "1986-03-31",
        "symbol": "NBR",
        "reportedCurrency": "USD",
        "cik": "0001163739",
        "fillingDate": "1986-03-31",
        "acceptedDate": "1986-03-31 00:00:00",
        "calendarYear": "1986",
        "period": "Q1",
        "revenue": 22100000,
        "costOfRevenue": 0,
        "grossProfit": 22100000,
        "grossProfitRatio": 1,
        "researchAndDevelopmentExpenses": 0,
        "generalAndAdministrativeExpenses": 0,
        "sellingAndMarketingExpenses": 0,
        "sellingGeneralAndAdministrativeExpenses": 0,
        "otherExpenses": 0,
        "operatingExpenses": 0,
        "costAndExpenses": 0,
        "interestIncome": 0,
        "interestExpense": 0,
        "depreciationAndAmortization": 0,
        "ebitda": 22100000,
        "ebitdaratio": 1,
        "operatingIncome": 22100000,
        "operatingIncomeRatio": 1,
        "totalOtherIncomeExpensesNet": -22100000,
        "incomeBeforeTax": 0,
        "incomeBeforeTaxRatio": 0,
        "incomeTaxExpense": 0,
        "netIncome": -3000000,
        "netIncomeRatio": -0.1357466063,
        "eps": -9,
        "epsdiluted": -9,
        "weightedAverageShsOut": 412760,
        "weightedAverageShsOutDil": 412760,
        "link": null,
        "finalLink": null
    },
    {
        "date": "1985-12-31",
        "symbol": "NBR",
        "reportedCurrency": "USD",
        "cik": "0001163739",
        "fillingDate": "1985-12-31",
        "acceptedDate": "1985-12-31 00:00:00",
        "calendarYear": "1985",
        "period": "Q4",
        "revenue": 19600000,
        "costOfRevenue": 0,
        "grossProfit": 19600000,
        "grossProfitRatio": 1,
        "researchAndDevelopmentExpenses": 0,
        "generalAndAdministrativeExpenses": 0,
        "sellingAndMarketingExpenses": 0,
        "sellingGeneralAndAdministrativeExpenses": 0,
        "otherExpenses": 0,
        "operatingExpenses": 0,
        "costAndExpenses": 0,
        "interestIncome": 0,
        "interestExpense": 0,
        "depreciationAndAmortization": 0,
        "ebitda": 19600000,
        "ebitdaratio": 1,
        "operatingIncome": 19600000,
        "operatingIncomeRatio": 1,
        "totalOtherIncomeExpensesNet": -19600000,
        "incomeBeforeTax": 0,
        "incomeBeforeTaxRatio": 0,
        "incomeTaxExpense": 0,
        "netIncome": 0,
        "netIncomeRatio": 0,
        "eps": 0,
        "epsdiluted": 0,
        "weightedAverageShsOut": 412760,
        "weightedAverageShsOutDil": 412760,
        "link": null,
        "finalLink": null
    },
    {
        "date": "1985-09-30",
        "symbol": "NBR",
        "reportedCurrency": "USD",
        "cik": "0001163739",
        "fillingDate": "1985-09-30",
        "acceptedDate": "1985-09-30 00:00:00",
        "calendarYear": "1985",
        "period": "Q3",
        "revenue": 23000000,
        "costOfRevenue": 0,
        "grossProfit": 23000000,
        "grossProfitRatio": 1,
        "researchAndDevelopmentExpenses": 0,
        "generalAndAdministrativeExpenses": 0,
        "sellingAndMarketingExpenses": 0,
        "sellingGeneralAndAdministrativeExpenses": 0,
        "otherExpenses": -93100000,
        "operatingExpenses": -93100000,
        "costAndExpenses": -93100000,
        "interestIncome": 0,
        "interestExpense": 0,
        "depreciationAndAmortization": 0,
        "ebitda": -70100000,
        "ebitdaratio": -3.047826087,
        "operatingIncome": -70100000,
        "operatingIncomeRatio": -3.047826087,
        "totalOtherIncomeExpensesNet": 70100000,
        "incomeBeforeTax": 0,
        "incomeBeforeTaxRatio": 0,
        "incomeTaxExpense": 0,
        "netIncome": 0,
        "netIncomeRatio": 0,
        "eps": 0,
        "epsdiluted": 0,
        "weightedAverageShsOut": 412760,
        "weightedAverageShsOutDil": 412760,
        "link": null,
        "finalLink": null
    }
]