[
    {
        "date": "2025-06-30",
        "symbol": "NCR",
        "reportedCurrency": "USD",
        "cik": "0000070866",
        "fillingDate": "2025-08-07",
        "acceptedDate": "2025-08-07 08:01:34",
        "calendarYear": "2025",
        "period": "Q2",
        "revenue": 722000000,
        "costOfRevenue": 596000000,
        "grossProfit": 126000000,
        "grossProfitRatio": 0.1745152355,
        "researchAndDevelopmentExpenses": 44000000,
        "generalAndAdministrativeExpenses": 0,
        "sellingAndMarketingExpenses": 0,
        "sellingGeneralAndAdministrativeExpenses": 116000000,
        "otherExpenses": 0,
        "operatingExpenses": 160000000,
        "costAndExpenses": 756000000,
        "interestIncome": 0,
        "interestExpense": 41000000,
        "depreciationAndAmortization": 0,
        "ebitda": -34000000,
        "ebitdaratio": -0.0470914127,
        "operatingIncome": -34000000,
        "operatingIncomeRatio": -0.0470914127,
        "totalOtherIncomeExpensesNet": -46000000,
        "incomeBeforeTax": -80000000,
        "incomeBeforeTaxRatio": -0.1108033241,
        "incomeTaxExpense": 10000000,
        "netIncome": -77000000,
        "netIncomeRatio": -0.1066481994,
        "eps": -0.53,
        "epsdiluted": -0.53,
        "weightedAverageShsOut": 145000000,
        "weightedAverageShsOutDil": 145000000,
        "link": "https://www.sec.gov/Archives/edgar/data/70866/000007086625000078/0000070866-25-000078-index.htm",
        "finalLink": "https://www.sec.gov/Archives/edgar/data/70866/000007086625000078/ncr-20250630.htm"
    },
    {
        "date": "2025-03-31",
        "symbol": "NCR",
        "reportedCurrency": "USD",
        "cik": "0000070866",
        "fillingDate": "2025-05-08",
        "acceptedDate": "2025-05-08 08:00:49",
        "calendarYear": "2025",
        "period": "Q1",
        "revenue": 710000000,
        "costOfRevenue": 572000000,
        "grossProfit": 138000000,
        "grossProfitRatio": 0.1943661972,
        "researchAndDevelopmentExpenses": 47000000,
        "generalAndAdministrativeExpenses": 0,
        "sellingAndMarketingExpenses": 0,
        "sellingGeneralAndAdministrativeExpenses": 110000000,
        "otherExpenses": 0,
        "operatingExpenses": 157000000,
        "costAndExpenses": 729000000,
        "interestIncome": 0,
        "interestExpense": 39000000,
        "depreciationAndAmortization": 0,
        "ebitda": -19000000,
        "ebitdaratio": -0.0267605634,
        "operatingIncome": -19000000,
        "operatingIncomeRatio": -0.0267605634,
        "totalOtherIncomeExpensesNet": -57000000,
        "incomeBeforeTax": -76000000,
        "incomeBeforeTaxRatio": -0.1070422535,
        "incomeTaxExpense": -5000000,
        "netIncome": -44000000,
        "netIncomeRatio": -0.061971831,
        "eps": -0.31,
        "epsdiluted": -0.31,
        "weightedAverageShsOut": 143500000,
        "weightedAverageShsOutDil": 143500000,
        "link": "https://www.sec.gov/Archives/edgar/data/70866/000007086625000043/0000070866-25-000043-index.htm",
        "finalLink": "https://www.sec.gov/Archives/edgar/data/70866/000007086625000043/ncr-20250331.htm"
    },
    {
        "date": "2024-12-31",
        "symbol": "NCR",
        "reportedCurrency": "USD",
        "cik": "0000070866",
        "fillingDate": "2025-02-27",
        "acceptedDate": "2025-02-27 08:00:50",
        "calendarYear": "2024",
        "period": "Q4",
        "revenue": 682000000,
        "costOfRevenue": 533000000,
        "grossProfit": 149000000,
        "grossProfitRatio": 0.2184750733,
        "researchAndDevelopmentExpenses": 28000000,
        "generalAndAdministrativeExpenses": 0,
        "sellingAndMarketingExpenses": 0,
        "sellingGeneralAndAdministrativeExpenses": 119000000,
        "otherExpenses": 0,
        "operatingExpenses": 147000000,
        "costAndExpenses": 680000000,
        "interestIncome": 0,
        "interestExpense": -14000000,
        "depreciationAndAmortization": 0,
        "ebitda": 2000000,
        "ebitdaratio": 0.0029325513,
        "operatingIncome": -142000000,
        "operatingIncomeRatio": -0.2082111437,
        "totalOtherIncomeExpensesNet": 127000000,
        "incomeBeforeTax": -15000000,
        "incomeBeforeTaxRatio": -0.0219941349,
        "incomeTaxExpense": 1000000,
        "netIncome": -14000000,
        "netIncomeRatio": -0.0205278592,
        "eps": -0.1,
        "epsdiluted": -0.1,
        "weightedAverageShsOut": 144900000,
        "weightedAverageShsOutDil": 144900000,
        "link": "https://www.sec.gov/Archives/edgar/data/70866/000007086625000010/0000070866-25-000010-index.htm",
        "finalLink": "https://www.sec.gov/Archives/edgar/data/70866/000007086625000010/ncr-20241231.htm"
    },
    {
        "date": "2024-09-30",
        "symbol": "NCR",
        "reportedCurrency": "USD",
        "cik": "0000070866",
        "fillingDate": "2024-11-07",
        "acceptedDate": "2024-11-07 07:30:48",
        "calendarYear": "2024",
        "period": "Q3",
        "revenue": 809000000,
        "costOfRevenue": 614000000,
        "grossProfit": 195000000,
        "grossProfitRatio": 0.2410383189,
        "researchAndDevelopmentExpenses": 29000000,
        "generalAndAdministrativeExpenses": 0,
        "sellingAndMarketingExpenses": 0,
        "sellingGeneralAndAdministrativeExpenses": 142000000,
        "otherExpenses": 0,
        "operatingExpenses": 171000000,
        "costAndExpenses": 785000000,
        "interestIncome": 0,
        "interestExpense": -83000000,
        "depreciationAndAmortization": 0,
        "ebitda": -120000000,
        "ebitdaratio": -0.1483312732,
        "operatingIncome": 24000000,
        "operatingIncomeRatio": 0.0296662546,
        "totalOtherIncomeExpensesNet": -103000000,
        "incomeBeforeTax": -79000000,
        "incomeBeforeTaxRatio": -0.0976514215,
        "incomeTaxExpense": 187000000,
        "netIncome": -266000000,
        "netIncomeRatio": -0.3288009889,
        "eps": -1.86,
        "epsdiluted": -1.86,
        "weightedAverageShsOut": 142800000,
        "weightedAverageShsOutDil": 142800000,
        "link": "https://www.sec.gov/Archives/edgar/data/70866/000007086624000037/0000070866-24-000037-index.htm",
        "finalLink": "https://www.sec.gov/Archives/edgar/data/70866/000007086624000037/ncr-20240930.htm"
    },
    {
        "date": "2024-06-30",
        "symbol": "NCR",
        "reportedCurrency": "USD",
        "cik": "0000070866",
        "fillingDate": "2024-08-06",
        "acceptedDate": "2024-08-06 16:06:07",
        "calendarYear": "2024",
        "period": "Q2",
        "revenue": 946000000,
        "costOfRevenue": 682000000,
        "grossProfit": 264000000,
        "grossProfitRatio": 0.2790697674,
        "researchAndDevelopmentExpenses": 42000000,
        "generalAndAdministrativeExpenses": 0,
        "sellingAndMarketingExpenses": 0,
        "sellingGeneralAndAdministrativeExpenses": 167000000,
        "otherExpenses": 0,
        "operatingExpenses": 209000000,
        "costAndExpenses": 891000000,
        "interestIncome": 0,
        "interestExpense": -91000000,
        "depreciationAndAmortization": 0,
        "ebitda": 55000000,
        "ebitdaratio": 0.0581395349,
        "operatingIncome": 55000000,
        "operatingIncomeRatio": 0.0581395349,
        "totalOtherIncomeExpensesNet": -99000000,
        "incomeBeforeTax": -44000000,
        "incomeBeforeTaxRatio": -0.0465116279,
        "incomeTaxExpense": 7000000,
        "netIncome": -51000000,
        "netIncomeRatio": -0.0539112051,
        "eps": -0.36,
        "epsdiluted": -0.36,
        "weightedAverageShsOut": 141850000,
        "weightedAverageShsOutDil": 141850000,
        "link": "https://www.sec.gov/Archives/edgar/data/70866/000007086624000031/0000070866-24-000031-index.htm",
        "finalLink": "https://www.sec.gov/Archives/edgar/data/70866/000007086624000031/ncr-20240630.htm"
    },
    {
        "date": "2024-03-31",
        "symbol": "NCR",
        "reportedCurrency": "USD",
        "cik": "0000070866",
        "fillingDate": "2024-05-09",
        "acceptedDate": "2024-05-09 16:06:35",
        "calendarYear": "2024",
        "period": "Q1",
        "revenue": 916000000,
        "costOfRevenue": 686000000,
        "grossProfit": 230000000,
        "grossProfitRatio": 0.2510917031,
        "researchAndDevelopmentExpenses": 49000000,
        "generalAndAdministrativeExpenses": 0,
        "sellingAndMarketingExpenses": 0,
        "sellingGeneralAndAdministrativeExpenses": 155000000,
        "otherExpenses": 0,
        "operatingExpenses": 204000000,
        "costAndExpenses": 890000000,
        "interestIncome": 0,
        "interestExpense": -83000000,
        "depreciationAndAmortization": 0,
        "ebitda": 26000000,
        "ebitdaratio": 0.0283842795,
        "operatingIncome": 26000000,
        "operatingIncomeRatio": 0.0283842795,
        "totalOtherIncomeExpensesNet": -87000000,
        "incomeBeforeTax": -61000000,
        "incomeBeforeTaxRatio": -0.0665938865,
        "incomeTaxExpense": 5000000,
        "netIncome": -66000000,
        "netIncomeRatio": -0.0720524017,
        "eps": -0.467,
        "epsdiluted": -0.467,
        "weightedAverageShsOut": 141375000,
        "weightedAverageShsOutDil": 141375000,
        "link": "https://www.sec.gov/Archives/edgar/data/70866/000007086624000025/0000070866-24-000025-index.htm",
        "finalLink": "https://www.sec.gov/Archives/edgar/data/70866/000007086624000025/ncr-20240331.htm"
    },
    {
        "date": "2023-09-30",
        "symbol": "NCR",
        "reportedCurrency": "USD",
        "cik": "0000070866",
        "fillingDate": "2023-11-14",
        "acceptedDate": "2023-11-14 16:18:32",
        "calendarYear": "2023",
        "period": "Q3",
        "revenue": 2017000000,
        "costOfRevenue": 1390000000,
        "grossProfit": 627000000,
        "grossProfitRatio": 0.3108577095,
        "researchAndDevelopmentExpenses": 54000000,
        "generalAndAdministrativeExpenses": 331000000,
        "sellingAndMarketingExpenses": 0,
        "sellingGeneralAndAdministrativeExpenses": 331000000,
        "otherExpenses": 0,
        "operatingExpenses": 385000000,
        "costAndExpenses": 1775000000,
        "interestIncome": 0,
        "interestExpense": 85000000,
        "depreciationAndAmortization": -44000000,
        "ebitda": 242000000,
        "ebitdaratio": 0.1199801686,
        "operatingIncome": 242000000,
        "operatingIncomeRatio": 0.1199801686,
        "totalOtherIncomeExpensesNet": -129000000,
        "incomeBeforeTax": 113000000,
        "incomeBeforeTaxRatio": 0.0560237977,
        "incomeTaxExpense": 236000000,
        "netIncome": -124000000,
        "netIncomeRatio": -0.0614774417,
        "eps": -0.91,
        "epsdiluted": -0.91,
        "weightedAverageShsOut": 140900000,
        "weightedAverageShsOutDil": 140900000,
        "link": "https://www.sec.gov/Archives/edgar/data/70866/000007086623000044/0000070866-23-000044-index.htm",
        "finalLink": "https://www.sec.gov/Archives/edgar/data/70866/000007086623000044/ncr-20230930.htm"
    },
    {
        "date": "2023-06-30",
        "symbol": "NCR",
        "reportedCurrency": "USD",
        "cik": "0000070866",
        "fillingDate": "2023-08-02",
        "acceptedDate": "2023-08-02 17:09:03",
        "calendarYear": "2023",
        "period": "Q2",
        "revenue": 1986000000,
        "costOfRevenue": 1448000000,
        "grossProfit": 538000000,
        "grossProfitRatio": 0.2708962739,
        "researchAndDevelopmentExpenses": 57000000,
        "generalAndAdministrativeExpenses": 333000000,
        "sellingAndMarketingExpenses": 0,
        "sellingGeneralAndAdministrativeExpenses": 333000000,
        "otherExpenses": 0,
        "operatingExpenses": 390000000,
        "costAndExpenses": 1838000000,
        "interestIncome": 3000000,
        "interestExpense": 91000000,
        "depreciationAndAmortization": -88000000,
        "ebitda": 148000000,
        "ebitdaratio": 0.0745216516,
        "operatingIncome": 148000000,
        "operatingIncomeRatio": 0.0745216516,
        "totalOtherIncomeExpensesNet": -3000000,
        "incomeBeforeTax": 49000000,
        "incomeBeforeTaxRatio": 0.024672709,
        "incomeTaxExpense": 30000000,
        "netIncome": 19000000,
        "netIncomeRatio": 0.0095669688,
        "eps": 0.11,
        "epsdiluted": 0.11,
        "weightedAverageShsOut": 140400000,
        "weightedAverageShsOutDil": 141900000,
        "link": "https://www.sec.gov/Archives/edgar/data/70866/000007086623000023/0000070866-23-000023-index.htm",
        "finalLink": "https://www.sec.gov/Archives/edgar/data/70866/000007086623000023/ncr-20230630.htm"
    },
    {
        "date": "2023-03-31",
        "symbol": "NCR",
        "reportedCurrency": "USD",
        "cik": "0000070866",
        "fillingDate": "2023-05-05",
        "acceptedDate": "2023-05-04 18:40:37",
        "calendarYear": "2023",
        "period": "Q1",
        "revenue": 1891000000,
        "costOfRevenue": 1425000000,
        "grossProfit": 466000000,
        "grossProfitRatio": 0.2464304601,
        "researchAndDevelopmentExpenses": 64000000,
        "generalAndAdministrativeExpenses": 292000000,
        "sellingAndMarketingExpenses": 0,
        "sellingGeneralAndAdministrativeExpenses": 292000000,
        "otherExpenses": 0,
        "operatingExpenses": 356000000,
        "costAndExpenses": 1781000000,
        "interestIncome": 3000000,
        "interestExpense": 83000000,
        "depreciationAndAmortization": 148000000,
        "ebitda": 258000000,
        "ebitdaratio": 0.1364357483,
        "operatingIncome": 110000000,
        "operatingIncomeRatio": 0.0581702803,
        "totalOtherIncomeExpensesNet": -86000000,
        "incomeBeforeTax": 24000000,
        "incomeBeforeTaxRatio": 0.0126916975,
        "incomeTaxExpense": 14000000,
        "netIncome": 9000000,
        "netIncomeRatio": 0.0047593866,
        "eps": 0.04,
        "epsdiluted": 0.04,
        "weightedAverageShsOut": 139600000,
        "weightedAverageShsOutDil": 141700000,
        "link": "https://www.sec.gov/Archives/edgar/data/70866/000007086623000015/0000070866-23-000015-index.htm",
        "finalLink": "https://www.sec.gov/Archives/edgar/data/70866/000007086623000015/ncr-20230331.htm"
    },
    {
        "date": "2022-12-31",
        "symbol": "NCR",
        "reportedCurrency": "USD",
        "cik": "0000070866",
        "fillingDate": "2023-02-27",
        "acceptedDate": "2023-02-27 07:07:22",
        "calendarYear": "2022",
        "period": "Q4",
        "revenue": 2009000000,
        "costOfRevenue": 1524000000,
        "grossProfit": 485000000,
        "grossProfitRatio": 0.2414136386,
        "researchAndDevelopmentExpenses": 53000000,
        "generalAndAdministrativeExpenses": 266000000,
        "sellingAndMarketingExpenses": 0,
        "sellingGeneralAndAdministrativeExpenses": 266000000,
        "otherExpenses": 0,
        "operatingExpenses": 319000000,
        "costAndExpenses": 1843000000,
        "interestIncome": 7000000,
        "interestExpense": 81000000,
        "depreciationAndAmortization": 157000000,
        "ebitda": 323000000,
        "ebitdaratio": 0.1607765057,
        "operatingIncome": 166000000,
        "operatingIncomeRatio": 0.0826281732,
        "totalOtherIncomeExpensesNet": -83000000,
        "incomeBeforeTax": 83000000,
        "incomeBeforeTaxRatio": 0.0413140866,
        "incomeTaxExpense": 92000000,
        "netIncome": -9000000,
        "netIncomeRatio": -0.0044798407,
        "eps": -0.0655,
        "epsdiluted": -0.0655,
        "weightedAverageShsOut": 137500000,
        "weightedAverageShsOutDil": 137500000,
        "link": "https://www.sec.gov/Archives/edgar/data/70866/000007086623000008/0000070866-23-000008-index.htm",
        "finalLink": "https://www.sec.gov/Archives/edgar/data/70866/000007086623000008/ncr-20221231.htm"
    },
    {
        "date": "2022-09-30",
        "symbol": "NCR",
        "reportedCurrency": "USD",
        "cik": "0000070866",
        "fillingDate": "2022-10-31",
        "acceptedDate": "2022-10-31 16:29:45",
        "calendarYear": "2022",
        "period": "Q3",
        "revenue": 1972000000,
        "costOfRevenue": 1479000000,
        "grossProfit": 493000000,
        "grossProfitRatio": 0.25,
        "researchAndDevelopmentExpenses": 40000000,
        "generalAndAdministrativeExpenses": 284000000,
        "sellingAndMarketingExpenses": 0,
        "sellingGeneralAndAdministrativeExpenses": 284000000,
        "otherExpenses": 0,
        "operatingExpenses": 306000000,
        "costAndExpenses": 1785000000,
        "interestIncome": 3000000,
        "interestExpense": 74000000,
        "depreciationAndAmortization": 151000000,
        "ebitda": 338000000,
        "ebitdaratio": 0.1713995943,
        "operatingIncome": 187000000,
        "operatingIncomeRatio": 0.0948275862,
        "totalOtherIncomeExpensesNet": -75000000,
        "incomeBeforeTax": 112000000,
        "incomeBeforeTaxRatio": 0.0567951318,
        "incomeTaxExpense": 43000000,
        "netIncome": 69000000,
        "netIncomeRatio": 0.034989858,
        "eps": 0.47,
        "epsdiluted": 0.46,
        "weightedAverageShsOut": 137000000,
        "weightedAverageShsOutDil": 140300000,
        "link": "https://www.sec.gov/Archives/edgar/data/70866/000007086622000041/0000070866-22-000041-index.htm",
        "finalLink": "https://www.sec.gov/Archives/edgar/data/70866/000007086622000041/ncr-20220930.htm"
    },
    {
        "date": "2022-06-30",
        "symbol": "NCR",
        "reportedCurrency": "USD",
        "cik": "0000070866",
        "fillingDate": "2022-07-29",
        "acceptedDate": "2022-07-29 14:16:20",
        "calendarYear": "2022",
        "period": "Q2",
        "revenue": 1997000000,
        "costOfRevenue": 1526000000,
        "grossProfit": 471000000,
        "grossProfitRatio": 0.2358537807,
        "researchAndDevelopmentExpenses": 59000000,
        "generalAndAdministrativeExpenses": 309000000,
        "sellingAndMarketingExpenses": 0,
        "sellingGeneralAndAdministrativeExpenses": 309000000,
        "otherExpenses": 0,
        "operatingExpenses": 368000000,
        "costAndExpenses": 1894000000,
        "interestIncome": 2000000,
        "interestExpense": 67000000,
        "depreciationAndAmortization": 152000000,
        "ebitda": 103000000,
        "ebitdaratio": 0.051577366,
        "operatingIncome": 103000000,
        "operatingIncomeRatio": 0.051577366,
        "totalOtherIncomeExpensesNet": 1000000,
        "incomeBeforeTax": 104000000,
        "incomeBeforeTaxRatio": 0.0520781172,
        "incomeTaxExpense": 63000000,
        "netIncome": 41000000,
        "netIncomeRatio": 0.0205307962,
        "eps": 0.27,
        "epsdiluted": 0.26,
        "weightedAverageShsOut": 136600000,
        "weightedAverageShsOutDil": 140800000,
        "link": "https://www.sec.gov/Archives/edgar/data/70866/000007086622000033/0000070866-22-000033-index.htm",
        "finalLink": "https://www.sec.gov/Archives/edgar/data/70866/000007086622000033/ncr-20220630.htm"
    },
    {
        "date": "2022-03-31",
        "symbol": "NCR",
        "reportedCurrency": "USD",
        "cik": "0000070866",
        "fillingDate": "2022-04-29",
        "acceptedDate": "2022-04-29 16:07:31",
        "calendarYear": "2022",
        "period": "Q1",
        "revenue": 1866000000,
        "costOfRevenue": 1455000000,
        "grossProfit": 411000000,
        "grossProfitRatio": 0.2202572347,
        "researchAndDevelopmentExpenses": 65000000,
        "generalAndAdministrativeExpenses": 313000000,
        "sellingAndMarketingExpenses": 0,
        "sellingGeneralAndAdministrativeExpenses": 313000000,
        "otherExpenses": 0,
        "operatingExpenses": 378000000,
        "costAndExpenses": 1833000000,
        "interestIncome": 1000000,
        "interestExpense": 63000000,
        "depreciationAndAmortization": 147000000,
        "ebitda": 33000000,
        "ebitdaratio": 0.0176848875,
        "operatingIncome": 33000000,
        "operatingIncomeRatio": 0.0176848875,
        "totalOtherIncomeExpensesNet": 9000000,
        "incomeBeforeTax": -21000000,
        "incomeBeforeTaxRatio": -0.0112540193,
        "incomeTaxExpense": 13000000,
        "netIncome": -34000000,
        "netIncomeRatio": -0.0182207931,
        "eps": -0.28,
        "epsdiluted": -0.28,
        "weightedAverageShsOut": 135700000,
        "weightedAverageShsOutDil": 135700000,
        "link": "https://www.sec.gov/Archives/edgar/data/70866/000007086622000026/0000070866-22-000026-index.htm",
        "finalLink": "https://www.sec.gov/Archives/edgar/data/70866/000007086622000026/ncr-20220331.htm"
    },
    {
        "date": "2021-12-31",
        "symbol": "NCR",
        "reportedCurrency": "USD",
        "cik": "0000070866",
        "fillingDate": "2022-02-25",
        "acceptedDate": "2022-02-25 16:04:45",
        "calendarYear": "2021",
        "period": "Q4",
        "revenue": 2034000000,
        "costOfRevenue": 1531000000,
        "grossProfit": 503000000,
        "grossProfitRatio": 0.2472959685,
        "researchAndDevelopmentExpenses": 64000000,
        "generalAndAdministrativeExpenses": 316000000,
        "sellingAndMarketingExpenses": 0,
        "sellingGeneralAndAdministrativeExpenses": 316000000,
        "otherExpenses": 0,
        "operatingExpenses": 380000000,
        "costAndExpenses": 1911000000,
        "interestIncome": 0,
        "interestExpense": 64000000,
        "depreciationAndAmortization": 153000000,
        "ebitda": 389000000,
        "ebitdaratio": 0.1912487709,
        "operatingIncome": 123000000,
        "operatingIncomeRatio": 0.0604719764,
        "totalOtherIncomeExpensesNet": 49000000,
        "incomeBeforeTax": 172000000,
        "incomeBeforeTaxRatio": 0.0845624385,
        "incomeTaxExpense": 109000000,
        "netIncome": 64000000,
        "netIncomeRatio": 0.0314650934,
        "eps": 0.45,
        "epsdiluted": 0.43,
        "weightedAverageShsOut": 132400000,
        "weightedAverageShsOutDil": 144700000,
        "link": "https://www.sec.gov/Archives/edgar/data/70866/000007086622000008/0000070866-22-000008-index.htm",
        "finalLink": "https://www.sec.gov/Archives/edgar/data/70866/000007086622000008/ncr-20211231.htm"
    },
    {
        "date": "2021-09-30",
        "symbol": "NCR",
        "reportedCurrency": "USD",
        "cik": "0000070866",
        "fillingDate": "2021-10-29",
        "acceptedDate": "2021-10-29 16:22:43",
        "calendarYear": "2021",
        "period": "Q3",
        "revenue": 1901000000,
        "costOfRevenue": 1381000000,
        "grossProfit": 520000000,
        "grossProfitRatio": 0.273540242,
        "researchAndDevelopmentExpenses": 69000000,
        "generalAndAdministrativeExpenses": 294000000,
        "sellingAndMarketingExpenses": 0,
        "sellingGeneralAndAdministrativeExpenses": 294000000,
        "otherExpenses": 0,
        "operatingExpenses": 363000000,
        "costAndExpenses": 1744000000,
        "interestIncome": 0,
        "interestExpense": 68000000,
        "depreciationAndAmortization": 152000000,
        "ebitda": 304000000,
        "ebitdaratio": 0.1599158338,
        "operatingIncome": 157000000,
        "operatingIncomeRatio": 0.0825881115,
        "totalOtherIncomeExpensesNet": -115000000,
        "incomeBeforeTax": 42000000,
        "incomeBeforeTaxRatio": 0.0220936349,
        "incomeTaxExpense": 29000000,
        "netIncome": 12000000,
        "netIncomeRatio": 0.0063124671,
        "eps": 0.06,
        "epsdiluted": 0.06,
        "weightedAverageShsOut": 131500000,
        "weightedAverageShsOutDil": 137800000,
        "link": "https://www.sec.gov/Archives/edgar/data/70866/000007086621000031/0000070866-21-000031-index.htm",
        "finalLink": "https://www.sec.gov/Archives/edgar/data/70866/000007086621000031/ncr-20210930.htm"
    },
    {
        "date": "2021-06-30",
        "symbol": "NCR",
        "reportedCurrency": "USD",
        "cik": "0000070866",
        "fillingDate": "2021-08-06",
        "acceptedDate": "2021-08-06 15:59:21",
        "calendarYear": "2021",
        "period": "Q2",
        "revenue": 1677000000,
        "costOfRevenue": 1221000000,
        "grossProfit": 456000000,
        "grossProfitRatio": 0.2719141324,
        "researchAndDevelopmentExpenses": 69000000,
        "generalAndAdministrativeExpenses": 303000000,
        "sellingAndMarketingExpenses": 0,
        "sellingGeneralAndAdministrativeExpenses": 303000000,
        "otherExpenses": 0,
        "operatingExpenses": 372000000,
        "costAndExpenses": 1593000000,
        "interestIncome": 1000000,
        "interestExpense": 61000000,
        "depreciationAndAmortization": -60000000,
        "ebitda": 84000000,
        "ebitdaratio": 0.0500894454,
        "operatingIncome": 84000000,
        "operatingIncomeRatio": 0.0500894454,
        "totalOtherIncomeExpensesNet": -1000000,
        "incomeBeforeTax": 22000000,
        "incomeBeforeTaxRatio": 0.0131186643,
        "incomeTaxExpense": 31000000,
        "netIncome": -9000000,
        "netIncomeRatio": -0.0053667263,
        "eps": -0.1,
        "epsdiluted": -0.1,
        "weightedAverageShsOut": 131000000,
        "weightedAverageShsOutDil": 131000000,
        "link": "https://www.sec.gov/Archives/edgar/data/70866/000007086621000023/0000070866-21-000023-index.htm",
        "finalLink": "https://www.sec.gov/Archives/edgar/data/70866/000007086621000023/ncr-20210630.htm"
    },
    {
        "date": "2021-03-31",
        "symbol": "NCR",
        "reportedCurrency": "USD",
        "cik": "0000070866",
        "fillingDate": "2021-04-30",
        "acceptedDate": "2021-04-30 16:32:48",
        "calendarYear": "2021",
        "period": "Q1",
        "revenue": 1544000000,
        "costOfRevenue": 1130000000,
        "grossProfit": 414000000,
        "grossProfitRatio": 0.268134715,
        "researchAndDevelopmentExpenses": 66000000,
        "generalAndAdministrativeExpenses": 238000000,
        "sellingAndMarketingExpenses": 0,
        "sellingGeneralAndAdministrativeExpenses": 238000000,
        "otherExpenses": 0,
        "operatingExpenses": 304000000,
        "costAndExpenses": 1434000000,
        "interestIncome": 0,
        "interestExpense": 45000000,
        "depreciationAndAmortization": 92000000,
        "ebitda": 110000000,
        "ebitdaratio": 0.0712435233,
        "operatingIncome": 110000000,
        "operatingIncomeRatio": 0.0712435233,
        "totalOtherIncomeExpensesNet": -62000000,
        "incomeBeforeTax": 48000000,
        "incomeBeforeTaxRatio": 0.0310880829,
        "incomeTaxExpense": 17000000,
        "netIncome": 30000000,
        "netIncomeRatio": 0.0194300518,
        "eps": 0.2,
        "epsdiluted": 0.19,
        "weightedAverageShsOut": 130000000,
        "weightedAverageShsOutDil": 134700000,
        "link": "https://www.sec.gov/Archives/edgar/data/70866/000007086621000018/0000070866-21-000018-index.htm",
        "finalLink": "https://www.sec.gov/Archives/edgar/data/70866/000007086621000018/ncr-20210331.htm"
    },
    {
        "date": "2020-12-31",
        "symbol": "NCR",
        "reportedCurrency": "USD",
        "cik": "0000070866",
        "fillingDate": "2021-02-26",
        "acceptedDate": "2021-02-26 16:24:19",
        "calendarYear": "2020",
        "period": "Q4",
        "revenue": 1631000000,
        "costOfRevenue": 1303000000,
        "grossProfit": 328000000,
        "grossProfitRatio": 0.2011036174,
        "researchAndDevelopmentExpenses": 65000000,
        "generalAndAdministrativeExpenses": 326000000,
        "sellingAndMarketingExpenses": 0,
        "sellingGeneralAndAdministrativeExpenses": 326000000,
        "otherExpenses": 0,
        "operatingExpenses": 391000000,
        "costAndExpenses": 1694000000,
        "interestIncome": 4000000,
        "interestExpense": 51000000,
        "depreciationAndAmortization": 95000000,
        "ebitda": -90000000,
        "ebitdaratio": -0.0551808706,
        "operatingIncome": -63000000,
        "operatingIncomeRatio": -0.0386266094,
        "totalOtherIncomeExpensesNet": -83000000,
        "incomeBeforeTax": -146000000,
        "incomeBeforeTaxRatio": -0.0895156346,
        "incomeTaxExpense": -20000000,
        "netIncome": -197000000,
        "netIncomeRatio": -0.1207847946,
        "eps": -1.53,
        "epsdiluted": -1.53,
        "weightedAverageShsOut": 129000000,
        "weightedAverageShsOutDil": 129000000,
        "link": "https://www.sec.gov/Archives/edgar/data/70866/000007086621000011/0000070866-21-000011-index.htm",
        "finalLink": "https://www.sec.gov/Archives/edgar/data/70866/000007086621000011/ncr-20201231.htm"
    },
    {
        "date": "2020-09-30",
        "symbol": "NCR",
        "reportedCurrency": "USD",
        "cik": "0000070866",
        "fillingDate": "2020-10-30",
        "acceptedDate": "2020-10-30 16:07:32",
        "calendarYear": "2020",
        "period": "Q3",
        "revenue": 1589000000,
        "costOfRevenue": 1162000000,
        "grossProfit": 427000000,
        "grossProfitRatio": 0.268722467,
        "researchAndDevelopmentExpenses": 55000000,
        "generalAndAdministrativeExpenses": 254000000,
        "sellingAndMarketingExpenses": 0,
        "sellingGeneralAndAdministrativeExpenses": 254000000,
        "otherExpenses": 0,
        "operatingExpenses": 309000000,
        "costAndExpenses": 1471000000,
        "interestIncome": 2000000,
        "interestExpense": 60000000,
        "depreciationAndAmortization": 93000000,
        "ebitda": 205000000,
        "ebitdaratio": 0.1290119572,
        "operatingIncome": 118000000,
        "operatingIncomeRatio": 0.0742605412,
        "totalOtherIncomeExpensesNet": -10000000,
        "incomeBeforeTax": 108000000,
        "incomeBeforeTaxRatio": 0.067967275,
        "incomeTaxExpense": 4000000,
        "netIncome": 31000000,
        "netIncomeRatio": 0.0195091252,
        "eps": 0.19,
        "epsdiluted": 0.19,
        "weightedAverageShsOut": 128500000,
        "weightedAverageShsOutDil": 129700000,
        "link": "https://www.sec.gov/Archives/edgar/data/70866/000007086620000045/0000070866-20-000045-index.htm",
        "finalLink": "https://www.sec.gov/Archives/edgar/data/70866/000007086620000045/ncr-20200930.htm"
    },
    {
        "date": "2020-06-30",
        "symbol": "NCR",
        "reportedCurrency": "USD",
        "cik": "0000070866",
        "fillingDate": "2020-07-31",
        "acceptedDate": "2020-07-31 16:04:36",
        "calendarYear": "2020",
        "period": "Q2",
        "revenue": 1484000000,
        "costOfRevenue": 1112000000,
        "grossProfit": 372000000,
        "grossProfitRatio": 0.2506738544,
        "researchAndDevelopmentExpenses": 49000000,
        "generalAndAdministrativeExpenses": 234000000,
        "sellingAndMarketingExpenses": 0,
        "sellingGeneralAndAdministrativeExpenses": 234000000,
        "otherExpenses": 0,
        "operatingExpenses": 283000000,
        "costAndExpenses": 1395000000,
        "interestIncome": 1000000,
        "interestExpense": 57000000,
        "depreciationAndAmortization": 89000000,
        "ebitda": 176000000,
        "ebitdaratio": 0.1185983827,
        "operatingIncome": 89000000,
        "operatingIncomeRatio": 0.0599730458,
        "totalOtherIncomeExpensesNet": -59000000,
        "incomeBeforeTax": 30000000,
        "incomeBeforeTaxRatio": 0.0202156334,
        "incomeTaxExpense": -34000000,
        "netIncome": 64000000,
        "netIncomeRatio": 0.0431266846,
        "eps": 0.45,
        "epsdiluted": 0.44,
        "weightedAverageShsOut": 128000000,
        "weightedAverageShsOutDil": 128900000,
        "link": "https://www.sec.gov/Archives/edgar/data/70866/000007086620000032/0000070866-20-000032-index.htm",
        "finalLink": "https://www.sec.gov/Archives/edgar/data/70866/000007086620000032/ncr-20200630.htm"
    },
    {
        "date": "2020-03-31",
        "symbol": "NCR",
        "reportedCurrency": "USD",
        "cik": "0000070866",
        "fillingDate": "2020-05-01",
        "acceptedDate": "2020-05-01 16:20:12",
        "calendarYear": "2020",
        "period": "Q1",
        "revenue": 1503000000,
        "costOfRevenue": 1106000000,
        "grossProfit": 397000000,
        "grossProfitRatio": 0.2641383899,
        "researchAndDevelopmentExpenses": 65000000,
        "generalAndAdministrativeExpenses": 255000000,
        "sellingAndMarketingExpenses": 0,
        "sellingGeneralAndAdministrativeExpenses": 255000000,
        "otherExpenses": 0,
        "operatingExpenses": 320000000,
        "costAndExpenses": 1426000000,
        "interestIncome": 0,
        "interestExpense": 50000000,
        "depreciationAndAmortization": 87000000,
        "ebitda": 162000000,
        "ebitdaratio": 0.1077844311,
        "operatingIncome": 77000000,
        "operatingIncomeRatio": 0.0512308716,
        "totalOtherIncomeExpensesNet": -52000000,
        "incomeBeforeTax": 25000000,
        "incomeBeforeTaxRatio": 0.0166333999,
        "incomeTaxExpense": 1000000,
        "netIncome": 23000000,
        "netIncomeRatio": 0.0153027279,
        "eps": 0.13,
        "epsdiluted": 0.13,
        "weightedAverageShsOut": 128000000,
        "weightedAverageShsOutDil": 130500000,
        "link": "https://www.sec.gov/Archives/edgar/data/70866/000007086620000020/0000070866-20-000020-index.htm",
        "finalLink": "https://www.sec.gov/Archives/edgar/data/70866/000007086620000020/ncr-2020331x10q.htm"
    },
    {
        "date": "2019-12-31",
        "symbol": "NCR",
        "reportedCurrency": "USD",
        "cik": "0000070866",
        "fillingDate": "2020-02-28",
        "acceptedDate": "2020-02-28 16:05:26",
        "calendarYear": "2019",
        "period": "Q4",
        "revenue": 1886000000,
        "costOfRevenue": 1354000000,
        "grossProfit": 532000000,
        "grossProfitRatio": 0.282078473,
        "researchAndDevelopmentExpenses": 74000000,
        "generalAndAdministrativeExpenses": 276000000,
        "sellingAndMarketingExpenses": -79000000,
        "sellingGeneralAndAdministrativeExpenses": 197000000,
        "otherExpenses": 79000000,
        "operatingExpenses": 350000000,
        "costAndExpenses": 1704000000,
        "interestIncome": 0,
        "interestExpense": 54000000,
        "depreciationAndAmortization": 84000000,
        "ebitda": 221000000,
        "ebitdaratio": 0.1171792153,
        "operatingIncome": 182000000,
        "operatingIncomeRatio": 0.0965005302,
        "totalOtherIncomeExpensesNet": -99000000,
        "incomeBeforeTax": 83000000,
        "incomeBeforeTaxRatio": 0.0440084836,
        "incomeTaxExpense": -301000000,
        "netIncome": 349000000,
        "netIncomeRatio": 0.18504772,
        "eps": 2.69,
        "epsdiluted": 2.43,
        "weightedAverageShsOut": 127600000,
        "weightedAverageShsOutDil": 143900000,
        "link": "https://www.sec.gov/Archives/edgar/data/70866/000007086620000007/0000070866-20-000007-index.htm",
        "finalLink": "https://www.sec.gov/Archives/edgar/data/70866/000007086620000007/ncr-20191231x10k.htm"
    },
    {
        "date": "2019-09-30",
        "symbol": "NCR",
        "reportedCurrency": "USD",
        "cik": "0000070866",
        "fillingDate": "2019-11-07",
        "acceptedDate": "2019-11-07 17:07:11",
        "calendarYear": "2019",
        "period": "Q3",
        "revenue": 1783000000,
        "costOfRevenue": 1276000000,
        "grossProfit": 507000000,
        "grossProfitRatio": 0.2843522154,
        "researchAndDevelopmentExpenses": 64000000,
        "generalAndAdministrativeExpenses": 271000000,
        "sellingAndMarketingExpenses": 0,
        "sellingGeneralAndAdministrativeExpenses": 271000000,
        "otherExpenses": 0,
        "operatingExpenses": 335000000,
        "costAndExpenses": 1611000000,
        "interestIncome": 0,
        "interestExpense": 53000000,
        "depreciationAndAmortization": 89000000,
        "ebitda": 250000000,
        "ebitdaratio": 0.1402131239,
        "operatingIncome": 172000000,
        "operatingIncomeRatio": 0.0964666293,
        "totalOtherIncomeExpensesNet": -64000000,
        "incomeBeforeTax": 108000000,
        "incomeBeforeTaxRatio": 0.0605720695,
        "incomeTaxExpense": 4000000,
        "netIncome": 90000000,
        "netIncomeRatio": 0.0504767246,
        "eps": 0.09,
        "epsdiluted": 0.09,
        "weightedAverageShsOut": 121400000,
        "weightedAverageShsOutDil": 123400000,
        "link": "https://www.sec.gov/Archives/edgar/data/70866/000007086619000032/0000070866-19-000032-index.htm",
        "finalLink": "https://www.sec.gov/Archives/edgar/data/70866/000007086619000032/ncr-2019930x10q.htm"
    },
    {
        "date": "2019-06-30",
        "symbol": "NCR",
        "reportedCurrency": "USD",
        "cik": "0000070866",
        "fillingDate": "2019-08-02",
        "acceptedDate": "2019-08-02 16:09:45",
        "calendarYear": "2019",
        "period": "Q2",
        "revenue": 1710000000,
        "costOfRevenue": 1239000000,
        "grossProfit": 471000000,
        "grossProfitRatio": 0.2754385965,
        "researchAndDevelopmentExpenses": 62000000,
        "generalAndAdministrativeExpenses": 252000000,
        "sellingAndMarketingExpenses": 0,
        "sellingGeneralAndAdministrativeExpenses": 252000000,
        "otherExpenses": 0,
        "operatingExpenses": 314000000,
        "costAndExpenses": 1553000000,
        "interestIncome": 0,
        "interestExpense": 45000000,
        "depreciationAndAmortization": 79000000,
        "ebitda": 227000000,
        "ebitdaratio": 0.132748538,
        "operatingIncome": 157000000,
        "operatingIncomeRatio": 0.0918128655,
        "totalOtherIncomeExpensesNet": -54000000,
        "incomeBeforeTax": 103000000,
        "incomeBeforeTaxRatio": 0.0602339181,
        "incomeTaxExpense": 15000000,
        "netIncome": 88000000,
        "netIncomeRatio": 0.0514619883,
        "eps": 0.63,
        "epsdiluted": 0.58,
        "weightedAverageShsOut": 120200000,
        "weightedAverageShsOutDil": 152700000,
        "link": "https://www.sec.gov/Archives/edgar/data/70866/000007086619000019/0000070866-19-000019-index.htm",
        "finalLink": "https://www.sec.gov/Archives/edgar/data/70866/000007086619000019/ncr-2019630x10q.htm"
    },
    {
        "date": "2019-03-31",
        "symbol": "NCR",
        "reportedCurrency": "USD",
        "cik": "0000070866",
        "fillingDate": "2019-05-07",
        "acceptedDate": "2019-05-07 16:13:31",
        "calendarYear": "2019",
        "period": "Q1",
        "revenue": 1536000000,
        "costOfRevenue": 1125000000,
        "grossProfit": 411000000,
        "grossProfitRatio": 0.267578125,
        "researchAndDevelopmentExpenses": 59000000,
        "generalAndAdministrativeExpenses": 252000000,
        "sellingAndMarketingExpenses": 0,
        "sellingGeneralAndAdministrativeExpenses": 252000000,
        "otherExpenses": 0,
        "operatingExpenses": 311000000,
        "costAndExpenses": 1436000000,
        "interestIncome": 0,
        "interestExpense": 45000000,
        "depreciationAndAmortization": 81000000,
        "ebitda": 173000000,
        "ebitdaratio": 0.1126302083,
        "operatingIncome": 100000000,
        "operatingIncomeRatio": 0.0651041667,
        "totalOtherIncomeExpensesNet": -53000000,
        "incomeBeforeTax": 47000000,
        "incomeBeforeTaxRatio": 0.0305989583,
        "incomeTaxExpense": 9000000,
        "netIncome": 37000000,
        "netIncomeRatio": 0.0240885417,
        "eps": 0.2,
        "epsdiluted": 0.2,
        "weightedAverageShsOut": 119300000,
        "weightedAverageShsOutDil": 122200000,
        "link": "https://www.sec.gov/Archives/edgar/data/70866/000007086619000013/0000070866-19-000013-index.htm",
        "finalLink": "https://www.sec.gov/Archives/edgar/data/70866/000007086619000013/ncr-2019331x10q.htm"
    },
    {
        "date": "2018-12-31",
        "symbol": "NCR",
        "reportedCurrency": "USD",
        "cik": "0000070866",
        "fillingDate": "2019-02-28",
        "acceptedDate": "2019-02-28 16:11:59",
        "calendarYear": "2018",
        "period": "Q4",
        "revenue": 1801000000,
        "costOfRevenue": 1359000000,
        "grossProfit": 442000000,
        "grossProfitRatio": 0.2454192115,
        "researchAndDevelopmentExpenses": 62000000,
        "generalAndAdministrativeExpenses": 273000000,
        "sellingAndMarketingExpenses": -118000000,
        "sellingGeneralAndAdministrativeExpenses": 155000000,
        "otherExpenses": 40000000,
        "operatingExpenses": 335000000,
        "costAndExpenses": 1694000000,
        "interestIncome": 0,
        "interestExpense": 43000000,
        "depreciationAndAmortization": 81000000,
        "ebitda": 228000000,
        "ebitdaratio": 0.1265963354,
        "operatingIncome": 63000000,
        "operatingIncomeRatio": 0.0349805664,
        "totalOtherIncomeExpensesNet": -3000000,
        "incomeBeforeTax": 60000000,
        "incomeBeforeTaxRatio": 0.0333148251,
        "incomeTaxExpense": -36000000,
        "netIncome": -47000000,
        "netIncomeRatio": -0.026096613,
        "eps": -0.51,
        "epsdiluted": -0.51,
        "weightedAverageShsOut": 118600000,
        "weightedAverageShsOutDil": 118600000,
        "link": "https://www.sec.gov/Archives/edgar/data/70866/000007086619000007/0000070866-19-000007-index.htm",
        "finalLink": "https://www.sec.gov/Archives/edgar/data/70866/000007086619000007/ncr-20181231x10k.htm"
    },
    {
        "date": "2018-09-30",
        "symbol": "NCR",
        "reportedCurrency": "USD",
        "cik": "0000070866",
        "fillingDate": "2018-11-02",
        "acceptedDate": "2018-11-02 16:53:47",
        "calendarYear": "2018",
        "period": "Q3",
        "revenue": 1550000000,
        "costOfRevenue": 1140000000,
        "grossProfit": 410000000,
        "grossProfitRatio": 0.264516129,
        "researchAndDevelopmentExpenses": 59000000,
        "generalAndAdministrativeExpenses": 226000000,
        "sellingAndMarketingExpenses": 0,
        "sellingGeneralAndAdministrativeExpenses": 226000000,
        "otherExpenses": 0,
        "operatingExpenses": 285000000,
        "costAndExpenses": 1425000000,
        "interestIncome": 0,
        "interestExpense": 43000000,
        "depreciationAndAmortization": 78000000,
        "ebitda": 193000000,
        "ebitdaratio": 0.124516129,
        "operatingIncome": 125000000,
        "operatingIncomeRatio": 0.0806451613,
        "totalOtherIncomeExpensesNet": -53000000,
        "incomeBeforeTax": 72000000,
        "incomeBeforeTaxRatio": 0.0464516129,
        "incomeTaxExpense": -15000000,
        "netIncome": 84000000,
        "netIncomeRatio": 0.0541935484,
        "eps": 0.61,
        "epsdiluted": 0.56,
        "weightedAverageShsOut": 118000000,
        "weightedAverageShsOutDil": 149300000,
        "link": "https://www.sec.gov/Archives/edgar/data/70866/000007086618000033/0000070866-18-000033-index.htm",
        "finalLink": "https://www.sec.gov/Archives/edgar/data/70866/000007086618000033/ncr-2018930x10q.htm"
    },
    {
        "date": "2018-06-30",
        "symbol": "NCR",
        "reportedCurrency": "USD",
        "cik": "0000070866",
        "fillingDate": "2018-08-03",
        "acceptedDate": "2018-08-03 16:46:35",
        "calendarYear": "2018",
        "period": "Q2",
        "revenue": 1537000000,
        "costOfRevenue": 1134000000,
        "grossProfit": 403000000,
        "grossProfitRatio": 0.2621990891,
        "researchAndDevelopmentExpenses": 65000000,
        "generalAndAdministrativeExpenses": 261000000,
        "sellingAndMarketingExpenses": 0,
        "sellingGeneralAndAdministrativeExpenses": 261000000,
        "otherExpenses": -9000000,
        "operatingExpenses": 326000000,
        "costAndExpenses": 1643000000,
        "interestIncome": 0,
        "interestExpense": 41000000,
        "depreciationAndAmortization": 85000000,
        "ebitda": -106000000,
        "ebitdaratio": -0.0689655172,
        "operatingIncome": -106000000,
        "operatingIncomeRatio": -0.0689655172,
        "totalOtherIncomeExpensesNet": -50000000,
        "incomeBeforeTax": -156000000,
        "incomeBeforeTaxRatio": -0.1014964216,
        "incomeTaxExpense": -12000000,
        "netIncome": -145000000,
        "netIncomeRatio": -0.0943396226,
        "eps": -1.23,
        "epsdiluted": -1.23,
        "weightedAverageShsOut": 117900000,
        "weightedAverageShsOutDil": 117900000,
        "link": "https://www.sec.gov/Archives/edgar/data/70866/000007086618000024/0000070866-18-000024-index.htm",
        "finalLink": "https://www.sec.gov/Archives/edgar/data/70866/000007086618000024/ncr-2018630x10q.htm"
    },
    {
        "date": "2018-03-31",
        "symbol": "NCR",
        "reportedCurrency": "USD",
        "cik": "0000070866",
        "fillingDate": "2018-05-04",
        "acceptedDate": "2018-05-04 16:08:19",
        "calendarYear": "2018",
        "period": "Q1",
        "revenue": 1517000000,
        "costOfRevenue": 1097000000,
        "grossProfit": 420000000,
        "grossProfitRatio": 0.2768622281,
        "researchAndDevelopmentExpenses": 66000000,
        "generalAndAdministrativeExpenses": 245000000,
        "sellingAndMarketingExpenses": 0,
        "sellingGeneralAndAdministrativeExpenses": 245000000,
        "otherExpenses": 0,
        "operatingExpenses": 311000000,
        "costAndExpenses": 1408000000,
        "interestIncome": 0,
        "interestExpense": 41000000,
        "depreciationAndAmortization": 86000000,
        "ebitda": 190000000,
        "ebitdaratio": 0.1252471984,
        "operatingIncome": 109000000,
        "operatingIncomeRatio": 0.0718523401,
        "totalOtherIncomeExpensesNet": -46000000,
        "incomeBeforeTax": 63000000,
        "incomeBeforeTaxRatio": 0.0415293342,
        "incomeTaxExpense": 7000000,
        "netIncome": 20000000,
        "netIncomeRatio": 0.0131839156,
        "eps": 0.07,
        "epsdiluted": 0.06,
        "weightedAverageShsOut": 119200000,
        "weightedAverageShsOutDil": 123800000,
        "link": "https://www.sec.gov/Archives/edgar/data/70866/000007086618000018/0000070866-18-000018-index.htm",
        "finalLink": "https://www.sec.gov/Archives/edgar/data/70866/000007086618000018/ncr-2018331x10q.htm"
    },
    {
        "date": "2017-12-31",
        "symbol": "NCR",
        "reportedCurrency": "USD",
        "cik": "0000070866",
        "fillingDate": "2018-02-26",
        "acceptedDate": "2018-02-26 16:23:21",
        "calendarYear": "2017",
        "period": "Q4",
        "revenue": 1782000000,
        "costOfRevenue": 1267000000,
        "grossProfit": 515000000,
        "grossProfitRatio": 0.2890011223,
        "researchAndDevelopmentExpenses": 64000000,
        "generalAndAdministrativeExpenses": 256000000,
        "sellingAndMarketingExpenses": 0,
        "sellingGeneralAndAdministrativeExpenses": 256000000,
        "otherExpenses": 14000000,
        "operatingExpenses": 334000000,
        "costAndExpenses": 1601000000,
        "interestIncome": 0,
        "interestExpense": 41000000,
        "depreciationAndAmortization": 91000000,
        "ebitda": 263000000,
        "ebitdaratio": 0.1475869809,
        "operatingIncome": 181000000,
        "operatingIncomeRatio": 0.1015712682,
        "totalOtherIncomeExpensesNet": -50000000,
        "incomeBeforeTax": 131000000,
        "incomeBeforeTaxRatio": 0.0735129068,
        "incomeTaxExpense": 164000000,
        "netIncome": -45000000,
        "netIncomeRatio": -0.0252525253,
        "eps": -0.46,
        "epsdiluted": -0.46,
        "weightedAverageShsOut": 121900000,
        "weightedAverageShsOutDil": 121900000,
        "link": "https://www.sec.gov/Archives/edgar/data/70866/000007086618000010/0000070866-18-000010-index.htm",
        "finalLink": "https://www.sec.gov/Archives/edgar/data/70866/000007086618000010/ncr-20171231x10k.htm"
    },
    {
        "date": "2017-09-30",
        "symbol": "NCR",
        "reportedCurrency": "USD",
        "cik": "0000070866",
        "fillingDate": "2017-10-27",
        "acceptedDate": "2017-10-27 16:37:02",
        "calendarYear": "2017",
        "period": "Q3",
        "revenue": 1663000000,
        "costOfRevenue": 1190000000,
        "grossProfit": 473000000,
        "grossProfitRatio": 0.2844257366,
        "researchAndDevelopmentExpenses": 53000000,
        "generalAndAdministrativeExpenses": 220000000,
        "sellingAndMarketingExpenses": 0,
        "sellingGeneralAndAdministrativeExpenses": 220000000,
        "otherExpenses": 0,
        "operatingExpenses": 273000000,
        "costAndExpenses": 1463000000,
        "interestIncome": 0,
        "interestExpense": 42000000,
        "depreciationAndAmortization": 91000000,
        "ebitda": 283000000,
        "ebitdaratio": 0.1701743836,
        "operatingIncome": 200000000,
        "operatingIncomeRatio": 0.1202645821,
        "totalOtherIncomeExpensesNet": -50000000,
        "incomeBeforeTax": 150000000,
        "incomeBeforeTaxRatio": 0.0901984366,
        "incomeTaxExpense": 31000000,
        "netIncome": 118000000,
        "netIncomeRatio": 0.0709561034,
        "eps": 0.87,
        "epsdiluted": 0.77,
        "weightedAverageShsOut": 121500000,
        "weightedAverageShsOutDil": 153100000,
        "link": "https://www.sec.gov/Archives/edgar/data/70866/000007086617000058/0000070866-17-000058-index.htm",
        "finalLink": "https://www.sec.gov/Archives/edgar/data/70866/000007086617000058/ncr-2017930x10q.htm"
    },
    {
        "date": "2017-06-30",
        "symbol": "NCR",
        "reportedCurrency": "USD",
        "cik": "0000070866",
        "fillingDate": "2017-07-28",
        "acceptedDate": "2017-07-28 16:29:07",
        "calendarYear": "2017",
        "period": "Q2",
        "revenue": 1593000000,
        "costOfRevenue": 1130000000,
        "grossProfit": 463000000,
        "grossProfitRatio": 0.2906465788,
        "researchAndDevelopmentExpenses": 58000000,
        "generalAndAdministrativeExpenses": 227000000,
        "sellingAndMarketingExpenses": 0,
        "sellingGeneralAndAdministrativeExpenses": 227000000,
        "otherExpenses": 0,
        "operatingExpenses": 285000000,
        "costAndExpenses": 1415000000,
        "interestIncome": 0,
        "interestExpense": 41000000,
        "depreciationAndAmortization": 87000000,
        "ebitda": 258000000,
        "ebitdaratio": 0.1619585687,
        "operatingIncome": 178000000,
        "operatingIncomeRatio": 0.1117388575,
        "totalOtherIncomeExpensesNet": -48000000,
        "incomeBeforeTax": 130000000,
        "incomeBeforeTaxRatio": 0.0816070308,
        "incomeTaxExpense": 33000000,
        "netIncome": 102000000,
        "netIncomeRatio": 0.0640301318,
        "eps": 0.74,
        "epsdiluted": 0.67,
        "weightedAverageShsOut": 121400000,
        "weightedAverageShsOutDil": 152700000,
        "link": "https://www.sec.gov/Archives/edgar/data/70866/000007086617000044/0000070866-17-000044-index.htm",
        "finalLink": "https://www.sec.gov/Archives/edgar/data/70866/000007086617000044/ncr-2017630x10q.htm"
    },
    {
        "date": "2017-03-31",
        "symbol": "NCR",
        "reportedCurrency": "USD",
        "cik": "0000070866",
        "fillingDate": "2017-04-28",
        "acceptedDate": "2017-04-28 16:24:24",
        "calendarYear": "2017",
        "period": "Q1",
        "revenue": 1478000000,
        "costOfRevenue": 1065000000,
        "grossProfit": 413000000,
        "grossProfitRatio": 0.2794316644,
        "researchAndDevelopmentExpenses": 67000000,
        "generalAndAdministrativeExpenses": 229000000,
        "sellingAndMarketingExpenses": 0,
        "sellingGeneralAndAdministrativeExpenses": 229000000,
        "otherExpenses": 0,
        "operatingExpenses": 296000000,
        "costAndExpenses": 1361000000,
        "interestIncome": 0,
        "interestExpense": 39000000,
        "depreciationAndAmortization": 85000000,
        "ebitda": 195000000,
        "ebitdaratio": 0.1319350474,
        "operatingIncome": 117000000,
        "operatingIncomeRatio": 0.0791610284,
        "totalOtherIncomeExpensesNet": -46000000,
        "incomeBeforeTax": 71000000,
        "incomeBeforeTaxRatio": 0.048037889,
        "incomeTaxExpense": 14000000,
        "netIncome": 57000000,
        "netIncomeRatio": 0.0385656292,
        "eps": -0.14,
        "epsdiluted": -0.14,
        "weightedAverageShsOut": 122800000,
        "weightedAverageShsOutDil": 122800000,
        "link": "https://www.sec.gov/Archives/edgar/data/70866/000007086617000030/0000070866-17-000030-index.htm",
        "finalLink": "https://www.sec.gov/Archives/edgar/data/70866/000007086617000030/ncr-2017331x10q.htm"
    },
    {
        "date": "2016-12-31",
        "symbol": "NCR",
        "reportedCurrency": "USD",
        "cik": "0000070866",
        "fillingDate": "2017-04-05",
        "acceptedDate": "2017-04-05 16:40:11",
        "calendarYear": "2016",
        "period": "Q4",
        "revenue": 1802000000,
        "costOfRevenue": 1323000000,
        "grossProfit": 479000000,
        "grossProfitRatio": 0.2658157603,
        "researchAndDevelopmentExpenses": 83000000,
        "generalAndAdministrativeExpenses": 248000000,
        "sellingAndMarketingExpenses": 0,
        "sellingGeneralAndAdministrativeExpenses": 248000000,
        "otherExpenses": 0,
        "operatingExpenses": 331000000,
        "costAndExpenses": 1654000000,
        "interestIncome": 0,
        "interestExpense": 40000000,
        "depreciationAndAmortization": -259000000,
        "ebitda": 216000000,
        "ebitdaratio": 0.1198668147,
        "operatingIncome": 146000000,
        "operatingIncomeRatio": 0.0810210877,
        "totalOtherIncomeExpensesNet": -57000000,
        "incomeBeforeTax": 89000000,
        "incomeBeforeTaxRatio": 0.0493895671,
        "incomeTaxExpense": 17000000,
        "netIncome": 57000000,
        "netIncomeRatio": 0.0316315205,
        "eps": 0.36,
        "epsdiluted": 0.35,
        "weightedAverageShsOut": 124500000,
        "weightedAverageShsOutDil": 128600000,
        "link": "https://www.sec.gov/Archives/edgar/data/70866/000007086617000020/0000070866-17-000020-index.htm",
        "finalLink": "https://www.sec.gov/Archives/edgar/data/70866/000007086617000020/a2016form10-ka.htm"
    },
    {
        "date": "2016-09-30",
        "symbol": "NCR",
        "reportedCurrency": "USD",
        "cik": "0000070866",
        "fillingDate": "2016-10-28",
        "acceptedDate": "2016-10-28 16:12:13",
        "calendarYear": "2016",
        "period": "Q3",
        "revenue": 1677000000,
        "costOfRevenue": 1200000000,
        "grossProfit": 477000000,
        "grossProfitRatio": 0.2844364937,
        "researchAndDevelopmentExpenses": 56000000,
        "generalAndAdministrativeExpenses": 225000000,
        "sellingAndMarketingExpenses": 0,
        "sellingGeneralAndAdministrativeExpenses": 225000000,
        "otherExpenses": 7000000,
        "operatingExpenses": 288000000,
        "costAndExpenses": 1488000000,
        "interestIncome": 0,
        "interestExpense": 41000000,
        "depreciationAndAmortization": 84000000,
        "ebitda": 272000000,
        "ebitdaratio": 0.1621943948,
        "operatingIncome": 189000000,
        "operatingIncomeRatio": 0.1127012522,
        "totalOtherIncomeExpensesNet": -49000000,
        "incomeBeforeTax": 140000000,
        "incomeBeforeTaxRatio": 0.0834824091,
        "incomeTaxExpense": 31000000,
        "netIncome": 105000000,
        "netIncomeRatio": 0.0626118068,
        "eps": 0.74,
        "epsdiluted": 0.68,
        "weightedAverageShsOut": 123900000,
        "weightedAverageShsOutDil": 155400000,
        "link": "https://www.sec.gov/Archives/edgar/data/70866/000007086616000125/0000070866-16-000125-index.htm",
        "finalLink": "https://www.sec.gov/Archives/edgar/data/70866/000007086616000125/ncr-2016930x10q.htm"
    },
    {
        "date": "2016-06-30",
        "symbol": "NCR",
        "reportedCurrency": "USD",
        "cik": "0000070866",
        "fillingDate": "2016-07-29",
        "acceptedDate": "2016-07-29 16:18:28",
        "calendarYear": "2016",
        "period": "Q2",
        "revenue": 1620000000,
        "costOfRevenue": 1174000000,
        "grossProfit": 446000000,
        "grossProfitRatio": 0.275308642,
        "researchAndDevelopmentExpenses": 50000000,
        "generalAndAdministrativeExpenses": 229000000,
        "sellingAndMarketingExpenses": 0,
        "sellingGeneralAndAdministrativeExpenses": 229000000,
        "otherExpenses": 0,
        "operatingExpenses": 279000000,
        "costAndExpenses": 1457000000,
        "interestIncome": 0,
        "interestExpense": 43000000,
        "depreciationAndAmortization": 86000000,
        "ebitda": 238000000,
        "ebitdaratio": 0.1469135802,
        "operatingIncome": 163000000,
        "operatingIncomeRatio": 0.100617284,
        "totalOtherIncomeExpensesNet": -58000000,
        "incomeBeforeTax": 105000000,
        "incomeBeforeTaxRatio": 0.0648148148,
        "incomeTaxExpense": 31000000,
        "netIncome": 76000000,
        "netIncomeRatio": 0.0469135802,
        "eps": 0.51,
        "epsdiluted": 0.49,
        "weightedAverageShsOut": 123800000,
        "weightedAverageShsOutDil": 154500000,
        "link": "https://www.sec.gov/Archives/edgar/data/70866/000007086616000111/0000070866-16-000111-index.htm",
        "finalLink": "https://www.sec.gov/Archives/edgar/data/70866/000007086616000111/ncr-2016630x10q.htm"
    },
    {
        "date": "2016-03-31",
        "symbol": "NCR",
        "reportedCurrency": "USD",
        "cik": "0000070866",
        "fillingDate": "2016-04-29",
        "acceptedDate": "2016-04-29 16:06:09",
        "calendarYear": "2016",
        "period": "Q1",
        "revenue": 1444000000,
        "costOfRevenue": 1064000000,
        "grossProfit": 380000000,
        "grossProfitRatio": 0.2631578947,
        "researchAndDevelopmentExpenses": 53000000,
        "generalAndAdministrativeExpenses": 224000000,
        "sellingAndMarketingExpenses": 0,
        "sellingGeneralAndAdministrativeExpenses": 224000000,
        "otherExpenses": 2000000,
        "operatingExpenses": 277000000,
        "costAndExpenses": 1343000000,
        "interestIncome": 0,
        "interestExpense": 46000000,
        "depreciationAndAmortization": 89000000,
        "ebitda": 182000000,
        "ebitdaratio": 0.1260387812,
        "operatingIncome": 101000000,
        "operatingIncomeRatio": 0.0699445983,
        "totalOtherIncomeExpensesNet": -56000000,
        "incomeBeforeTax": 45000000,
        "incomeBeforeTaxRatio": 0.0311634349,
        "incomeTaxExpense": 13000000,
        "netIncome": 32000000,
        "netIncomeRatio": 0.0221606648,
        "eps": 0.16,
        "epsdiluted": 0.16,
        "weightedAverageShsOut": 130400000,
        "weightedAverageShsOutDil": 132700000,
        "link": "https://www.sec.gov/Archives/edgar/data/70866/000007086616000093/0000070866-16-000093-index.htm",
        "finalLink": "https://www.sec.gov/Archives/edgar/data/70866/000007086616000093/ncr-2016331x10q.htm"
    },
    {
        "date": "2015-12-31",
        "symbol": "NCR",
        "reportedCurrency": "USD",
        "cik": "0000070866",
        "fillingDate": "2016-02-26",
        "acceptedDate": "2016-02-26 17:46:03",
        "calendarYear": "2015",
        "period": "Q4",
        "revenue": 1680000000,
        "costOfRevenue": 1204000000,
        "grossProfit": 476000000,
        "grossProfitRatio": 0.2833333333,
        "researchAndDevelopmentExpenses": 55000000,
        "generalAndAdministrativeExpenses": 254000000,
        "sellingAndMarketingExpenses": 0,
        "sellingGeneralAndAdministrativeExpenses": 254000000,
        "otherExpenses": 0,
        "operatingExpenses": 309000000,
        "costAndExpenses": 1513000000,
        "interestIncome": 0,
        "interestExpense": 42000000,
        "depreciationAndAmortization": 79000000,
        "ebitda": 203000000,
        "ebitdaratio": 0.1208333333,
        "operatingIncome": 138000000,
        "operatingIncomeRatio": 0.0821428571,
        "totalOtherIncomeExpensesNet": -85000000,
        "incomeBeforeTax": 53000000,
        "incomeBeforeTaxRatio": 0.031547619,
        "incomeTaxExpense": 5000000,
        "netIncome": 28000000,
        "netIncomeRatio": 0.0166666667,
        "eps": 0.15,
        "epsdiluted": 0.15,
        "weightedAverageShsOut": 158400000,
        "weightedAverageShsOutDil": 160900000,
        "link": "https://www.sec.gov/Archives/edgar/data/70866/000007086616000069/0000070866-16-000069-index.htm",
        "finalLink": "https://www.sec.gov/Archives/edgar/data/70866/000007086616000069/ncr-20151231x10k.htm"
    },
    {
        "date": "2015-09-30",
        "symbol": "NCR",
        "reportedCurrency": "USD",
        "cik": "0000070866",
        "fillingDate": "2015-10-30",
        "acceptedDate": "2015-10-30 15:18:03",
        "calendarYear": "2015",
        "period": "Q3",
        "revenue": 1613000000,
        "costOfRevenue": 1156000000,
        "grossProfit": 457000000,
        "grossProfitRatio": 0.2833230006,
        "researchAndDevelopmentExpenses": 53000000,
        "generalAndAdministrativeExpenses": 224000000,
        "sellingAndMarketingExpenses": 0,
        "sellingGeneralAndAdministrativeExpenses": 224000000,
        "otherExpenses": 0,
        "operatingExpenses": 277000000,
        "costAndExpenses": 1445000000,
        "interestIncome": 0,
        "interestExpense": 42000000,
        "depreciationAndAmortization": 77000000,
        "ebitda": 250000000,
        "ebitdaratio": 0.1549907006,
        "operatingIncome": 168000000,
        "operatingIncomeRatio": 0.1041537508,
        "totalOtherIncomeExpensesNet": -49000000,
        "incomeBeforeTax": 119000000,
        "incomeBeforeTaxRatio": 0.0737755735,
        "incomeTaxExpense": 16000000,
        "netIncome": 98000000,
        "netIncomeRatio": 0.0607563546,
        "eps": 0.58,
        "epsdiluted": 0.57,
        "weightedAverageShsOut": 169800000,
        "weightedAverageShsOutDil": 172300000,
        "link": "https://www.sec.gov/Archives/edgar/data/70866/000007086615000056/0000070866-15-000056-index.htm",
        "finalLink": "https://www.sec.gov/Archives/edgar/data/70866/000007086615000056/ncr-2015930x10q.htm"
    },
    {
        "date": "2015-06-30",
        "symbol": "NCR",
        "reportedCurrency": "USD",
        "cik": "0000070866",
        "fillingDate": "2015-07-31",
        "acceptedDate": "2015-07-31 16:54:27",
        "calendarYear": "2015",
        "period": "Q2",
        "revenue": 1604000000,
        "costOfRevenue": 1458000000,
        "grossProfit": 146000000,
        "grossProfitRatio": 0.0910224439,
        "researchAndDevelopmentExpenses": 67000000,
        "generalAndAdministrativeExpenses": 339000000,
        "sellingAndMarketingExpenses": 0,
        "sellingGeneralAndAdministrativeExpenses": 339000000,
        "otherExpenses": 0,
        "operatingExpenses": 406000000,
        "costAndExpenses": 1870000000,
        "interestIncome": 0,
        "interestExpense": 45000000,
        "depreciationAndAmortization": 0,
        "ebitda": -184000000,
        "ebitdaratio": -0.114713217,
        "operatingIncome": -266000000,
        "operatingIncomeRatio": -0.1658354115,
        "totalOtherIncomeExpensesNet": -45000000,
        "incomeBeforeTax": -311000000,
        "incomeBeforeTaxRatio": -0.1938902743,
        "incomeTaxExpense": 32000000,
        "netIncome": -344000000,
        "netIncomeRatio": -0.2144638404,
        "eps": -2.03,
        "epsdiluted": -2.03,
        "weightedAverageShsOut": 169600000,
        "weightedAverageShsOutDil": 169600000,
        "link": "https://www.sec.gov/Archives/edgar/data/70866/000007086615000046/0000070866-15-000046-index.htm",
        "finalLink": "https://www.sec.gov/Archives/edgar/data/70866/000007086615000046/ncr-2015630x10q.htm"
    },
    {
        "date": "2015-03-31",
        "symbol": "NCR",
        "reportedCurrency": "USD",
        "cik": "0000070866",
        "fillingDate": "2015-05-01",
        "acceptedDate": "2015-05-01 16:05:43",
        "calendarYear": "2015",
        "period": "Q1",
        "revenue": 1476000000,
        "costOfRevenue": 1086000000,
        "grossProfit": 390000000,
        "grossProfitRatio": 0.2642276423,
        "researchAndDevelopmentExpenses": 55000000,
        "generalAndAdministrativeExpenses": 225000000,
        "sellingAndMarketingExpenses": 0,
        "sellingGeneralAndAdministrativeExpenses": 225000000,
        "otherExpenses": -7000000,
        "operatingExpenses": 280000000,
        "costAndExpenses": 1381000000,
        "interestIncome": 0,
        "interestExpense": 44000000,
        "depreciationAndAmortization": 76000000,
        "ebitda": 179000000,
        "ebitdaratio": 0.1212737127,
        "operatingIncome": 95000000,
        "operatingIncomeRatio": 0.0643631436,
        "totalOtherIncomeExpensesNet": -51000000,
        "incomeBeforeTax": 44000000,
        "incomeBeforeTaxRatio": 0.0298102981,
        "incomeTaxExpense": 2000000,
        "netIncome": 40000000,
        "netIncomeRatio": 0.027100271,
        "eps": 0.24,
        "epsdiluted": 0.23,
        "weightedAverageShsOut": 169000000,
        "weightedAverageShsOutDil": 171600000,
        "link": "https://www.sec.gov/Archives/edgar/data/70866/000007086615000034/0000070866-15-000034-index.htm",
        "finalLink": "https://www.sec.gov/Archives/edgar/data/70866/000007086615000034/ncr-2015331x10q.htm"
    },
    {
        "date": "2014-12-31",
        "symbol": "NCR",
        "reportedCurrency": "USD",
        "cik": "0000070866",
        "fillingDate": "2015-02-27",
        "acceptedDate": "2015-02-27 15:02:26",
        "calendarYear": "2014",
        "period": "Q4",
        "revenue": 1768000000,
        "costOfRevenue": 1336000000,
        "grossProfit": 432000000,
        "grossProfitRatio": 0.2443438914,
        "researchAndDevelopmentExpenses": 77000000,
        "generalAndAdministrativeExpenses": 288000000,
        "sellingAndMarketingExpenses": 0,
        "sellingGeneralAndAdministrativeExpenses": 288000000,
        "otherExpenses": 0,
        "operatingExpenses": 365000000,
        "costAndExpenses": 1701000000,
        "interestIncome": 0,
        "interestExpense": 46000000,
        "depreciationAndAmortization": 73000000,
        "ebitda": 129000000,
        "ebitdaratio": 0.0729638009,
        "operatingIncome": 35000000,
        "operatingIncomeRatio": 0.0197963801,
        "totalOtherIncomeExpensesNet": -57000000,
        "incomeBeforeTax": -22000000,
        "incomeBeforeTaxRatio": -0.0124434389,
        "incomeTaxExpense": -62000000,
        "netIncome": 33000000,
        "netIncomeRatio": 0.0186651584,
        "eps": 0.2,
        "epsdiluted": 0.19,
        "weightedAverageShsOut": 168500000,
        "weightedAverageShsOutDil": 171300000,
        "link": "https://www.sec.gov/Archives/edgar/data/70866/000007086615000009/0000070866-15-000009-index.htm",
        "finalLink": "https://www.sec.gov/Archives/edgar/data/70866/000007086615000009/ncr-20141231x10k.htm"
    },
    {
        "date": "2014-09-30",
        "symbol": "NCR",
        "reportedCurrency": "USD",
        "cik": "0000070866",
        "fillingDate": "2014-11-03",
        "acceptedDate": "2014-11-03 16:08:04",
        "calendarYear": "2014",
        "period": "Q3",
        "revenue": 1647000000,
        "costOfRevenue": 1243000000,
        "grossProfit": 404000000,
        "grossProfitRatio": 0.2452944748,
        "researchAndDevelopmentExpenses": 59000000,
        "generalAndAdministrativeExpenses": 232000000,
        "sellingAndMarketingExpenses": 0,
        "sellingGeneralAndAdministrativeExpenses": 232000000,
        "otherExpenses": -14000000,
        "operatingExpenses": 291000000,
        "costAndExpenses": 1606000000,
        "interestIncome": 0,
        "interestExpense": 46000000,
        "depreciationAndAmortization": 69000000,
        "ebitda": 41000000,
        "ebitdaratio": 0.0248937462,
        "operatingIncome": 41000000,
        "operatingIncomeRatio": 0.0248937462,
        "totalOtherIncomeExpensesNet": -60000000,
        "incomeBeforeTax": -19000000,
        "incomeBeforeTaxRatio": -0.0115361263,
        "incomeTaxExpense": -19000000,
        "netIncome": 15000000,
        "netIncomeRatio": 0.0091074681,
        "eps": 0.09,
        "epsdiluted": 0.09,
        "weightedAverageShsOut": 168200000,
        "weightedAverageShsOutDil": 171300000,
        "link": "https://www.sec.gov/Archives/edgar/data/70866/000007086614000080/0000070866-14-000080-index.htm",
        "finalLink": "https://www.sec.gov/Archives/edgar/data/70866/000007086614000080/ncr-2014930x10q.htm"
    },
    {
        "date": "2014-06-30",
        "symbol": "NCR",
        "reportedCurrency": "USD",
        "cik": "0000070866",
        "fillingDate": "2014-08-01",
        "acceptedDate": "2014-08-01 16:20:19",
        "calendarYear": "2014",
        "period": "Q2",
        "revenue": 1658000000,
        "costOfRevenue": 1178000000,
        "grossProfit": 480000000,
        "grossProfitRatio": 0.2895054282,
        "researchAndDevelopmentExpenses": 64000000,
        "generalAndAdministrativeExpenses": 247000000,
        "sellingAndMarketingExpenses": 0,
        "sellingGeneralAndAdministrativeExpenses": 247000000,
        "otherExpenses": 0,
        "operatingExpenses": 311000000,
        "costAndExpenses": 1489000000,
        "interestIncome": 0,
        "interestExpense": 46000000,
        "depreciationAndAmortization": 73000000,
        "ebitda": 239000000,
        "ebitdaratio": 0.1441495778,
        "operatingIncome": 169000000,
        "operatingIncomeRatio": 0.1019300362,
        "totalOtherIncomeExpensesNet": -49000000,
        "incomeBeforeTax": 120000000,
        "incomeBeforeTaxRatio": 0.0723763571,
        "incomeTaxExpense": 29000000,
        "netIncome": 90000000,
        "netIncomeRatio": 0.0542822678,
        "eps": 0.54,
        "epsdiluted": 0.53,
        "weightedAverageShsOut": 167900000,
        "weightedAverageShsOutDil": 170900000,
        "link": "https://www.sec.gov/Archives/edgar/data/70866/000007086614000065/0000070866-14-000065-index.htm",
        "finalLink": "https://www.sec.gov/Archives/edgar/data/70866/000007086614000065/ncr-2014630x10q.htm"
    },
    {
        "date": "2014-03-31",
        "symbol": "NCR",
        "reportedCurrency": "USD",
        "cik": "0000070866",
        "fillingDate": "2014-05-02",
        "acceptedDate": "2014-05-02 16:06:45",
        "calendarYear": "2014",
        "period": "Q1",
        "revenue": 1518000000,
        "costOfRevenue": 1102000000,
        "grossProfit": 416000000,
        "grossProfitRatio": 0.2740447958,
        "researchAndDevelopmentExpenses": 63000000,
        "generalAndAdministrativeExpenses": 245000000,
        "sellingAndMarketingExpenses": 0,
        "sellingGeneralAndAdministrativeExpenses": 245000000,
        "otherExpenses": 0,
        "operatingExpenses": 308000000,
        "costAndExpenses": 1410000000,
        "interestIncome": 0,
        "interestExpense": 43000000,
        "depreciationAndAmortization": 69000000,
        "ebitda": 170000000,
        "ebitdaratio": 0.1119894598,
        "operatingIncome": 108000000,
        "operatingIncomeRatio": 0.0711462451,
        "totalOtherIncomeExpensesNet": -50000000,
        "incomeBeforeTax": 58000000,
        "incomeBeforeTaxRatio": 0.0382081686,
        "incomeTaxExpense": 4000000,
        "netIncome": 53000000,
        "netIncomeRatio": 0.034914361,
        "eps": 0.32,
        "epsdiluted": 0.31,
        "weightedAverageShsOut": 167100000,
        "weightedAverageShsOutDil": 171000000,
        "link": "https://www.sec.gov/Archives/edgar/data/70866/000007086614000038/0000070866-14-000038-index.htm",
        "finalLink": "https://www.sec.gov/Archives/edgar/data/70866/000007086614000038/ncr-2014331x10q.htm"
    },
    {
        "date": "2013-12-31",
        "symbol": "NCR",
        "reportedCurrency": "USD",
        "cik": "0000070866",
        "fillingDate": "2014-02-27",
        "acceptedDate": "2014-02-26 20:31:24",
        "calendarYear": "2013",
        "period": "Q4",
        "revenue": 1670000000,
        "costOfRevenue": 1140000000,
        "grossProfit": 530000000,
        "grossProfitRatio": 0.3173652695,
        "researchAndDevelopmentExpenses": 40000000,
        "generalAndAdministrativeExpenses": 193000000,
        "sellingAndMarketingExpenses": 0,
        "sellingGeneralAndAdministrativeExpenses": 193000000,
        "otherExpenses": 0,
        "operatingExpenses": 233000000,
        "costAndExpenses": 1373000000,
        "interestIncome": 0,
        "interestExpense": 33000000,
        "depreciationAndAmortization": 59000000,
        "ebitda": 351000000,
        "ebitdaratio": 0.2101796407,
        "operatingIncome": 297000000,
        "operatingIncomeRatio": 0.1778443114,
        "totalOtherIncomeExpensesNet": -38000000,
        "incomeBeforeTax": 259000000,
        "incomeBeforeTaxRatio": 0.1550898204,
        "incomeTaxExpense": 54000000,
        "netIncome": 198000000,
        "netIncomeRatio": 0.1185628743,
        "eps": 1.19,
        "epsdiluted": 1.16,
        "weightedAverageShsOut": 166500000,
        "weightedAverageShsOutDil": 170800000,
        "link": "https://www.sec.gov/Archives/edgar/data/70866/000007086614000011/0000070866-14-000011-index.htm",
        "finalLink": "https://www.sec.gov/Archives/edgar/data/70866/000007086614000011/ncr201310-k.htm"
    },
    {
        "date": "2013-09-30",
        "symbol": "NCR",
        "reportedCurrency": "USD",
        "cik": "0000070866",
        "fillingDate": "2013-11-05",
        "acceptedDate": "2013-11-05 08:53:47",
        "calendarYear": "2013",
        "period": "Q3",
        "revenue": 1508000000,
        "costOfRevenue": 1093000000,
        "grossProfit": 415000000,
        "grossProfitRatio": 0.275198939,
        "researchAndDevelopmentExpenses": 53000000,
        "generalAndAdministrativeExpenses": 217000000,
        "sellingAndMarketingExpenses": 0,
        "sellingGeneralAndAdministrativeExpenses": 217000000,
        "otherExpenses": 0,
        "operatingExpenses": 270000000,
        "costAndExpenses": 1363000000,
        "interestIncome": 0,
        "interestExpense": 23000000,
        "depreciationAndAmortization": 52000000,
        "ebitda": 194000000,
        "ebitdaratio": 0.1286472149,
        "operatingIncome": 145000000,
        "operatingIncomeRatio": 0.0961538462,
        "totalOtherIncomeExpensesNet": -26000000,
        "incomeBeforeTax": 119000000,
        "incomeBeforeTaxRatio": 0.0789124668,
        "incomeTaxExpense": 19000000,
        "netIncome": 98000000,
        "netIncomeRatio": 0.0649867374,
        "eps": 0.59,
        "epsdiluted": 0.58,
        "weightedAverageShsOut": 166200000,
        "weightedAverageShsOutDil": 170000000,
        "link": "https://www.sec.gov/Archives/edgar/data/70866/000007086613000067/0000070866-13-000067-index.htm",
        "finalLink": "https://www.sec.gov/Archives/edgar/data/70866/000007086613000067/ncr-2013930x10q.htm"
    },
    {
        "date": "2013-06-30",
        "symbol": "NCR",
        "reportedCurrency": "USD",
        "cik": "0000070866",
        "fillingDate": "2013-08-02",
        "acceptedDate": "2013-08-02 16:03:33",
        "calendarYear": "2013",
        "period": "Q2",
        "revenue": 1535000000,
        "costOfRevenue": 1109000000,
        "grossProfit": 426000000,
        "grossProfitRatio": 0.27752443,
        "researchAndDevelopmentExpenses": 55000000,
        "generalAndAdministrativeExpenses": 232000000,
        "sellingAndMarketingExpenses": 0,
        "sellingGeneralAndAdministrativeExpenses": 232000000,
        "otherExpenses": 0,
        "operatingExpenses": 287000000,
        "costAndExpenses": 1396000000,
        "interestIncome": 0,
        "interestExpense": 26000000,
        "depreciationAndAmortization": 50000000,
        "ebitda": 186000000,
        "ebitdaratio": 0.1211726384,
        "operatingIncome": 139000000,
        "operatingIncomeRatio": 0.0905537459,
        "totalOtherIncomeExpensesNet": -29000000,
        "incomeBeforeTax": 110000000,
        "incomeBeforeTaxRatio": 0.0716612378,
        "incomeTaxExpense": 23000000,
        "netIncome": 86000000,
        "netIncomeRatio": 0.0560260586,
        "eps": 0.52,
        "epsdiluted": 0.51,
        "weightedAverageShsOut": 165200000,
        "weightedAverageShsOutDil": 168800000,
        "link": "https://www.sec.gov/Archives/edgar/data/70866/000007086613000052/0000070866-13-000052-index.htm",
        "finalLink": "https://www.sec.gov/Archives/edgar/data/70866/000007086613000052/ncr-2013630x10q.htm"
    },
    {
        "date": "2013-03-31",
        "symbol": "NCR",
        "reportedCurrency": "USD",
        "cik": "0000070866",
        "fillingDate": "2013-05-09",
        "acceptedDate": "2013-05-09 16:58:12",
        "calendarYear": "2013",
        "period": "Q1",
        "revenue": 1410000000,
        "costOfRevenue": 1041000000,
        "grossProfit": 369000000,
        "grossProfitRatio": 0.2617021277,
        "researchAndDevelopmentExpenses": 55000000,
        "generalAndAdministrativeExpenses": 229000000,
        "sellingAndMarketingExpenses": 0,
        "sellingGeneralAndAdministrativeExpenses": 229000000,
        "otherExpenses": 0,
        "operatingExpenses": 284000000,
        "costAndExpenses": 1325000000,
        "interestIncome": 0,
        "interestExpense": 21000000,
        "depreciationAndAmortization": 47000000,
        "ebitda": 134000000,
        "ebitdaratio": 0.095035461,
        "operatingIncome": 85000000,
        "operatingIncomeRatio": 0.0602836879,
        "totalOtherIncomeExpensesNet": -19000000,
        "incomeBeforeTax": 66000000,
        "incomeBeforeTaxRatio": 0.0468085106,
        "incomeTaxExpense": 2000000,
        "netIncome": 61000000,
        "netIncomeRatio": 0.0432624113,
        "eps": 0.37,
        "epsdiluted": 0.36,
        "weightedAverageShsOut": 163700000,
        "weightedAverageShsOutDil": 167500000,
        "link": "https://www.sec.gov/Archives/edgar/data/70866/000007086613000033/0000070866-13-000033-index.htm",
        "finalLink": "https://www.sec.gov/Archives/edgar/data/70866/000007086613000033/ncr-2013331x10q.htm"
    },
    {
        "date": "2012-12-31",
        "symbol": "NCR",
        "reportedCurrency": "USD",
        "cik": "0000070866",
        "fillingDate": "2013-03-04",
        "acceptedDate": "2013-03-01 18:07:28",
        "calendarYear": "2012",
        "period": "Q4",
        "revenue": 1642000000,
        "costOfRevenue": 1310000000,
        "grossProfit": 332000000,
        "grossProfitRatio": 0.2021924482,
        "researchAndDevelopmentExpenses": 64000000,
        "generalAndAdministrativeExpenses": 275000000,
        "sellingAndMarketingExpenses": 0,
        "sellingGeneralAndAdministrativeExpenses": 275000000,
        "otherExpenses": 0,
        "operatingExpenses": 339000000,
        "costAndExpenses": 1649000000,
        "interestIncome": 0,
        "interestExpense": 18000000,
        "depreciationAndAmortization": 43000000,
        "ebitda": 35000000,
        "ebitdaratio": 0.0213154689,
        "operatingIncome": -7000000,
        "operatingIncomeRatio": -0.0042630938,
        "totalOtherIncomeExpensesNet": -19000000,
        "incomeBeforeTax": -26000000,
        "incomeBeforeTaxRatio": -0.0158343484,
        "incomeTaxExpense": -1000000,
        "netIncome": -20000000,
        "netIncomeRatio": -0.012180268,
        "eps": -0.12,
        "epsdiluted": -0.12,
        "weightedAverageShsOut": 160400000,
        "weightedAverageShsOutDil": 160400000,
        "link": "https://www.sec.gov/Archives/edgar/data/70866/000007086613000009/0000070866-13-000009-index.htm",
        "finalLink": "https://www.sec.gov/Archives/edgar/data/70866/000007086613000009/ncr-20121231x10k.htm"
    },
    {
        "date": "2012-09-30",
        "symbol": "NCR",
        "reportedCurrency": "USD",
        "cik": "0000070866",
        "fillingDate": "2012-10-26",
        "acceptedDate": "2012-10-26 16:04:22",
        "calendarYear": "2012",
        "period": "Q3",
        "revenue": 1435000000,
        "costOfRevenue": 1077000000,
        "grossProfit": 358000000,
        "grossProfitRatio": 0.2494773519,
        "researchAndDevelopmentExpenses": 52000000,
        "generalAndAdministrativeExpenses": 0,
        "sellingAndMarketingExpenses": 0,
        "sellingGeneralAndAdministrativeExpenses": 217000000,
        "otherExpenses": 0,
        "operatingExpenses": 269000000,
        "costAndExpenses": 1346000000,
        "interestIncome": 0,
        "interestExpense": 7000000,
        "depreciationAndAmortization": 42000000,
        "ebitda": 131000000,
        "ebitdaratio": 0.0912891986,
        "operatingIncome": 89000000,
        "operatingIncomeRatio": 0.0620209059,
        "totalOtherIncomeExpensesNet": -7000000,
        "incomeBeforeTax": 82000000,
        "incomeBeforeTaxRatio": 0.0571428571,
        "incomeTaxExpense": 23000000,
        "netIncome": 57000000,
        "netIncomeRatio": 0.0397212544,
        "eps": 0.36,
        "epsdiluted": 0.35,
        "weightedAverageShsOut": 159600000,
        "weightedAverageShsOutDil": 164800000,
        "link": "https://www.sec.gov/Archives/edgar/data/70866/000007086612000058/0000070866-12-000058-index.htm",
        "finalLink": "https://www.sec.gov/Archives/edgar/data/70866/000007086612000058/ncr-2012930x10q.htm"
    },
    {
        "date": "2012-06-30",
        "symbol": "NCR",
        "reportedCurrency": "USD",
        "cik": "0000070866",
        "fillingDate": "2012-07-31",
        "acceptedDate": "2012-07-31 16:35:13",
        "calendarYear": "2012",
        "period": "Q2",
        "revenue": 1409000000,
        "costOfRevenue": 1052000000,
        "grossProfit": 357000000,
        "grossProfitRatio": 0.2533711852,
        "researchAndDevelopmentExpenses": 53000000,
        "generalAndAdministrativeExpenses": 0,
        "sellingAndMarketingExpenses": 0,
        "sellingGeneralAndAdministrativeExpenses": 203000000,
        "otherExpenses": 0,
        "operatingExpenses": 256000000,
        "costAndExpenses": 1308000000,
        "interestIncome": 0,
        "interestExpense": 8000000,
        "depreciationAndAmortization": 5000000,
        "ebitda": 101000000,
        "ebitdaratio": 0.071682044,
        "operatingIncome": 101000000,
        "operatingIncomeRatio": 0.071682044,
        "totalOtherIncomeExpensesNet": -13000000,
        "incomeBeforeTax": 88000000,
        "incomeBeforeTaxRatio": 0.0624556423,
        "incomeTaxExpense": 21000000,
        "netIncome": 80000000,
        "netIncomeRatio": 0.0567778566,
        "eps": 0.5,
        "epsdiluted": 0.49,
        "weightedAverageShsOut": 159000000,
        "weightedAverageShsOutDil": 163900000,
        "link": "https://www.sec.gov/Archives/edgar/data/70866/000007086612000034/0000070866-12-000034-index.htm",
        "finalLink": "https://www.sec.gov/Archives/edgar/data/70866/000007086612000034/ncr-2012630x10q.htm"
    },
    {
        "date": "2012-03-31",
        "symbol": "NCR",
        "reportedCurrency": "USD",
        "cik": "0000070866",
        "fillingDate": "2012-04-27",
        "acceptedDate": "2012-04-27 16:02:19",
        "calendarYear": "2012",
        "period": "Q1",
        "revenue": 1244000000,
        "costOfRevenue": 946000000,
        "grossProfit": 298000000,
        "grossProfitRatio": 0.2395498392,
        "researchAndDevelopmentExpenses": 50000000,
        "generalAndAdministrativeExpenses": 0,
        "sellingAndMarketingExpenses": 0,
        "sellingGeneralAndAdministrativeExpenses": 199000000,
        "otherExpenses": 0,
        "operatingExpenses": 249000000,
        "costAndExpenses": 1195000000,
        "interestIncome": 0,
        "interestExpense": 9000000,
        "depreciationAndAmortization": 2000000,
        "ebitda": 49000000,
        "ebitdaratio": 0.0393890675,
        "operatingIncome": 49000000,
        "operatingIncomeRatio": 0.0393890675,
        "totalOtherIncomeExpensesNet": -11000000,
        "incomeBeforeTax": 38000000,
        "incomeBeforeTaxRatio": 0.0305466238,
        "incomeTaxExpense": 0,
        "netIncome": 38000000,
        "netIncomeRatio": 0.0305466238,
        "eps": 0.24,
        "epsdiluted": 0.23,
        "weightedAverageShsOut": 158200000,
        "weightedAverageShsOutDil": 162300000,
        "link": "https://www.sec.gov/Archives/edgar/data/70866/000007086612000006/0000070866-12-000006-index.htm",
        "finalLink": "https://www.sec.gov/Archives/edgar/data/70866/000007086612000006/ncr-2012331x10q.htm"
    },
    {
        "date": "2011-12-31",
        "symbol": "NCR",
        "reportedCurrency": "USD",
        "cik": "0000070866",
        "fillingDate": "2013-02-14",
        "acceptedDate": "2013-02-13 18:16:54",
        "calendarYear": "2011",
        "period": "Q4",
        "revenue": 1633000000,
        "costOfRevenue": 1271000000,
        "grossProfit": 362000000,
        "grossProfitRatio": 0.2216778934,
        "researchAndDevelopmentExpenses": 51000000,
        "generalAndAdministrativeExpenses": 0,
        "sellingAndMarketingExpenses": 0,
        "sellingGeneralAndAdministrativeExpenses": 229000000,
        "otherExpenses": 0,
        "operatingExpenses": 280000000,
        "costAndExpenses": 1551000000,
        "interestIncome": 0,
        "interestExpense": 9000000,
        "depreciationAndAmortization": 52000000,
        "ebitda": 139000000,
        "ebitdaratio": 0.0851194121,
        "operatingIncome": -6000000,
        "operatingIncomeRatio": -0.0036742192,
        "totalOtherIncomeExpensesNet": -16000000,
        "incomeBeforeTax": -22000000,
        "incomeBeforeTaxRatio": -0.0134721372,
        "incomeTaxExpense": -8000000,
        "netIncome": -9000000,
        "netIncomeRatio": -0.0055113288,
        "eps": -0.0571,
        "epsdiluted": -0.0571,
        "weightedAverageShsOut": 157700000,
        "weightedAverageShsOutDil": 157700000,
        "link": "https://www.sec.gov/Archives/edgar/data/70866/000007086613000006/0000070866-13-000006-index.htm",
        "finalLink": "https://www.sec.gov/Archives/edgar/data/70866/000007086613000006/form10-ka.htm"
    },
    {
        "date": "2011-09-30",
        "symbol": "NCR",
        "reportedCurrency": "USD",
        "cik": "0000070866",
        "fillingDate": "2011-11-04",
        "acceptedDate": "2011-11-04 17:09:50",
        "calendarYear": "2011",
        "period": "Q3",
        "revenue": 1403000000,
        "costOfRevenue": 1110000000,
        "grossProfit": 293000000,
        "grossProfitRatio": 0.2088382038,
        "researchAndDevelopmentExpenses": 44000000,
        "generalAndAdministrativeExpenses": 0,
        "sellingAndMarketingExpenses": 0,
        "sellingGeneralAndAdministrativeExpenses": 231000000,
        "otherExpenses": 0,
        "operatingExpenses": 275000000,
        "costAndExpenses": 1385000000,
        "interestIncome": 0,
        "interestExpense": 3000000,
        "depreciationAndAmortization": 41000000,
        "ebitda": 59000000,
        "ebitdaratio": 0.0420527441,
        "operatingIncome": 18000000,
        "operatingIncomeRatio": 0.0128296507,
        "totalOtherIncomeExpensesNet": -4000000,
        "incomeBeforeTax": 14000000,
        "incomeBeforeTaxRatio": 0.0099786172,
        "incomeTaxExpense": -1000000,
        "netIncome": 16000000,
        "netIncomeRatio": 0.011404134,
        "eps": 0.1,
        "epsdiluted": 0.1,
        "weightedAverageShsOut": 157400000,
        "weightedAverageShsOutDil": 160200000,
        "link": "https://www.sec.gov/Archives/edgar/data/70866/000007086611000016/0000070866-11-000016-index.htm",
        "finalLink": "https://www.sec.gov/Archives/edgar/data/70866/000007086611000016/ncr-2011930x10q.htm"
    },
    {
        "date": "2011-06-30",
        "symbol": "NCR",
        "reportedCurrency": "USD",
        "cik": "0000070866",
        "fillingDate": "2011-07-29",
        "acceptedDate": "2011-07-29 16:18:09",
        "calendarYear": "2011",
        "period": "Q2",
        "revenue": 1312000000,
        "costOfRevenue": 1042000000,
        "grossProfit": 270000000,
        "grossProfitRatio": 0.2057926829,
        "researchAndDevelopmentExpenses": 42000000,
        "generalAndAdministrativeExpenses": 0,
        "sellingAndMarketingExpenses": 0,
        "sellingGeneralAndAdministrativeExpenses": 181000000,
        "otherExpenses": 0,
        "operatingExpenses": 223000000,
        "costAndExpenses": 1265000000,
        "interestIncome": 0,
        "interestExpense": 1000000,
        "depreciationAndAmortization": 38000000,
        "ebitda": 85000000,
        "ebitdaratio": 0.0647865854,
        "operatingIncome": 47000000,
        "operatingIncomeRatio": 0.0358231707,
        "totalOtherIncomeExpensesNet": -2000000,
        "incomeBeforeTax": 45000000,
        "incomeBeforeTaxRatio": 0.0342987805,
        "incomeTaxExpense": 8000000,
        "netIncome": 33000000,
        "netIncomeRatio": 0.025152439,
        "eps": 0.21,
        "epsdiluted": 0.21,
        "weightedAverageShsOut": 157800000,
        "weightedAverageShsOutDil": 160700000,
        "link": "https://www.sec.gov/Archives/edgar/data/70866/000007086611000011/0000070866-11-000011-index.htm",
        "finalLink": "https://www.sec.gov/Archives/edgar/data/70866/000007086611000011/ncr-2011630x10q.htm"
    },
    {
        "date": "2011-03-31",
        "symbol": "NCR",
        "reportedCurrency": "USD",
        "cik": "0000070866",
        "fillingDate": "2011-05-02",
        "acceptedDate": "2011-05-02 16:54:23",
        "calendarYear": "2011",
        "period": "Q1",
        "revenue": 1095000000,
        "costOfRevenue": 885000000,
        "grossProfit": 210000000,
        "grossProfitRatio": 0.1917808219,
        "researchAndDevelopmentExpenses": 40000000,
        "generalAndAdministrativeExpenses": 0,
        "sellingAndMarketingExpenses": 0,
        "sellingGeneralAndAdministrativeExpenses": 164000000,
        "otherExpenses": 0,
        "operatingExpenses": 204000000,
        "costAndExpenses": 1089000000,
        "interestIncome": 0,
        "interestExpense": 0,
        "depreciationAndAmortization": 37000000,
        "ebitda": 43000000,
        "ebitdaratio": 0.0392694064,
        "operatingIncome": 6000000,
        "operatingIncomeRatio": 0.0054794521,
        "totalOtherIncomeExpensesNet": 6000000,
        "incomeBeforeTax": 12000000,
        "incomeBeforeTaxRatio": 0.0109589041,
        "incomeTaxExpense": 1000000,
        "netIncome": 13000000,
        "netIncomeRatio": 0.0118721461,
        "eps": 0.08,
        "epsdiluted": 0.08,
        "weightedAverageShsOut": 159200000,
        "weightedAverageShsOutDil": 161700000,
        "link": "https://www.sec.gov/Archives/edgar/data/70866/000007086611000008/0000070866-11-000008-index.htm",
        "finalLink": "https://www.sec.gov/Archives/edgar/data/70866/000007086611000008/ncr-2011331x10q.htm"
    },
    {
        "date": "2010-12-31",
        "symbol": "NCR",
        "reportedCurrency": "USD",
        "cik": "0000070866",
        "fillingDate": "2011-02-25",
        "acceptedDate": "2011-02-24 18:55:54",
        "calendarYear": "2010",
        "period": "Q4",
        "revenue": 1406000000,
        "costOfRevenue": 1120000000,
        "grossProfit": 286000000,
        "grossProfitRatio": 0.2034139403,
        "researchAndDevelopmentExpenses": 45000000,
        "generalAndAdministrativeExpenses": 0,
        "sellingAndMarketingExpenses": 0,
        "sellingGeneralAndAdministrativeExpenses": 189000000,
        "otherExpenses": 0,
        "operatingExpenses": 234000000,
        "costAndExpenses": 1354000000,
        "interestIncome": 0,
        "interestExpense": 1000000,
        "depreciationAndAmortization": 37000000,
        "ebitda": 94000000,
        "ebitdaratio": 0.06685633,
        "operatingIncome": 52000000,
        "operatingIncomeRatio": 0.0369843528,
        "totalOtherIncomeExpensesNet": -14000000,
        "incomeBeforeTax": 38000000,
        "incomeBeforeTaxRatio": 0.027027027,
        "incomeTaxExpense": 7000000,
        "netIncome": 39000000,
        "netIncomeRatio": 0.0277382646,
        "eps": 0.25,
        "epsdiluted": 0.24,
        "weightedAverageShsOut": 158900000,
        "weightedAverageShsOutDil": 160600000,
        "link": "https://www.sec.gov/Archives/edgar/data/70866/000119312511045769/0001193125-11-045769-index.htm",
        "finalLink": "https://www.sec.gov/Archives/edgar/data/70866/000119312511045769/d10k.htm"
    },
    {
        "date": "2010-09-30",
        "symbol": "NCR",
        "reportedCurrency": "USD",
        "cik": "0000070866",
        "fillingDate": "2010-10-29",
        "acceptedDate": "2010-10-29 11:13:42",
        "calendarYear": "2010",
        "period": "Q3",
        "revenue": 1207000000,
        "costOfRevenue": 961000000,
        "grossProfit": 246000000,
        "grossProfitRatio": 0.2038111019,
        "researchAndDevelopmentExpenses": 39000000,
        "generalAndAdministrativeExpenses": 0,
        "sellingAndMarketingExpenses": 0,
        "sellingGeneralAndAdministrativeExpenses": 173000000,
        "otherExpenses": 0,
        "operatingExpenses": 212000000,
        "costAndExpenses": 1173000000,
        "interestIncome": 0,
        "interestExpense": 0,
        "depreciationAndAmortization": 36000000,
        "ebitda": 34000000,
        "ebitdaratio": 0.0281690141,
        "operatingIncome": 34000000,
        "operatingIncomeRatio": 0.0281690141,
        "totalOtherIncomeExpensesNet": 1000000,
        "incomeBeforeTax": 35000000,
        "incomeBeforeTaxRatio": 0.0289975145,
        "incomeTaxExpense": -48000000,
        "netIncome": 83000000,
        "netIncomeRatio": 0.0687655344,
        "eps": 0.52,
        "epsdiluted": 0.51,
        "weightedAverageShsOut": 160100000,
        "weightedAverageShsOutDil": 161500000,
        "link": "https://www.sec.gov/Archives/edgar/data/70866/000119312510240804/0001193125-10-240804-index.htm",
        "finalLink": "https://www.sec.gov/Archives/edgar/data/70866/000119312510240804/d10q.htm"
    },
    {
        "date": "2010-06-30",
        "symbol": "NCR",
        "reportedCurrency": "USD",
        "cik": "0000070866",
        "fillingDate": "2010-08-02",
        "acceptedDate": "2010-08-02 16:14:41",
        "calendarYear": "2010",
        "period": "Q2",
        "revenue": 1177000000,
        "costOfRevenue": 936000000,
        "grossProfit": 241000000,
        "grossProfitRatio": 0.204757859,
        "researchAndDevelopmentExpenses": 39000000,
        "generalAndAdministrativeExpenses": 0,
        "sellingAndMarketingExpenses": 0,
        "sellingGeneralAndAdministrativeExpenses": 171000000,
        "otherExpenses": 0,
        "operatingExpenses": 210000000,
        "costAndExpenses": 1146000000,
        "interestIncome": 0,
        "interestExpense": 0,
        "depreciationAndAmortization": 33000000,
        "ebitda": 31000000,
        "ebitdaratio": 0.0263381478,
        "operatingIncome": 31000000,
        "operatingIncomeRatio": 0.0263381478,
        "totalOtherIncomeExpensesNet": 0,
        "incomeBeforeTax": 31000000,
        "incomeBeforeTaxRatio": 0.0263381478,
        "incomeTaxExpense": 0,
        "netIncome": 31000000,
        "netIncomeRatio": 0.0263381478,
        "eps": 0.19,
        "epsdiluted": 0.19,
        "weightedAverageShsOut": 160400000,
        "weightedAverageShsOutDil": 161600000,
        "link": "https://www.sec.gov/Archives/edgar/data/70866/000119312510173635/0001193125-10-173635-index.htm",
        "finalLink": "https://www.sec.gov/Archives/edgar/data/70866/000119312510173635/d10q.htm"
    },
    {
        "date": "2010-03-31",
        "symbol": "NCR",
        "reportedCurrency": "USD",
        "cik": "0000070866",
        "fillingDate": "2010-04-29",
        "acceptedDate": "2010-04-29 16:48:46",
        "calendarYear": "2010",
        "period": "Q1",
        "revenue": 1029000000,
        "costOfRevenue": 838000000,
        "grossProfit": 191000000,
        "grossProfitRatio": 0.185617104,
        "researchAndDevelopmentExpenses": 39000000,
        "generalAndAdministrativeExpenses": 0,
        "sellingAndMarketingExpenses": 0,
        "sellingGeneralAndAdministrativeExpenses": 170000000,
        "otherExpenses": 0,
        "operatingExpenses": 209000000,
        "costAndExpenses": 1047000000,
        "interestIncome": 0,
        "interestExpense": 1000000,
        "depreciationAndAmortization": 32000000,
        "ebitda": 14000000,
        "ebitdaratio": 0.0136054422,
        "operatingIncome": -18000000,
        "operatingIncomeRatio": -0.0174927114,
        "totalOtherIncomeExpensesNet": 0,
        "incomeBeforeTax": -18000000,
        "incomeBeforeTaxRatio": -0.0174927114,
        "incomeTaxExpense": 1000000,
        "netIncome": -19000000,
        "netIncomeRatio": -0.0184645287,
        "eps": -0.12,
        "epsdiluted": -0.12,
        "weightedAverageShsOut": 159900000,
        "weightedAverageShsOutDil": 159900000,
        "link": "https://www.sec.gov/Archives/edgar/data/70866/000119312510099490/0001193125-10-099490-index.htm",
        "finalLink": "https://www.sec.gov/Archives/edgar/data/70866/000119312510099490/d10q.htm"
    },
    {
        "date": "2009-12-31",
        "symbol": "NCR",
        "reportedCurrency": "USD",
        "cik": "0000070866",
        "fillingDate": "2010-02-26",
        "acceptedDate": "2010-02-25 19:07:54",
        "calendarYear": "2009",
        "period": "Q4",
        "revenue": 1345000000,
        "costOfRevenue": 1099000000,
        "grossProfit": 246000000,
        "grossProfitRatio": 0.1828996283,
        "researchAndDevelopmentExpenses": 36000000,
        "generalAndAdministrativeExpenses": 0,
        "sellingAndMarketingExpenses": 0,
        "sellingGeneralAndAdministrativeExpenses": 171000000,
        "otherExpenses": 0,
        "operatingExpenses": 207000000,
        "costAndExpenses": 1306000000,
        "interestIncome": 0,
        "interestExpense": 0,
        "depreciationAndAmortization": 32000000,
        "ebitda": 77000000,
        "ebitdaratio": 0.0572490706,
        "operatingIncome": 39000000,
        "operatingIncomeRatio": 0.0289962825,
        "totalOtherIncomeExpensesNet": -154000000,
        "incomeBeforeTax": -115000000,
        "incomeBeforeTaxRatio": -0.0855018587,
        "incomeTaxExpense": -58000000,
        "netIncome": -56000000,
        "netIncomeRatio": -0.0416356877,
        "eps": -0.35,
        "epsdiluted": -0.35,
        "weightedAverageShsOut": 159500000,
        "weightedAverageShsOutDil": 161000000,
        "link": "https://www.sec.gov/Archives/edgar/data/70866/000119312510041121/0001193125-10-041121-index.htm",
        "finalLink": "https://www.sec.gov/Archives/edgar/data/70866/000119312510041121/d10k.htm"
    },
    {
        "date": "2009-09-30",
        "symbol": "NCR",
        "reportedCurrency": "USD",
        "cik": "0000070866",
        "fillingDate": "2009-10-30",
        "acceptedDate": "2009-10-30 16:20:15",
        "calendarYear": "2009",
        "period": "Q3",
        "revenue": 1135000000,
        "costOfRevenue": 911000000,
        "grossProfit": 224000000,
        "grossProfitRatio": 0.1973568282,
        "researchAndDevelopmentExpenses": 36000000,
        "generalAndAdministrativeExpenses": 0,
        "sellingAndMarketingExpenses": 0,
        "sellingGeneralAndAdministrativeExpenses": 159000000,
        "otherExpenses": 0,
        "operatingExpenses": 195000000,
        "costAndExpenses": 1106000000,
        "interestIncome": 0,
        "interestExpense": 0,
        "depreciationAndAmortization": 0,
        "ebitda": -19000000,
        "ebitdaratio": -0.0167400881,
        "operatingIncome": 29000000,
        "operatingIncomeRatio": 0.0255506608,
        "totalOtherIncomeExpensesNet": -24000000,
        "incomeBeforeTax": 5000000,
        "incomeBeforeTaxRatio": 0.0044052863,
        "incomeTaxExpense": -12000000,
        "netIncome": 15000000,
        "netIncomeRatio": 0.013215859,
        "eps": 0.09,
        "epsdiluted": 0.09,
        "weightedAverageShsOut": 159000000,
        "weightedAverageShsOutDil": 160200000,
        "link": "https://www.sec.gov/Archives/edgar/data/70866/000119312509218944/0001193125-09-218944-index.htm",
        "finalLink": "https://www.sec.gov/Archives/edgar/data/70866/000119312509218944/d10q.htm"
    },
    {
        "date": "2009-06-30",
        "symbol": "NCR",
        "reportedCurrency": "USD",
        "cik": "0000070866",
        "fillingDate": "2009-07-30",
        "acceptedDate": "2009-07-30 16:38:22",
        "calendarYear": "2009",
        "period": "Q2",
        "revenue": 1124000000,
        "costOfRevenue": 895000000,
        "grossProfit": 229000000,
        "grossProfitRatio": 0.2037366548,
        "researchAndDevelopmentExpenses": 34000000,
        "generalAndAdministrativeExpenses": 0,
        "sellingAndMarketingExpenses": 0,
        "sellingGeneralAndAdministrativeExpenses": 156000000,
        "otherExpenses": 0,
        "operatingExpenses": 190000000,
        "costAndExpenses": 1085000000,
        "interestIncome": 0,
        "interestExpense": 5000000,
        "depreciationAndAmortization": -4000000,
        "ebitda": 39000000,
        "ebitdaratio": 0.0346975089,
        "operatingIncome": 39000000,
        "operatingIncomeRatio": 0.0346975089,
        "totalOtherIncomeExpensesNet": -1000000,
        "incomeBeforeTax": 38000000,
        "incomeBeforeTaxRatio": 0.0338078292,
        "incomeTaxExpense": 14000000,
        "netIncome": 23000000,
        "netIncomeRatio": 0.0204626335,
        "eps": 0.14,
        "epsdiluted": 0.14,
        "weightedAverageShsOut": 158700000,
        "weightedAverageShsOutDil": 159800000,
        "link": "https://www.sec.gov/Archives/edgar/data/70866/000119312509159630/0001193125-09-159630-index.htm",
        "finalLink": "https://www.sec.gov/Archives/edgar/data/70866/000119312509159630/d10q.htm"
    },
    {
        "date": "2009-03-31",
        "symbol": "NCR",
        "reportedCurrency": "USD",
        "cik": "0000070866",
        "fillingDate": "2009-04-30",
        "acceptedDate": "2009-04-30 16:43:29",
        "calendarYear": "2009",
        "period": "Q1",
        "revenue": 1008000000,
        "costOfRevenue": 824000000,
        "grossProfit": 184000000,
        "grossProfitRatio": 0.1825396825,
        "researchAndDevelopmentExpenses": 35000000,
        "generalAndAdministrativeExpenses": 0,
        "sellingAndMarketingExpenses": 0,
        "sellingGeneralAndAdministrativeExpenses": 159000000,
        "otherExpenses": 0,
        "operatingExpenses": 194000000,
        "costAndExpenses": 1018000000,
        "interestIncome": 0,
        "interestExpense": 5000000,
        "depreciationAndAmortization": 28000000,
        "ebitda": 18000000,
        "ebitdaratio": 0.0178571429,
        "operatingIncome": -10000000,
        "operatingIncomeRatio": -0.0099206349,
        "totalOtherIncomeExpensesNet": -5000000,
        "incomeBeforeTax": -15000000,
        "incomeBeforeTaxRatio": -0.0148809524,
        "incomeTaxExpense": 0,
        "netIncome": -15000000,
        "netIncomeRatio": -0.0148809524,
        "eps": -0.0948,
        "epsdiluted": -0.0948,
        "weightedAverageShsOut": 158300000,
        "weightedAverageShsOutDil": 158300000,
        "link": "https://www.sec.gov/Archives/edgar/data/70866/000119312509094533/0001193125-09-094533-index.htm",
        "finalLink": "https://www.sec.gov/Archives/edgar/data/70866/000119312509094533/d10q.htm"
    },
    {
        "date": "2008-12-31",
        "symbol": "NCR",
        "reportedCurrency": "USD",
        "cik": "0000070866",
        "fillingDate": "2009-02-26",
        "acceptedDate": "2009-02-25 20:21:02",
        "calendarYear": "2008",
        "period": "Q4",
        "revenue": 1421000000,
        "costOfRevenue": 1094000000,
        "grossProfit": 327000000,
        "grossProfitRatio": 0.2301196341,
        "researchAndDevelopmentExpenses": 37000000,
        "generalAndAdministrativeExpenses": 0,
        "sellingAndMarketingExpenses": 0,
        "sellingGeneralAndAdministrativeExpenses": 195000000,
        "otherExpenses": 0,
        "operatingExpenses": 232000000,
        "costAndExpenses": 1326000000,
        "interestIncome": 0,
        "interestExpense": 0,
        "depreciationAndAmortization": 26000000,
        "ebitda": 161000000,
        "ebitdaratio": 0.1133004926,
        "operatingIncome": 95000000,
        "operatingIncomeRatio": 0.0668543279,
        "totalOtherIncomeExpensesNet": -33000000,
        "incomeBeforeTax": 62000000,
        "incomeBeforeTaxRatio": 0.0436312456,
        "incomeTaxExpense": 7000000,
        "netIncome": 56000000,
        "netIncomeRatio": 0.039408867,
        "eps": 0.35,
        "epsdiluted": 0.33,
        "weightedAverageShsOut": 158400000,
        "weightedAverageShsOutDil": 159800000,
        "link": "https://www.sec.gov/Archives/edgar/data/70866/000119312509037725/0001193125-09-037725-index.htm",
        "finalLink": "https://www.sec.gov/Archives/edgar/data/70866/000119312509037725/d10k.htm"
    },
    {
        "date": "2008-09-30",
        "symbol": "NCR",
        "reportedCurrency": "USD",
        "cik": "0000070866",
        "fillingDate": "2008-10-30",
        "acceptedDate": "2008-10-30 11:02:38",
        "calendarYear": "2008",
        "period": "Q3",
        "revenue": 1379000000,
        "costOfRevenue": 1069000000,
        "grossProfit": 310000000,
        "grossProfitRatio": 0.2248005801,
        "researchAndDevelopmentExpenses": 35000000,
        "generalAndAdministrativeExpenses": 0,
        "sellingAndMarketingExpenses": 0,
        "sellingGeneralAndAdministrativeExpenses": 175000000,
        "otherExpenses": 0,
        "operatingExpenses": 210000000,
        "costAndExpenses": 1279000000,
        "interestIncome": 0,
        "interestExpense": 6000000,
        "depreciationAndAmortization": 28000000,
        "ebitda": 123000000,
        "ebitdaratio": 0.0891950689,
        "operatingIncome": 100000000,
        "operatingIncomeRatio": 0.0725163162,
        "totalOtherIncomeExpensesNet": -1000000,
        "incomeBeforeTax": 99000000,
        "incomeBeforeTaxRatio": 0.071791153,
        "incomeTaxExpense": 17000000,
        "netIncome": 80000000,
        "netIncomeRatio": 0.0580130529,
        "eps": 0.49,
        "epsdiluted": 0.48,
        "weightedAverageShsOut": 163200000,
        "weightedAverageShsOutDil": 166200000,
        "link": "https://www.sec.gov/Archives/edgar/data/70866/000119312508219897/0001193125-08-219897-index.htm",
        "finalLink": "https://www.sec.gov/Archives/edgar/data/70866/000119312508219897/d10q.htm"
    },
    {
        "date": "2008-06-30",
        "symbol": "NCR",
        "reportedCurrency": "USD",
        "cik": "0000070866",
        "fillingDate": "2008-08-05",
        "acceptedDate": "2008-08-05 15:52:39",
        "calendarYear": "2008",
        "period": "Q2",
        "revenue": 1332000000,
        "costOfRevenue": 1045000000,
        "grossProfit": 287000000,
        "grossProfitRatio": 0.2154654655,
        "researchAndDevelopmentExpenses": 41000000,
        "generalAndAdministrativeExpenses": 0,
        "sellingAndMarketingExpenses": 0,
        "sellingGeneralAndAdministrativeExpenses": 184000000,
        "otherExpenses": 0,
        "operatingExpenses": 225000000,
        "costAndExpenses": 1270000000,
        "interestIncome": 0,
        "interestExpense": 5000000,
        "depreciationAndAmortization": 26000000,
        "ebitda": 83000000,
        "ebitdaratio": 0.0623123123,
        "operatingIncome": 62000000,
        "operatingIncomeRatio": 0.0465465465,
        "totalOtherIncomeExpensesNet": 0,
        "incomeBeforeTax": 62000000,
        "incomeBeforeTaxRatio": 0.0465465465,
        "incomeTaxExpense": 17000000,
        "netIncome": 44000000,
        "netIncomeRatio": 0.033033033,
        "eps": 0.26,
        "epsdiluted": 0.26,
        "weightedAverageShsOut": 166800000,
        "weightedAverageShsOutDil": 169900000,
        "link": "https://www.sec.gov/Archives/edgar/data/70866/000119312508166432/0001193125-08-166432-index.htm",
        "finalLink": "https://www.sec.gov/Archives/edgar/data/70866/000119312508166432/d10q.htm"
    },
    {
        "date": "2008-03-31",
        "symbol": "NCR",
        "reportedCurrency": "USD",
        "cik": "0000070866",
        "fillingDate": "2008-05-12",
        "acceptedDate": "2008-05-12 12:22:42",
        "calendarYear": "2008",
        "period": "Q1",
        "revenue": 1183000000,
        "costOfRevenue": 924000000,
        "grossProfit": 259000000,
        "grossProfitRatio": 0.2189349112,
        "researchAndDevelopmentExpenses": 35000000,
        "generalAndAdministrativeExpenses": 0,
        "sellingAndMarketingExpenses": 0,
        "sellingGeneralAndAdministrativeExpenses": 159000000,
        "otherExpenses": 0,
        "operatingExpenses": 194000000,
        "costAndExpenses": 1118000000,
        "interestIncome": 0,
        "interestExpense": 6000000,
        "depreciationAndAmortization": 29000000,
        "ebitda": 65000000,
        "ebitdaratio": 0.0549450549,
        "operatingIncome": 65000000,
        "operatingIncomeRatio": 0.0549450549,
        "totalOtherIncomeExpensesNet": 1000000,
        "incomeBeforeTax": 66000000,
        "incomeBeforeTaxRatio": 0.0557903635,
        "incomeTaxExpense": 17000000,
        "netIncome": 48000000,
        "netIncomeRatio": 0.0405748098,
        "eps": 0.28,
        "epsdiluted": 0.28,
        "weightedAverageShsOut": 173000000,
        "weightedAverageShsOutDil": 175700000,
        "link": "https://www.sec.gov/Archives/edgar/data/70866/000119312508111105/0001193125-08-111105-index.htm",
        "finalLink": "https://www.sec.gov/Archives/edgar/data/70866/000119312508111105/d10q.htm"
    },
    {
        "date": "2007-12-31",
        "symbol": "NCR",
        "reportedCurrency": "USD",
        "cik": "0000070866",
        "fillingDate": "2008-02-29",
        "acceptedDate": "2008-02-29 15:38:54",
        "calendarYear": "2007",
        "period": "Q4",
        "revenue": 1521000000,
        "costOfRevenue": 1169000000,
        "grossProfit": 352000000,
        "grossProfitRatio": 0.231426693,
        "researchAndDevelopmentExpenses": 41000000,
        "generalAndAdministrativeExpenses": 0,
        "sellingAndMarketingExpenses": 0,
        "sellingGeneralAndAdministrativeExpenses": 192000000,
        "otherExpenses": 0,
        "operatingExpenses": 233000000,
        "costAndExpenses": 1402000000,
        "interestIncome": 0,
        "interestExpense": 0,
        "depreciationAndAmortization": 29000000,
        "ebitda": 200000000,
        "ebitdaratio": 0.1314924392,
        "operatingIncome": 119000000,
        "operatingIncomeRatio": 0.0782380013,
        "totalOtherIncomeExpensesNet": -3000000,
        "incomeBeforeTax": 116000000,
        "incomeBeforeTaxRatio": 0.0762656147,
        "incomeTaxExpense": 20000000,
        "netIncome": 89000000,
        "netIncomeRatio": 0.0585141354,
        "eps": 0.49,
        "epsdiluted": 0.49,
        "weightedAverageShsOut": 180400000,
        "weightedAverageShsOutDil": 183600000,
        "link": "https://www.sec.gov/Archives/edgar/data/70866/000119312508043581/0001193125-08-043581-index.htm",
        "finalLink": "https://www.sec.gov/Archives/edgar/data/70866/000119312508043581/d10k.htm"
    },
    {
        "date": "2007-09-30",
        "symbol": "NCR",
        "reportedCurrency": "USD",
        "cik": "0000070866",
        "fillingDate": "2007-11-09",
        "acceptedDate": "2007-11-09 16:04:53",
        "calendarYear": "2007",
        "period": "Q3",
        "revenue": 1278000000,
        "costOfRevenue": 1016000000,
        "grossProfit": 262000000,
        "grossProfitRatio": 0.2050078247,
        "researchAndDevelopmentExpenses": 37000000,
        "generalAndAdministrativeExpenses": 0,
        "sellingAndMarketingExpenses": 0,
        "sellingGeneralAndAdministrativeExpenses": 187000000,
        "otherExpenses": 0,
        "operatingExpenses": 224000000,
        "costAndExpenses": 1240000000,
        "interestIncome": 0,
        "interestExpense": 6000000,
        "depreciationAndAmortization": -18000000,
        "ebitda": 38000000,
        "ebitdaratio": 0.0297339593,
        "operatingIncome": 38000000,
        "operatingIncomeRatio": 0.0297339593,
        "totalOtherIncomeExpensesNet": 12000000,
        "incomeBeforeTax": 50000000,
        "incomeBeforeTaxRatio": 0.0391236307,
        "incomeTaxExpense": 17000000,
        "netIncome": 53000000,
        "netIncomeRatio": 0.0414710485,
        "eps": 0.29,
        "epsdiluted": 0.29,
        "weightedAverageShsOut": 180600000,
        "weightedAverageShsOutDil": 182300000,
        "link": "https://www.sec.gov/Archives/edgar/data/70866/000119312507242416/0001193125-07-242416-index.htm",
        "finalLink": "https://www.sec.gov/Archives/edgar/data/70866/000119312507242416/d10q.htm"
    },
    {
        "date": "2007-06-30",
        "symbol": "NCR",
        "reportedCurrency": "USD",
        "cik": "0000070866",
        "fillingDate": "2007-08-08",
        "acceptedDate": "2007-08-08 16:03:40",
        "calendarYear": "2007",
        "period": "Q2",
        "revenue": 1609000000,
        "costOfRevenue": 1110000000,
        "grossProfit": 499000000,
        "grossProfitRatio": 0.3101305158,
        "researchAndDevelopmentExpenses": 60000000,
        "generalAndAdministrativeExpenses": 0,
        "sellingAndMarketingExpenses": 0,
        "sellingGeneralAndAdministrativeExpenses": 283000000,
        "otherExpenses": 0,
        "operatingExpenses": 343000000,
        "costAndExpenses": 1453000000,
        "interestIncome": 0,
        "interestExpense": 6000000,
        "depreciationAndAmortization": 44000000,
        "ebitda": 193000000,
        "ebitdaratio": 0.1199502797,
        "operatingIncome": 156000000,
        "operatingIncomeRatio": 0.0969546302,
        "totalOtherIncomeExpensesNet": 1000000,
        "incomeBeforeTax": 157000000,
        "incomeBeforeTaxRatio": 0.0975761342,
        "incomeTaxExpense": 59000000,
        "netIncome": 98000000,
        "netIncomeRatio": 0.0609073959,
        "eps": 0.54,
        "epsdiluted": 0.54,
        "weightedAverageShsOut": 180100000,
        "weightedAverageShsOutDil": 182800000,
        "link": "https://www.sec.gov/Archives/edgar/data/70866/000119312507175545/0001193125-07-175545-index.htm",
        "finalLink": "https://www.sec.gov/Archives/edgar/data/70866/000119312507175545/d10q.htm"
    },
    {
        "date": "2007-03-31",
        "symbol": "NCR",
        "reportedCurrency": "USD",
        "cik": "0000070866",
        "fillingDate": "2007-05-10",
        "acceptedDate": "2007-05-10 13:12:16",
        "calendarYear": "2007",
        "period": "Q1",
        "revenue": 1346000000,
        "costOfRevenue": 1003000000,
        "grossProfit": 343000000,
        "grossProfitRatio": 0.2548291233,
        "researchAndDevelopmentExpenses": 56000000,
        "generalAndAdministrativeExpenses": 0,
        "sellingAndMarketingExpenses": 0,
        "sellingGeneralAndAdministrativeExpenses": 245000000,
        "otherExpenses": 0,
        "operatingExpenses": 301000000,
        "costAndExpenses": 1304000000,
        "interestIncome": 0,
        "interestExpense": 0,
        "depreciationAndAmortization": 43000000,
        "ebitda": 76000000,
        "ebitdaratio": 0.0564635958,
        "operatingIncome": 42000000,
        "operatingIncomeRatio": 0.0312035661,
        "totalOtherIncomeExpensesNet": 3000000,
        "incomeBeforeTax": 45000000,
        "incomeBeforeTaxRatio": 0.0334323923,
        "incomeTaxExpense": 11000000,
        "netIncome": 34000000,
        "netIncomeRatio": 0.0252600297,
        "eps": 0.19,
        "epsdiluted": 0.19,
        "weightedAverageShsOut": 179300000,
        "weightedAverageShsOutDil": 179300000,
        "link": "https://www.sec.gov/Archives/edgar/data/70866/000119312507109816/0001193125-07-109816-index.htm",
        "finalLink": "https://www.sec.gov/Archives/edgar/data/70866/000119312507109816/d10q.htm"
    },
    {
        "date": "2006-12-31",
        "symbol": "NCR",
        "reportedCurrency": "USD",
        "cik": "0000070866",
        "fillingDate": "2008-06-04",
        "acceptedDate": "2008-06-04 15:15:58",
        "calendarYear": "2006",
        "period": "Q4",
        "revenue": 1811000000,
        "costOfRevenue": 1262000000,
        "grossProfit": 549000000,
        "grossProfitRatio": 0.3031474324,
        "researchAndDevelopmentExpenses": 63000000,
        "generalAndAdministrativeExpenses": 0,
        "sellingAndMarketingExpenses": 0,
        "sellingGeneralAndAdministrativeExpenses": 281000000,
        "otherExpenses": 0,
        "operatingExpenses": 344000000,
        "costAndExpenses": 1606000000,
        "interestIncome": 0,
        "interestExpense": 0,
        "depreciationAndAmortization": 41000000,
        "ebitda": 274000000,
        "ebitdaratio": 0.1512976256,
        "operatingIncome": 205000000,
        "operatingIncomeRatio": 0.1131971287,
        "totalOtherIncomeExpensesNet": 1000000,
        "incomeBeforeTax": 206000000,
        "incomeBeforeTaxRatio": 0.1137493098,
        "incomeTaxExpense": 32000000,
        "netIncome": 174000000,
        "netIncomeRatio": 0.0960795141,
        "eps": 0.97,
        "epsdiluted": 0.96,
        "weightedAverageShsOut": 178500000,
        "weightedAverageShsOutDil": 181100000,
        "link": "https://www.sec.gov/Archives/edgar/data/70866/000119312508127996/0001193125-08-127996-index.htm",
        "finalLink": "https://www.sec.gov/Archives/edgar/data/70866/000119312508127996/d10ka.htm"
    },
    {
        "date": "2006-09-30",
        "symbol": "NCR",
        "reportedCurrency": "USD",
        "cik": "0000070866",
        "fillingDate": "2006-11-03",
        "acceptedDate": "2006-11-03 15:57:58",
        "calendarYear": "2006",
        "period": "Q3",
        "revenue": 1517000000,
        "costOfRevenue": 1077000000,
        "grossProfit": 440000000,
        "grossProfitRatio": 0.2900461437,
        "researchAndDevelopmentExpenses": 55000000,
        "generalAndAdministrativeExpenses": 0,
        "sellingAndMarketingExpenses": 0,
        "sellingGeneralAndAdministrativeExpenses": 267000000,
        "otherExpenses": 0,
        "operatingExpenses": 322000000,
        "costAndExpenses": 1399000000,
        "interestIncome": 0,
        "interestExpense": 6000000,
        "depreciationAndAmortization": 40000000,
        "ebitda": 150000000,
        "ebitdaratio": 0.0988793672,
        "operatingIncome": 118000000,
        "operatingIncomeRatio": 0.0777851022,
        "totalOtherIncomeExpensesNet": 2000000,
        "incomeBeforeTax": 120000000,
        "incomeBeforeTaxRatio": 0.0791034937,
        "incomeTaxExpense": 31000000,
        "netIncome": 89000000,
        "netIncomeRatio": 0.0586684245,
        "eps": 0.5,
        "epsdiluted": 0.49,
        "weightedAverageShsOut": 178700000,
        "weightedAverageShsOutDil": 181400000,
        "link": "https://www.sec.gov/Archives/edgar/data/70866/000119312506223662/0001193125-06-223662-index.htm",
        "finalLink": "https://www.sec.gov/Archives/edgar/data/70866/000119312506223662/d10q.htm"
    },
    {
        "date": "2006-06-30",
        "symbol": "NCR",
        "reportedCurrency": "USD",
        "cik": "0000070866",
        "fillingDate": "2006-08-04",
        "acceptedDate": "2006-08-04 08:43:56",
        "calendarYear": "2006",
        "period": "Q2",
        "revenue": 1531000000,
        "costOfRevenue": 1106000000,
        "grossProfit": 425000000,
        "grossProfitRatio": 0.2775963423,
        "researchAndDevelopmentExpenses": 58000000,
        "generalAndAdministrativeExpenses": 0,
        "sellingAndMarketingExpenses": 0,
        "sellingGeneralAndAdministrativeExpenses": 264000000,
        "otherExpenses": 0,
        "operatingExpenses": 322000000,
        "costAndExpenses": 1428000000,
        "interestIncome": 0,
        "interestExpense": 6000000,
        "depreciationAndAmortization": 21000000,
        "ebitda": 103000000,
        "ebitdaratio": 0.06727629,
        "operatingIncome": 103000000,
        "operatingIncomeRatio": 0.06727629,
        "totalOtherIncomeExpensesNet": -1000000,
        "incomeBeforeTax": 102000000,
        "incomeBeforeTaxRatio": 0.0666231221,
        "incomeTaxExpense": 24000000,
        "netIncome": 78000000,
        "netIncomeRatio": 0.0509470934,
        "eps": 0.43,
        "epsdiluted": 0.42,
        "weightedAverageShsOut": 181100000,
        "weightedAverageShsOutDil": 184200000,
        "link": "https://www.sec.gov/Archives/edgar/data/70866/000119312506161777/0001193125-06-161777-index.htm",
        "finalLink": "https://www.sec.gov/Archives/edgar/data/70866/000119312506161777/d10q.htm"
    },
    {
        "date": "2006-03-31",
        "symbol": "NCR",
        "reportedCurrency": "USD",
        "cik": "0000070866",
        "fillingDate": "2006-05-08",
        "acceptedDate": "2006-05-08 11:20:24",
        "calendarYear": "2006",
        "period": "Q1",
        "revenue": 1283000000,
        "costOfRevenue": 931000000,
        "grossProfit": 352000000,
        "grossProfitRatio": 0.2743569758,
        "researchAndDevelopmentExpenses": 60000000,
        "generalAndAdministrativeExpenses": 0,
        "sellingAndMarketingExpenses": 0,
        "sellingGeneralAndAdministrativeExpenses": 245000000,
        "otherExpenses": 0,
        "operatingExpenses": 305000000,
        "costAndExpenses": 1236000000,
        "interestIncome": 0,
        "interestExpense": 6000000,
        "depreciationAndAmortization": 57000000,
        "ebitda": 95000000,
        "ebitdaratio": 0.0740452065,
        "operatingIncome": 47000000,
        "operatingIncomeRatio": 0.0366328917,
        "totalOtherIncomeExpensesNet": 3000000,
        "incomeBeforeTax": 50000000,
        "incomeBeforeTaxRatio": 0.0389711613,
        "incomeTaxExpense": 9000000,
        "netIncome": 41000000,
        "netIncomeRatio": 0.0319563523,
        "eps": 0.23,
        "epsdiluted": 0.22,
        "weightedAverageShsOut": 181700000,
        "weightedAverageShsOutDil": 185000000,
        "link": "https://www.sec.gov/Archives/edgar/data/70866/000119312506102997/0001193125-06-102997-index.htm",
        "finalLink": "https://www.sec.gov/Archives/edgar/data/70866/000119312506102997/d10q.htm"
    },
    {
        "date": "2005-12-31",
        "symbol": "NCR",
        "reportedCurrency": "USD",
        "cik": "0000070866",
        "fillingDate": "2006-03-10",
        "acceptedDate": "2006-03-10 17:24:26",
        "calendarYear": "2005",
        "period": "Q4",
        "revenue": 1717000000,
        "costOfRevenue": 1189000000,
        "grossProfit": 528000000,
        "grossProfitRatio": 0.3075131043,
        "researchAndDevelopmentExpenses": 71000000,
        "generalAndAdministrativeExpenses": 0,
        "sellingAndMarketingExpenses": 0,
        "sellingGeneralAndAdministrativeExpenses": 286000000,
        "otherExpenses": 0,
        "operatingExpenses": 357000000,
        "costAndExpenses": 1546000000,
        "interestIncome": 0,
        "interestExpense": 0,
        "depreciationAndAmortization": 58000000,
        "ebitda": 227000000,
        "ebitdaratio": 0.1322073384,
        "operatingIncome": 171000000,
        "operatingIncomeRatio": 0.0995923122,
        "totalOtherIncomeExpensesNet": -4000000,
        "incomeBeforeTax": 167000000,
        "incomeBeforeTaxRatio": 0.0972626674,
        "incomeTaxExpense": 17000000,
        "netIncome": 150000000,
        "netIncomeRatio": 0.0873616773,
        "eps": 0.82,
        "epsdiluted": 0.81,
        "weightedAverageShsOut": 182600000,
        "weightedAverageShsOutDil": 186100000,
        "link": "https://www.sec.gov/Archives/edgar/data/70866/000119312506051223/0001193125-06-051223-index.htm",
        "finalLink": "https://www.sec.gov/Archives/edgar/data/70866/000119312506051223/d10k.htm"
    },
    {
        "date": "2005-09-30",
        "symbol": "NCR",
        "reportedCurrency": "USD",
        "cik": "0000070866",
        "fillingDate": "2005-11-04",
        "acceptedDate": "2005-11-04 16:40:26",
        "calendarYear": "2005",
        "period": "Q3",
        "revenue": 1498000000,
        "costOfRevenue": 1062000000,
        "grossProfit": 436000000,
        "grossProfitRatio": 0.2910547397,
        "researchAndDevelopmentExpenses": 57000000,
        "generalAndAdministrativeExpenses": 0,
        "sellingAndMarketingExpenses": 0,
        "sellingGeneralAndAdministrativeExpenses": 267000000,
        "otherExpenses": 0,
        "operatingExpenses": 324000000,
        "costAndExpenses": 1386000000,
        "interestIncome": 0,
        "interestExpense": 5000000,
        "depreciationAndAmortization": 63000000,
        "ebitda": 172000000,
        "ebitdaratio": 0.1148197597,
        "operatingIncome": 112000000,
        "operatingIncomeRatio": 0.0747663551,
        "totalOtherIncomeExpensesNet": -2000000,
        "incomeBeforeTax": 110000000,
        "incomeBeforeTaxRatio": 0.0734312417,
        "incomeTaxExpense": -112000000,
        "netIncome": 222000000,
        "netIncomeRatio": 0.1481975968,
        "eps": 1.2,
        "epsdiluted": 1.18,
        "weightedAverageShsOut": 184900000,
        "weightedAverageShsOutDil": 188700000,
        "link": "https://www.sec.gov/Archives/edgar/data/70866/000119312505216980/0001193125-05-216980-index.htm",
        "finalLink": "https://www.sec.gov/Archives/edgar/data/70866/000119312505216980/d10q.htm"
    },
    {
        "date": "2005-06-30",
        "symbol": "NCR",
        "reportedCurrency": "USD",
        "cik": "0000070866",
        "fillingDate": "2005-08-05",
        "acceptedDate": "2005-08-05 16:41:38",
        "calendarYear": "2005",
        "period": "Q2",
        "revenue": 1470000000,
        "costOfRevenue": 1074000000,
        "grossProfit": 396000000,
        "grossProfitRatio": 0.2693877551,
        "researchAndDevelopmentExpenses": 58000000,
        "generalAndAdministrativeExpenses": 0,
        "sellingAndMarketingExpenses": 0,
        "sellingGeneralAndAdministrativeExpenses": 265000000,
        "otherExpenses": 0,
        "operatingExpenses": 323000000,
        "costAndExpenses": 1397000000,
        "interestIncome": 0,
        "interestExpense": 6000000,
        "depreciationAndAmortization": 63000000,
        "ebitda": 130000000,
        "ebitdaratio": 0.0884353741,
        "operatingIncome": 73000000,
        "operatingIncomeRatio": 0.0496598639,
        "totalOtherIncomeExpensesNet": 6000000,
        "incomeBeforeTax": 79000000,
        "incomeBeforeTaxRatio": 0.0537414966,
        "incomeTaxExpense": -48000000,
        "netIncome": 127000000,
        "netIncomeRatio": 0.0863945578,
        "eps": 0.68,
        "epsdiluted": 0.67,
        "weightedAverageShsOut": 186200000,
        "weightedAverageShsOutDil": 190300000,
        "link": "https://www.sec.gov/Archives/edgar/data/70866/000119312505159164/0001193125-05-159164-index.htm",
        "finalLink": "https://www.sec.gov/Archives/edgar/data/70866/000119312505159164/d10q.htm"
    },
    {
        "date": "2005-03-31",
        "symbol": "NCR",
        "reportedCurrency": "USD",
        "cik": "0000070866",
        "fillingDate": "2005-05-06",
        "acceptedDate": "2005-05-06 15:17:29",
        "calendarYear": "2005",
        "period": "Q1",
        "revenue": 1343000000,
        "costOfRevenue": 972000000,
        "grossProfit": 371000000,
        "grossProfitRatio": 0.2762472077,
        "researchAndDevelopmentExpenses": 59000000,
        "generalAndAdministrativeExpenses": 0,
        "sellingAndMarketingExpenses": 0,
        "sellingGeneralAndAdministrativeExpenses": 258000000,
        "otherExpenses": 0,
        "operatingExpenses": 317000000,
        "costAndExpenses": 1289000000,
        "interestIncome": 0,
        "interestExpense": 6000000,
        "depreciationAndAmortization": 63000000,
        "ebitda": 125000000,
        "ebitdaratio": 0.0930752048,
        "operatingIncome": 54000000,
        "operatingIncomeRatio": 0.0402084885,
        "totalOtherIncomeExpensesNet": -14000000,
        "incomeBeforeTax": 40000000,
        "incomeBeforeTaxRatio": 0.0297840655,
        "incomeTaxExpense": 10000000,
        "netIncome": 30000000,
        "netIncomeRatio": 0.0223380491,
        "eps": 0.16,
        "epsdiluted": 0.16,
        "weightedAverageShsOut": 186400000,
        "weightedAverageShsOutDil": 191600000,
        "link": "https://www.sec.gov/Archives/edgar/data/70866/000119312505099150/0001193125-05-099150-index.htm",
        "finalLink": "https://www.sec.gov/Archives/edgar/data/70866/000119312505099150/d10q.htm"
    },
    {
        "date": "2004-12-31",
        "symbol": "NCR",
        "reportedCurrency": "USD",
        "cik": "0000070866",
        "fillingDate": "2005-03-07",
        "acceptedDate": "2005-03-07 15:01:29",
        "calendarYear": "2004",
        "period": "Q4",
        "revenue": 1788000000,
        "costOfRevenue": 1282000000,
        "grossProfit": 506000000,
        "grossProfitRatio": 0.2829977629,
        "researchAndDevelopmentExpenses": 68000000,
        "generalAndAdministrativeExpenses": 832000000,
        "sellingAndMarketingExpenses": -523000000,
        "sellingGeneralAndAdministrativeExpenses": 309000000,
        "otherExpenses": 0,
        "operatingExpenses": 377000000,
        "costAndExpenses": 1659000000,
        "interestIncome": 0,
        "interestExpense": 0,
        "depreciationAndAmortization": 71000000,
        "ebitda": 184000000,
        "ebitdaratio": 0.1029082774,
        "operatingIncome": 129000000,
        "operatingIncomeRatio": 0.072147651,
        "totalOtherIncomeExpensesNet": 20000000,
        "incomeBeforeTax": 149000000,
        "incomeBeforeTaxRatio": 0.0833333333,
        "incomeTaxExpense": 20000000,
        "netIncome": 129000000,
        "netIncomeRatio": 0.072147651,
        "eps": 0.69,
        "epsdiluted": 0.67,
        "weightedAverageShsOut": 186400000,
        "weightedAverageShsOutDil": 191200000,
        "link": "https://www.sec.gov/Archives/edgar/data/70866/000119312505043533/0001193125-05-043533-index.htm",
        "finalLink": "https://www.sec.gov/Archives/edgar/data/70866/000119312505043533/d10k.htm"
    },
    {
        "date": "2004-09-30",
        "symbol": "NCR",
        "reportedCurrency": "USD",
        "cik": "0000070866",
        "fillingDate": "2004-11-05",
        "acceptedDate": "2004-11-05 16:07:15",
        "calendarYear": "2004",
        "period": "Q3",
        "revenue": 1454000000,
        "costOfRevenue": 1059000000,
        "grossProfit": 395000000,
        "grossProfitRatio": 0.2716643741,
        "researchAndDevelopmentExpenses": 58000000,
        "generalAndAdministrativeExpenses": 0,
        "sellingAndMarketingExpenses": 0,
        "sellingGeneralAndAdministrativeExpenses": 278000000,
        "otherExpenses": 0,
        "operatingExpenses": 336000000,
        "costAndExpenses": 1395000000,
        "interestIncome": 0,
        "interestExpense": 6000000,
        "depreciationAndAmortization": 68000000,
        "ebitda": 123000000,
        "ebitdaratio": 0.0845942228,
        "operatingIncome": 59000000,
        "operatingIncomeRatio": 0.0405777166,
        "totalOtherIncomeExpensesNet": -2000000,
        "incomeBeforeTax": 57000000,
        "incomeBeforeTaxRatio": 0.0392022008,
        "incomeTaxExpense": 13000000,
        "netIncome": 44000000,
        "netIncomeRatio": 0.030261348,
        "eps": 0.24,
        "epsdiluted": 0.23,
        "weightedAverageShsOut": 186700000,
        "weightedAverageShsOutDil": 190400000,
        "link": "https://www.sec.gov/Archives/edgar/data/70866/000119312504187902/0001193125-04-187902-index.htm",
        "finalLink": "https://www.sec.gov/Archives/edgar/data/70866/000119312504187902/d10q.htm"
    },
    {
        "date": "2004-06-30",
        "symbol": "NCR",
        "reportedCurrency": "USD",
        "cik": "0000070866",
        "fillingDate": "2004-08-06",
        "acceptedDate": "2004-08-06 16:17:28",
        "calendarYear": "2004",
        "period": "Q2",
        "revenue": 1452000000,
        "costOfRevenue": 1059000000,
        "grossProfit": 393000000,
        "grossProfitRatio": 0.270661157,
        "researchAndDevelopmentExpenses": 59000000,
        "generalAndAdministrativeExpenses": 0,
        "sellingAndMarketingExpenses": 0,
        "sellingGeneralAndAdministrativeExpenses": 281000000,
        "otherExpenses": 0,
        "operatingExpenses": 340000000,
        "costAndExpenses": 1399000000,
        "interestIncome": 0,
        "interestExpense": 6000000,
        "depreciationAndAmortization": 69000000,
        "ebitda": 118000000,
        "ebitdaratio": 0.0812672176,
        "operatingIncome": 53000000,
        "operatingIncomeRatio": 0.0365013774,
        "totalOtherIncomeExpensesNet": -2000000,
        "incomeBeforeTax": 51000000,
        "incomeBeforeTaxRatio": 0.0351239669,
        "incomeTaxExpense": -71000000,
        "netIncome": 122000000,
        "netIncomeRatio": 0.0840220386,
        "eps": 0.65,
        "epsdiluted": 0.64,
        "weightedAverageShsOut": 188200000,
        "weightedAverageShsOutDil": 192200000,
        "link": "https://www.sec.gov/Archives/edgar/data/70866/000119312504134362/0001193125-04-134362-index.htm",
        "finalLink": "https://www.sec.gov/Archives/edgar/data/70866/000119312504134362/d10q.htm"
    },
    {
        "date": "2004-03-31",
        "symbol": "NCR",
        "reportedCurrency": "USD",
        "cik": "0000070866",
        "fillingDate": "2004-05-10",
        "acceptedDate": "2004-05-10 10:43:44",
        "calendarYear": "2004",
        "period": "Q1",
        "revenue": 1290000000,
        "costOfRevenue": 968000000,
        "grossProfit": 322000000,
        "grossProfitRatio": 0.2496124031,
        "researchAndDevelopmentExpenses": 57000000,
        "generalAndAdministrativeExpenses": 0,
        "sellingAndMarketingExpenses": 0,
        "sellingGeneralAndAdministrativeExpenses": 273000000,
        "otherExpenses": 0,
        "operatingExpenses": 330000000,
        "costAndExpenses": 1298000000,
        "interestIncome": 0,
        "interestExpense": 5000000,
        "depreciationAndAmortization": 67000000,
        "ebitda": 52000000,
        "ebitdaratio": 0.0403100775,
        "operatingIncome": -8000000,
        "operatingIncomeRatio": -0.0062015504,
        "totalOtherIncomeExpensesNet": 2000000,
        "incomeBeforeTax": -6000000,
        "incomeBeforeTaxRatio": -0.0046511628,
        "incomeTaxExpense": -1000000,
        "netIncome": -5000000,
        "netIncomeRatio": -0.003875969,
        "eps": -0.0264,
        "epsdiluted": -0.0264,
        "weightedAverageShsOut": 189100000,
        "weightedAverageShsOutDil": 189100000,
        "link": "https://www.sec.gov/Archives/edgar/data/70866/000119312504083164/0001193125-04-083164-index.htm",
        "finalLink": "https://www.sec.gov/Archives/edgar/data/70866/000119312504083164/d10q.htm"
    },
    {
        "date": "2003-12-31",
        "symbol": "NCR",
        "reportedCurrency": "USD",
        "cik": "0000070866",
        "fillingDate": "2004-03-15",
        "acceptedDate": "2004-03-15 09:41:40",
        "calendarYear": "2003",
        "period": "Q4",
        "revenue": 1643000000,
        "costOfRevenue": 1149000000,
        "grossProfit": 494000000,
        "grossProfitRatio": 0.300669507,
        "researchAndDevelopmentExpenses": 62000000,
        "generalAndAdministrativeExpenses": 852000000,
        "sellingAndMarketingExpenses": -533000000,
        "sellingGeneralAndAdministrativeExpenses": 319000000,
        "otherExpenses": 0,
        "operatingExpenses": 381000000,
        "costAndExpenses": 1530000000,
        "interestIncome": 0,
        "interestExpense": 0,
        "depreciationAndAmortization": 77000000,
        "ebitda": 190000000,
        "ebitdaratio": 0.1156421181,
        "operatingIncome": 113000000,
        "operatingIncomeRatio": 0.0687766281,
        "totalOtherIncomeExpensesNet": -6000000,
        "incomeBeforeTax": 107000000,
        "incomeBeforeTaxRatio": 0.0651247718,
        "incomeTaxExpense": 27000000,
        "netIncome": 80000000,
        "netIncomeRatio": 0.0486914181,
        "eps": 0.42,
        "epsdiluted": 0.42,
        "weightedAverageShsOut": 189400000,
        "weightedAverageShsOutDil": 196600000,
        "link": "https://www.sec.gov/Archives/edgar/data/70866/000119312504041587/0001193125-04-041587-index.htm",
        "finalLink": "https://www.sec.gov/Archives/edgar/data/70866/000119312504041587/d10k.htm"
    },
    {
        "date": "2003-09-30",
        "symbol": "NCR",
        "reportedCurrency": "USD",
        "cik": "0000070866",
        "fillingDate": "2003-11-07",
        "acceptedDate": "2003-11-07 15:27:57",
        "calendarYear": "2003",
        "period": "Q3",
        "revenue": 1355000000,
        "costOfRevenue": 981000000,
        "grossProfit": 374000000,
        "grossProfitRatio": 0.2760147601,
        "researchAndDevelopmentExpenses": 56000000,
        "generalAndAdministrativeExpenses": 0,
        "sellingAndMarketingExpenses": 0,
        "sellingGeneralAndAdministrativeExpenses": 285000000,
        "otherExpenses": 0,
        "operatingExpenses": 341000000,
        "costAndExpenses": 1322000000,
        "interestIncome": 0,
        "interestExpense": 7000000,
        "depreciationAndAmortization": 75000000,
        "ebitda": 109000000,
        "ebitdaratio": 0.0804428044,
        "operatingIncome": 33000000,
        "operatingIncomeRatio": 0.0243542435,
        "totalOtherIncomeExpensesNet": -8000000,
        "incomeBeforeTax": 25000000,
        "incomeBeforeTaxRatio": 0.0184501845,
        "incomeTaxExpense": 7000000,
        "netIncome": 18000000,
        "netIncomeRatio": 0.0132841328,
        "eps": 0.095,
        "epsdiluted": 0.095,
        "weightedAverageShsOut": 189200000,
        "weightedAverageShsOutDil": 190600000,
        "link": "https://www.sec.gov/Archives/edgar/data/70866/000119312503075125/0001193125-03-075125-index.htm",
        "finalLink": "https://www.sec.gov/Archives/edgar/data/70866/000119312503075125/d10q.htm"
    },
    {
        "date": "2003-06-30",
        "symbol": "NCR",
        "reportedCurrency": "USD",
        "cik": "0000070866",
        "fillingDate": "2003-08-14",
        "acceptedDate": "2003-08-14 14:37:49",
        "calendarYear": "2003",
        "period": "Q2",
        "revenue": 1366000000,
        "costOfRevenue": 1007000000,
        "grossProfit": 359000000,
        "grossProfitRatio": 0.2628111274,
        "researchAndDevelopmentExpenses": 56000000,
        "generalAndAdministrativeExpenses": 0,
        "sellingAndMarketingExpenses": 0,
        "sellingGeneralAndAdministrativeExpenses": 287000000,
        "otherExpenses": 0,
        "operatingExpenses": 343000000,
        "costAndExpenses": 1350000000,
        "interestIncome": 0,
        "interestExpense": 6000000,
        "depreciationAndAmortization": 80000000,
        "ebitda": 16000000,
        "ebitdaratio": 0.0117130307,
        "operatingIncome": 16000000,
        "operatingIncomeRatio": 0.0117130307,
        "totalOtherIncomeExpensesNet": -39000000,
        "incomeBeforeTax": -23000000,
        "incomeBeforeTaxRatio": -0.0168374817,
        "incomeTaxExpense": -10000000,
        "netIncome": -13000000,
        "netIncomeRatio": -0.0095168375,
        "eps": -0.07,
        "epsdiluted": -0.07,
        "weightedAverageShsOut": 189600000,
        "weightedAverageShsOutDil": 189600000,
        "link": "https://www.sec.gov/Archives/edgar/data/70866/000119312503037697/0001193125-03-037697-index.htm",
        "finalLink": "https://www.sec.gov/Archives/edgar/data/70866/000119312503037697/d10q.htm"
    },
    {
        "date": "2003-03-31",
        "symbol": "NCR",
        "reportedCurrency": "USD",
        "cik": "0000070866",
        "fillingDate": "2003-05-12",
        "acceptedDate": "2003-05-12 15:24:30",
        "calendarYear": "2003",
        "period": "Q1",
        "revenue": 1234000000,
        "costOfRevenue": 927000000,
        "grossProfit": 307000000,
        "grossProfitRatio": 0.2487844408,
        "researchAndDevelopmentExpenses": 59000000,
        "generalAndAdministrativeExpenses": 0,
        "sellingAndMarketingExpenses": 0,
        "sellingGeneralAndAdministrativeExpenses": 280000000,
        "otherExpenses": 0,
        "operatingExpenses": 339000000,
        "costAndExpenses": 1266000000,
        "interestIncome": 0,
        "interestExpense": 7000000,
        "depreciationAndAmortization": 83000000,
        "ebitda": 49000000,
        "ebitdaratio": 0.0397082658,
        "operatingIncome": -32000000,
        "operatingIncomeRatio": -0.0259319287,
        "totalOtherIncomeExpensesNet": -5000000,
        "incomeBeforeTax": -37000000,
        "incomeBeforeTaxRatio": -0.0299837925,
        "incomeTaxExpense": -10000000,
        "netIncome": -27000000,
        "netIncomeRatio": -0.0218800648,
        "eps": -0.14,
        "epsdiluted": -0.14,
        "weightedAverageShsOut": 192000000,
        "weightedAverageShsOutDil": 192000000,
        "link": "https://www.sec.gov/Archives/edgar/data/70866/000102140803007510/0001021408-03-007510-index.htm",
        "finalLink": "https://www.sec.gov/Archives/edgar/data/70866/000102140803007510/d10q.htm"
    },
    {
        "date": "2002-12-31",
        "symbol": "NCR",
        "reportedCurrency": "USD",
        "cik": "0000070866",
        "fillingDate": "2003-03-13",
        "acceptedDate": "2003-03-13 17:15:19",
        "calendarYear": "2002",
        "period": "Q4",
        "revenue": 1581000000,
        "costOfRevenue": 1141000000,
        "grossProfit": 440000000,
        "grossProfitRatio": 0.2783048703,
        "researchAndDevelopmentExpenses": 59000000,
        "generalAndAdministrativeExpenses": 0,
        "sellingAndMarketingExpenses": 0,
        "sellingGeneralAndAdministrativeExpenses": 305000000,
        "otherExpenses": 0,
        "operatingExpenses": 364000000,
        "costAndExpenses": 1505000000,
        "interestIncome": 0,
        "interestExpense": 0,
        "depreciationAndAmortization": 83000000,
        "ebitda": 178000000,
        "ebitdaratio": 0.1125869703,
        "operatingIncome": 76000000,
        "operatingIncomeRatio": 0.0480708412,
        "totalOtherIncomeExpensesNet": -25000000,
        "incomeBeforeTax": 51000000,
        "incomeBeforeTaxRatio": 0.0322580645,
        "incomeTaxExpense": -6000000,
        "netIncome": 57000000,
        "netIncomeRatio": 0.0360531309,
        "eps": 0.28,
        "epsdiluted": 0.28,
        "weightedAverageShsOut": 194600000,
        "weightedAverageShsOutDil": 198000000,
        "link": "https://www.sec.gov/Archives/edgar/data/70866/000102140803004229/0001021408-03-004229-index.htm",
        "finalLink": "https://www.sec.gov/Archives/edgar/data/70866/000102140803004229/d10k.txt"
    },
    {
        "date": "2002-09-30",
        "symbol": "NCR",
        "reportedCurrency": "USD",
        "cik": "0000070866",
        "fillingDate": "2002-11-12",
        "acceptedDate": "2002-11-12 17:12:33",
        "calendarYear": "2002",
        "period": "Q3",
        "revenue": 1377000000,
        "costOfRevenue": 981000000,
        "grossProfit": 396000000,
        "grossProfitRatio": 0.2875816993,
        "researchAndDevelopmentExpenses": 56000000,
        "generalAndAdministrativeExpenses": 0,
        "sellingAndMarketingExpenses": 0,
        "sellingGeneralAndAdministrativeExpenses": 287000000,
        "otherExpenses": 0,
        "operatingExpenses": 343000000,
        "costAndExpenses": 1324000000,
        "interestIncome": 0,
        "interestExpense": 0,
        "depreciationAndAmortization": 83000000,
        "ebitda": 144000000,
        "ebitdaratio": 0.1045751634,
        "operatingIncome": 53000000,
        "operatingIncomeRatio": 0.0384894699,
        "totalOtherIncomeExpensesNet": -15000000,
        "incomeBeforeTax": 38000000,
        "incomeBeforeTaxRatio": 0.0275962237,
        "incomeTaxExpense": -3000000,
        "netIncome": 41000000,
        "netIncomeRatio": 0.0297748729,
        "eps": 0.21,
        "epsdiluted": 0.21,
        "weightedAverageShsOut": 195600000,
        "weightedAverageShsOutDil": 199200000,
        "link": "https://www.sec.gov/Archives/edgar/data/70866/000102140802013717/0001021408-02-013717-index.htm",
        "finalLink": "https://www.sec.gov/Archives/edgar/data/70866/000102140802013717/d10q.htm"
    },
    {
        "date": "2002-06-30",
        "symbol": "NCR",
        "reportedCurrency": "USD",
        "cik": "0000070866",
        "fillingDate": "2002-08-14",
        "acceptedDate": "2002-08-14 15:23:09",
        "calendarYear": "2002",
        "period": "Q2",
        "revenue": 1380000000,
        "costOfRevenue": 979000000,
        "grossProfit": 401000000,
        "grossProfitRatio": 0.2905797101,
        "researchAndDevelopmentExpenses": 61000000,
        "generalAndAdministrativeExpenses": 0,
        "sellingAndMarketingExpenses": 0,
        "sellingGeneralAndAdministrativeExpenses": 289000000,
        "otherExpenses": 0,
        "operatingExpenses": 350000000,
        "costAndExpenses": 1329000000,
        "interestIncome": 0,
        "interestExpense": 0,
        "depreciationAndAmortization": 82000000,
        "ebitda": 144000000,
        "ebitdaratio": 0.1043478261,
        "operatingIncome": 51000000,
        "operatingIncomeRatio": 0.0369565217,
        "totalOtherIncomeExpensesNet": -15000000,
        "incomeBeforeTax": 36000000,
        "incomeBeforeTaxRatio": 0.0260869565,
        "incomeTaxExpense": 10000000,
        "netIncome": 26000000,
        "netIncomeRatio": 0.0188405797,
        "eps": 0.13,
        "epsdiluted": 0.13,
        "weightedAverageShsOut": 196800000,
        "weightedAverageShsOutDil": 201000000,
        "link": "https://www.sec.gov/Archives/edgar/data/70866/000095010902004257/0000950109-02-004257-index.htm",
        "finalLink": "https://www.sec.gov/Archives/edgar/data/70866/000095010902004257/d10q.txt"
    },
    {
        "date": "2002-03-31",
        "symbol": "NCR",
        "reportedCurrency": "USD",
        "cik": "0000070866",
        "fillingDate": "2002-05-07",
        "acceptedDate": "2002-05-07 17:12:37",
        "calendarYear": "2002",
        "period": "Q1",
        "revenue": 1247000000,
        "costOfRevenue": 897000000,
        "grossProfit": 350000000,
        "grossProfitRatio": 0.2806736167,
        "researchAndDevelopmentExpenses": 56000000,
        "generalAndAdministrativeExpenses": 0,
        "sellingAndMarketingExpenses": 0,
        "sellingGeneralAndAdministrativeExpenses": 285000000,
        "otherExpenses": 0,
        "operatingExpenses": 341000000,
        "costAndExpenses": 1238000000,
        "interestIncome": 0,
        "interestExpense": 0,
        "depreciationAndAmortization": 80000000,
        "ebitda": 90000000,
        "ebitdaratio": 0.0721732157,
        "operatingIncome": 9000000,
        "operatingIncomeRatio": 0.0072173216,
        "totalOtherIncomeExpensesNet": -3000000,
        "incomeBeforeTax": 6000000,
        "incomeBeforeTaxRatio": 0.0048115477,
        "incomeTaxExpense": 2000000,
        "netIncome": 4000000,
        "netIncomeRatio": 0.0032076985,
        "eps": -1.75,
        "epsdiluted": -1.75,
        "weightedAverageShsOut": 195800000,
        "weightedAverageShsOutDil": 201200000,
        "link": "https://www.sec.gov/Archives/edgar/data/70866/000102140802006283/0001021408-02-006283-index.htm",
        "finalLink": "https://www.sec.gov/Archives/edgar/data/70866/000102140802006283/d10q.txt"
    },
    {
        "date": "2001-12-31",
        "symbol": "NCR",
        "reportedCurrency": "USD",
        "cik": "0000070866",
        "fillingDate": "2002-03-21",
        "acceptedDate": "2002-03-21 00:00:00",
        "calendarYear": "2001",
        "period": "Q4",
        "revenue": 1600000000,
        "costOfRevenue": 1087000000,
        "grossProfit": 513000000,
        "grossProfitRatio": 0.320625,
        "researchAndDevelopmentExpenses": 72000000,
        "generalAndAdministrativeExpenses": 0,
        "sellingAndMarketingExpenses": 0,
        "sellingGeneralAndAdministrativeExpenses": 330000000,
        "otherExpenses": 0,
        "operatingExpenses": 402000000,
        "costAndExpenses": 1489000000,
        "interestIncome": 0,
        "interestExpense": 0,
        "depreciationAndAmortization": 106000000,
        "ebitda": 219000000,
        "ebitdaratio": 0.136875,
        "operatingIncome": 111000000,
        "operatingIncomeRatio": 0.069375,
        "totalOtherIncomeExpensesNet": -4000000,
        "incomeBeforeTax": 107000000,
        "incomeBeforeTaxRatio": 0.066875,
        "incomeTaxExpense": 36000000,
        "netIncome": 71000000,
        "netIncomeRatio": 0.044375,
        "eps": 0.37,
        "epsdiluted": 0.36,
        "weightedAverageShsOut": 194000000,
        "weightedAverageShsOutDil": 198000000,
        "link": "https://www.sec.gov/Archives/edgar/data/70866/000102140802003938/0001021408-02-003938-index.htm",
        "finalLink": "https://www.sec.gov/Archives/edgar/data/70866/000102140802003938/d10k.txt"
    },
    {
        "date": "2001-09-30",
        "symbol": "NCR",
        "reportedCurrency": "USD",
        "cik": "0000070866",
        "fillingDate": "2001-11-14",
        "acceptedDate": "2001-11-14 00:00:00",
        "calendarYear": "2001",
        "period": "Q3",
        "revenue": 1442000000,
        "costOfRevenue": 1034000000,
        "grossProfit": 408000000,
        "grossProfitRatio": 0.2829403606,
        "researchAndDevelopmentExpenses": 68000000,
        "generalAndAdministrativeExpenses": 0,
        "sellingAndMarketingExpenses": 0,
        "sellingGeneralAndAdministrativeExpenses": 305000000,
        "otherExpenses": 0,
        "operatingExpenses": 373000000,
        "costAndExpenses": 1407000000,
        "interestIncome": 0,
        "interestExpense": 0,
        "depreciationAndAmortization": 107000000,
        "ebitda": 181000000,
        "ebitdaratio": 0.125520111,
        "operatingIncome": 35000000,
        "operatingIncomeRatio": 0.0242718447,
        "totalOtherIncomeExpensesNet": -45000000,
        "incomeBeforeTax": -10000000,
        "incomeBeforeTaxRatio": -0.0069348128,
        "incomeTaxExpense": -4000000,
        "netIncome": -6000000,
        "netIncomeRatio": -0.0041608877,
        "eps": -0.0309,
        "epsdiluted": -0.0309,
        "weightedAverageShsOut": 194400000,
        "weightedAverageShsOutDil": 194400000,
        "link": "https://www.sec.gov/Archives/edgar/data/70866/000102140801510198/0001021408-01-510198-index.htm",
        "finalLink": "https://www.sec.gov/Archives/edgar/data/70866/000102140801510198/d10q.txt"
    },
    {
        "date": "2001-06-30",
        "symbol": "NCR",
        "reportedCurrency": "USD",
        "cik": "0000070866",
        "fillingDate": "2001-08-13",
        "acceptedDate": "2001-08-13 00:00:00",
        "calendarYear": "2001",
        "period": "Q2",
        "revenue": 1499000000,
        "costOfRevenue": 1036000000,
        "grossProfit": 463000000,
        "grossProfitRatio": 0.3088725817,
        "researchAndDevelopmentExpenses": 77000000,
        "generalAndAdministrativeExpenses": 0,
        "sellingAndMarketingExpenses": 0,
        "sellingGeneralAndAdministrativeExpenses": 327000000,
        "otherExpenses": 0,
        "operatingExpenses": 404000000,
        "costAndExpenses": 1440000000,
        "interestIncome": 0,
        "interestExpense": 0,
        "depreciationAndAmortization": 105000000,
        "ebitda": 164000000,
        "ebitdaratio": 0.1094062708,
        "operatingIncome": 59000000,
        "operatingIncomeRatio": 0.039359573,
        "totalOtherIncomeExpensesNet": -6000000,
        "incomeBeforeTax": 53000000,
        "incomeBeforeTaxRatio": 0.0353569046,
        "incomeTaxExpense": 18000000,
        "netIncome": 35000000,
        "netIncomeRatio": 0.0233488993,
        "eps": 0.18,
        "epsdiluted": 0.18,
        "weightedAverageShsOut": 193400000,
        "weightedAverageShsOutDil": 200600000,
        "link": "https://www.sec.gov/Archives/edgar/data/70866/000102140801504973/0001021408-01-504973-index.htm",
        "finalLink": "https://www.sec.gov/Archives/edgar/data/70866/000102140801504973/d10q.txt"
    },
    {
        "date": "2001-03-31",
        "symbol": "NCR",
        "reportedCurrency": "USD",
        "cik": "0000070866",
        "fillingDate": "2001-05-15",
        "acceptedDate": "2001-05-15 00:00:00",
        "calendarYear": "2001",
        "period": "Q1",
        "revenue": 1376000000,
        "costOfRevenue": 966000000,
        "grossProfit": 410000000,
        "grossProfitRatio": 0.2979651163,
        "researchAndDevelopmentExpenses": 76000000,
        "generalAndAdministrativeExpenses": 0,
        "sellingAndMarketingExpenses": 0,
        "sellingGeneralAndAdministrativeExpenses": 353000000,
        "otherExpenses": 0,
        "operatingExpenses": 429000000,
        "costAndExpenses": 1395000000,
        "interestIncome": 0,
        "interestExpense": 0,
        "depreciationAndAmortization": 105000000,
        "ebitda": 89000000,
        "ebitdaratio": 0.0646802326,
        "operatingIncome": -19000000,
        "operatingIncomeRatio": -0.0138081395,
        "totalOtherIncomeExpensesNet": -7000000,
        "incomeBeforeTax": -26000000,
        "incomeBeforeTaxRatio": -0.0188953488,
        "incomeTaxExpense": -147000000,
        "netIncome": 117000000,
        "netIncomeRatio": 0.0850290698,
        "eps": 0.61,
        "epsdiluted": 0.59,
        "weightedAverageShsOut": 191400000,
        "weightedAverageShsOutDil": 198600000,
        "link": "https://www.sec.gov/Archives/edgar/data/70866/000095013101501469/0000950131-01-501469-index.htm",
        "finalLink": "https://www.sec.gov/Archives/edgar/data/70866/000095013101501469/d10q.txt"
    },
    {
        "date": "2000-12-31",
        "symbol": "NCR",
        "reportedCurrency": "USD",
        "cik": "0000070866",
        "fillingDate": "2001-03-08",
        "acceptedDate": "2001-03-08 00:00:00",
        "calendarYear": "2000",
        "period": "Q4",
        "revenue": 1792000000,
        "costOfRevenue": 1216000000,
        "grossProfit": 576000000,
        "grossProfitRatio": 0.3214285714,
        "researchAndDevelopmentExpenses": 87000000,
        "generalAndAdministrativeExpenses": 0,
        "sellingAndMarketingExpenses": 0,
        "sellingGeneralAndAdministrativeExpenses": 376000000,
        "otherExpenses": 0,
        "operatingExpenses": 463000000,
        "costAndExpenses": 1679000000,
        "interestIncome": 0,
        "interestExpense": 0,
        "depreciationAndAmortization": 89000000,
        "ebitda": 180000000,
        "ebitdaratio": 0.1004464286,
        "operatingIncome": 113000000,
        "operatingIncomeRatio": 0.0630580357,
        "totalOtherIncomeExpensesNet": 18000000,
        "incomeBeforeTax": 131000000,
        "incomeBeforeTaxRatio": 0.0731026786,
        "incomeTaxExpense": 41000000,
        "netIncome": 90000000,
        "netIncomeRatio": 0.0502232143,
        "eps": 0.47,
        "epsdiluted": 0.46,
        "weightedAverageShsOut": 190200000,
        "weightedAverageShsOutDil": 195400000,
        "link": "https://www.sec.gov/Archives/edgar/data/70866/000095013101001488/0000950131-01-001488-index.htm",
        "finalLink": "https://www.sec.gov/Archives/edgar/data/70866/000095013101001488/0000950131-01-001488-0001.txt"
    },
    {
        "date": "2000-09-30",
        "symbol": "NCR",
        "reportedCurrency": "USD",
        "cik": "0000070866",
        "fillingDate": "2000-11-14",
        "acceptedDate": "2000-11-14 00:00:00",
        "calendarYear": "2000",
        "period": "Q3",
        "revenue": 1464000000,
        "costOfRevenue": 1001000000,
        "grossProfit": 463000000,
        "grossProfitRatio": 0.3162568306,
        "researchAndDevelopmentExpenses": 77000000,
        "generalAndAdministrativeExpenses": 0,
        "sellingAndMarketingExpenses": 0,
        "sellingGeneralAndAdministrativeExpenses": 319000000,
        "otherExpenses": 0,
        "operatingExpenses": 396000000,
        "costAndExpenses": 1397000000,
        "interestIncome": 0,
        "interestExpense": 0,
        "depreciationAndAmortization": 87000000,
        "ebitda": 132000000,
        "ebitdaratio": 0.0901639344,
        "operatingIncome": 67000000,
        "operatingIncomeRatio": 0.0457650273,
        "totalOtherIncomeExpensesNet": 18000000,
        "incomeBeforeTax": 85000000,
        "incomeBeforeTaxRatio": 0.0580601093,
        "incomeTaxExpense": 31000000,
        "netIncome": 54000000,
        "netIncomeRatio": 0.0368852459,
        "eps": 0.28,
        "epsdiluted": 0.28,
        "weightedAverageShsOut": 192200000,
        "weightedAverageShsOutDil": 198200000,
        "link": "https://www.sec.gov/Archives/edgar/data/70866/000095013100006369/0000950131-00-006369-index.htm",
        "finalLink": "https://www.sec.gov/Archives/edgar/data/70866/000095013100006369/0000950131-00-006369-0001.txt"
    },
    {
        "date": "2000-06-30",
        "symbol": "NCR",
        "reportedCurrency": "USD",
        "cik": "0000070866",
        "fillingDate": "2000-08-11",
        "acceptedDate": "2000-08-11 00:00:00",
        "calendarYear": "2000",
        "period": "Q2",
        "revenue": 1448000000,
        "costOfRevenue": 978000000,
        "grossProfit": 470000000,
        "grossProfitRatio": 0.3245856354,
        "researchAndDevelopmentExpenses": 99000000,
        "generalAndAdministrativeExpenses": 0,
        "sellingAndMarketingExpenses": 0,
        "sellingGeneralAndAdministrativeExpenses": 328000000,
        "otherExpenses": 0,
        "operatingExpenses": 427000000,
        "costAndExpenses": 1405000000,
        "interestIncome": 0,
        "interestExpense": 0,
        "depreciationAndAmortization": 91000000,
        "ebitda": 110000000,
        "ebitdaratio": 0.0759668508,
        "operatingIncome": 43000000,
        "operatingIncomeRatio": 0.0296961326,
        "totalOtherIncomeExpensesNet": 21000000,
        "incomeBeforeTax": 64000000,
        "incomeBeforeTaxRatio": 0.044198895,
        "incomeTaxExpense": 25000000,
        "netIncome": 39000000,
        "netIncomeRatio": 0.0269337017,
        "eps": 0.21,
        "epsdiluted": 0.2,
        "weightedAverageShsOut": 190800000,
        "weightedAverageShsOutDil": 197600000,
        "link": "https://www.sec.gov/Archives/edgar/data/70866/000095013100004834/0000950131-00-004834-index.htm",
        "finalLink": "https://www.sec.gov/Archives/edgar/data/70866/000095013100004834/0000950131-00-004834-0001.txt"
    },
    {
        "date": "2000-03-31",
        "symbol": "NCR",
        "reportedCurrency": "USD",
        "cik": "0000070866",
        "fillingDate": "2000-05-11",
        "acceptedDate": "2000-05-11 00:00:00",
        "calendarYear": "2000",
        "period": "Q1",
        "revenue": 1255000000,
        "costOfRevenue": 897000000,
        "grossProfit": 358000000,
        "grossProfitRatio": 0.2852589641,
        "researchAndDevelopmentExpenses": 70000000,
        "generalAndAdministrativeExpenses": 0,
        "sellingAndMarketingExpenses": 0,
        "sellingGeneralAndAdministrativeExpenses": 306000000,
        "otherExpenses": 0,
        "operatingExpenses": 376000000,
        "costAndExpenses": 1273000000,
        "interestIncome": 0,
        "interestExpense": 0,
        "depreciationAndAmortization": 94000000,
        "ebitda": 61000000,
        "ebitdaratio": 0.0486055777,
        "operatingIncome": -18000000,
        "operatingIncomeRatio": -0.0143426295,
        "totalOtherIncomeExpensesNet": 0,
        "incomeBeforeTax": -18000000,
        "incomeBeforeTaxRatio": -0.0143426295,
        "incomeTaxExpense": -13000000,
        "netIncome": -5000000,
        "netIncomeRatio": -0.0039840637,
        "eps": -0.0266,
        "epsdiluted": -0.0266,
        "weightedAverageShsOut": 187800000,
        "weightedAverageShsOutDil": 187800000,
        "link": "https://www.sec.gov/Archives/edgar/data/70866/000095013100003255/0000950131-00-003255-index.html",
        "finalLink": "https://www.sec.gov/Archives/edgar/data/70866/000095013100003255/"
    },
    {
        "date": "1999-12-31",
        "symbol": "NCR",
        "reportedCurrency": "USD",
        "cik": "0000070866",
        "fillingDate": "2000-03-09",
        "acceptedDate": "2000-03-09 00:00:00",
        "calendarYear": "1999",
        "period": "Q4",
        "revenue": 1761000000,
        "costOfRevenue": 1220000000,
        "grossProfit": 541000000,
        "grossProfitRatio": 0.3072118115,
        "researchAndDevelopmentExpenses": 94000000,
        "generalAndAdministrativeExpenses": 0,
        "sellingAndMarketingExpenses": 0,
        "sellingGeneralAndAdministrativeExpenses": 474000000,
        "otherExpenses": 0,
        "operatingExpenses": 568000000,
        "costAndExpenses": 1788000000,
        "interestIncome": 0,
        "interestExpense": 0,
        "depreciationAndAmortization": 80000000,
        "ebitda": -48000000,
        "ebitdaratio": -0.0272572402,
        "operatingIncome": -27000000,
        "operatingIncomeRatio": -0.0153321976,
        "totalOtherIncomeExpensesNet": 97000000,
        "incomeBeforeTax": 70000000,
        "incomeBeforeTaxRatio": 0.039750142,
        "incomeTaxExpense": -165000000,
        "netIncome": 235000000,
        "netIncomeRatio": 0.1334469052,
        "eps": 1.21,
        "epsdiluted": 1.18,
        "weightedAverageShsOut": 192338462,
        "weightedAverageShsOutDil": 192800000,
        "link": "https://www.sec.gov/Archives/edgar/data/70866/000095013100001668/0000950131-00-001668-index.html",
        "finalLink": "https://www.sec.gov/Archives/edgar/data/70866/000095013100001668/"
    },
    {
        "date": "1999-09-30",
        "symbol": "NCR",
        "reportedCurrency": "USD",
        "cik": "0000070866",
        "fillingDate": "1999-11-12",
        "acceptedDate": "1999-11-12 00:00:00",
        "calendarYear": "1999",
        "period": "Q3",
        "revenue": 1530000000,
        "costOfRevenue": 1067000000,
        "grossProfit": 463000000,
        "grossProfitRatio": 0.3026143791,
        "researchAndDevelopmentExpenses": 82000000,
        "generalAndAdministrativeExpenses": 0,
        "sellingAndMarketingExpenses": 0,
        "sellingGeneralAndAdministrativeExpenses": 329000000,
        "otherExpenses": 0,
        "operatingExpenses": 411000000,
        "costAndExpenses": 1478000000,
        "interestIncome": 0,
        "interestExpense": 0,
        "depreciationAndAmortization": 93000000,
        "ebitda": 108000000,
        "ebitdaratio": 0.0705882353,
        "operatingIncome": 52000000,
        "operatingIncomeRatio": 0.0339869281,
        "totalOtherIncomeExpensesNet": 34000000,
        "incomeBeforeTax": 86000000,
        "incomeBeforeTaxRatio": 0.0562091503,
        "incomeTaxExpense": 33000000,
        "netIncome": 53000000,
        "netIncomeRatio": 0.0346405229,
        "eps": 0.27,
        "epsdiluted": 0.27,
        "weightedAverageShsOut": 196296296,
        "weightedAverageShsOutDil": 200000000,
        "link": "https://www.sec.gov/Archives/edgar/data/70866/000095013199006254/0000950131-99-006254-index.html",
        "finalLink": "https://www.sec.gov/Archives/edgar/data/70866/000095013199006254/"
    },
    {
        "date": "1999-06-30",
        "symbol": "NCR",
        "reportedCurrency": "USD",
        "cik": "0000070866",
        "fillingDate": "1999-08-13",
        "acceptedDate": "1999-08-13 00:00:00",
        "calendarYear": "1999",
        "period": "Q2",
        "revenue": 1572000000,
        "costOfRevenue": 1075000000,
        "grossProfit": 497000000,
        "grossProfitRatio": 0.3161577608,
        "researchAndDevelopmentExpenses": 84000000,
        "generalAndAdministrativeExpenses": 0,
        "sellingAndMarketingExpenses": 0,
        "sellingGeneralAndAdministrativeExpenses": 352000000,
        "otherExpenses": 0,
        "operatingExpenses": 436000000,
        "costAndExpenses": 1511000000,
        "interestIncome": 0,
        "interestExpense": 0,
        "depreciationAndAmortization": 92000000,
        "ebitda": 138000000,
        "ebitdaratio": 0.0877862595,
        "operatingIncome": 61000000,
        "operatingIncomeRatio": 0.0388040712,
        "totalOtherIncomeExpensesNet": 13000000,
        "incomeBeforeTax": 74000000,
        "incomeBeforeTaxRatio": 0.0470737913,
        "incomeTaxExpense": 28000000,
        "netIncome": 46000000,
        "netIncomeRatio": 0.0292620865,
        "eps": 0.24,
        "epsdiluted": 0.23,
        "weightedAverageShsOut": 196600000,
        "weightedAverageShsOutDil": 204200000,
        "link": "https://www.sec.gov/Archives/edgar/data/70866/000095013199004933/0000950131-99-004933-index.html",
        "finalLink": "https://www.sec.gov/Archives/edgar/data/70866/000095013199004933/"
    },
    {
        "date": "1999-03-31",
        "symbol": "NCR",
        "reportedCurrency": "USD",
        "cik": "0000070866",
        "fillingDate": "1999-05-12",
        "acceptedDate": "1999-05-12 00:00:00",
        "calendarYear": "1999",
        "period": "Q1",
        "revenue": 1333000000,
        "costOfRevenue": 950000000,
        "grossProfit": 383000000,
        "grossProfitRatio": 0.2873218305,
        "researchAndDevelopmentExpenses": 80000000,
        "generalAndAdministrativeExpenses": 0,
        "sellingAndMarketingExpenses": 0,
        "sellingGeneralAndAdministrativeExpenses": 311000000,
        "otherExpenses": 0,
        "operatingExpenses": 391000000,
        "costAndExpenses": 1341000000,
        "interestIncome": 0,
        "interestExpense": 0,
        "depreciationAndAmortization": 93000000,
        "ebitda": 69000000,
        "ebitdaratio": 0.0517629407,
        "operatingIncome": -8000000,
        "operatingIncomeRatio": -0.0060015004,
        "totalOtherIncomeExpensesNet": 13000000,
        "incomeBeforeTax": 5000000,
        "incomeBeforeTaxRatio": 0.0037509377,
        "incomeTaxExpense": 2000000,
        "netIncome": 3000000,
        "netIncomeRatio": 0.0022505626,
        "eps": 0.015,
        "epsdiluted": 0.015,
        "weightedAverageShsOut": 198000000,
        "weightedAverageShsOutDil": 205800000,
        "link": "https://www.sec.gov/Archives/edgar/data/70866/000095013199003004/0000950131-99-003004-index.html",
        "finalLink": "https://www.sec.gov/Archives/edgar/data/70866/"
    },
    {
        "date": "1998-12-31",
        "symbol": "NCR",
        "reportedCurrency": "USD",
        "cik": "0000070866",
        "fillingDate": "1999-03-15",
        "acceptedDate": "1999-03-15 00:00:00",
        "calendarYear": "1998",
        "period": "Q4",
        "revenue": 2067000000,
        "costOfRevenue": 1432000000,
        "grossProfit": 635000000,
        "grossProfitRatio": 0.3072085148,
        "researchAndDevelopmentExpenses": 100000000,
        "generalAndAdministrativeExpenses": 0,
        "sellingAndMarketingExpenses": 0,
        "sellingGeneralAndAdministrativeExpenses": 405000000,
        "otherExpenses": 0,
        "operatingExpenses": 555000000,
        "costAndExpenses": 1987000000,
        "interestIncome": 0,
        "interestExpense": 0,
        "depreciationAndAmortization": 90000000,
        "ebitda": 262000000,
        "ebitdaratio": 0.1267537494,
        "operatingIncome": 80000000,
        "operatingIncomeRatio": 0.0387034349,
        "totalOtherIncomeExpensesNet": -2000000,
        "incomeBeforeTax": 78000000,
        "incomeBeforeTaxRatio": 0.0377358491,
        "incomeTaxExpense": 29000000,
        "netIncome": 49000000,
        "netIncomeRatio": 0.0237058539,
        "eps": 0.25,
        "epsdiluted": 0.25,
        "weightedAverageShsOut": 199666667,
        "weightedAverageShsOutDil": 199898592,
        "link": "https://www.sec.gov/Archives/edgar/data/70866/000095013199001477/0000950131-99-001477-index.html",
        "finalLink": "https://www.sec.gov/Archives/edgar/data/70866/"
    },
    {
        "date": "1998-09-30",
        "symbol": "NCR",
        "reportedCurrency": "USD",
        "cik": "0000070866",
        "fillingDate": "1998-11-13",
        "acceptedDate": "1998-11-13 00:00:00",
        "calendarYear": "1998",
        "period": "Q3",
        "revenue": 1555000000,
        "costOfRevenue": 1094000000,
        "grossProfit": 461000000,
        "grossProfitRatio": 0.2964630225,
        "researchAndDevelopmentExpenses": 86000000,
        "generalAndAdministrativeExpenses": 0,
        "sellingAndMarketingExpenses": 0,
        "sellingGeneralAndAdministrativeExpenses": 342000000,
        "otherExpenses": 0,
        "operatingExpenses": 428000000,
        "costAndExpenses": 1522000000,
        "interestIncome": 0,
        "interestExpense": 0,
        "depreciationAndAmortization": 90000000,
        "ebitda": 112000000,
        "ebitdaratio": 0.0720257235,
        "operatingIncome": 33000000,
        "operatingIncomeRatio": 0.021221865,
        "totalOtherIncomeExpensesNet": 9000000,
        "incomeBeforeTax": 42000000,
        "incomeBeforeTaxRatio": 0.0270096463,
        "incomeTaxExpense": 17000000,
        "netIncome": 25000000,
        "netIncomeRatio": 0.0160771704,
        "eps": 0.13,
        "epsdiluted": 0.13,
        "weightedAverageShsOut": 200000000,
        "weightedAverageShsOutDil": 200000000,
        "link": "https://www.sec.gov/Archives/edgar/data/70866/000095013198006078/0000950131-98-006078-index.html",
        "finalLink": "https://www.sec.gov/Archives/edgar/data/70866/"
    },
    {
        "date": "1998-06-30",
        "symbol": "NCR",
        "reportedCurrency": "USD",
        "cik": "0000070866",
        "fillingDate": "1998-08-13",
        "acceptedDate": "1998-08-13 00:00:00",
        "calendarYear": "1998",
        "period": "Q2",
        "revenue": 1574000000,
        "costOfRevenue": 1102000000,
        "grossProfit": 472000000,
        "grossProfitRatio": 0.2998729352,
        "researchAndDevelopmentExpenses": 90000000,
        "generalAndAdministrativeExpenses": 0,
        "sellingAndMarketingExpenses": 0,
        "sellingGeneralAndAdministrativeExpenses": 359000000,
        "otherExpenses": 0,
        "operatingExpenses": 449000000,
        "costAndExpenses": 1551000000,
        "interestIncome": 0,
        "interestExpense": 0,
        "depreciationAndAmortization": 87000000,
        "ebitda": 37000000,
        "ebitdaratio": 0.0235069886,
        "operatingIncome": 23000000,
        "operatingIncomeRatio": 0.0146124524,
        "totalOtherIncomeExpensesNet": 69000000,
        "incomeBeforeTax": 92000000,
        "incomeBeforeTaxRatio": 0.0584498094,
        "incomeTaxExpense": 44000000,
        "netIncome": 48000000,
        "netIncomeRatio": 0.0304955527,
        "eps": 0.24,
        "epsdiluted": 0.23,
        "weightedAverageShsOut": 204255319,
        "weightedAverageShsOutDil": 208695652,
        "link": "https://www.sec.gov/Archives/edgar/data/70866/000095013198004812/0000950131-98-004812-index.html",
        "finalLink": "https://www.sec.gov/Archives/edgar/data/70866/"
    },
    {
        "date": "1998-03-31",
        "symbol": "NCR",
        "reportedCurrency": "USD",
        "cik": "0000070866",
        "fillingDate": "1998-05-05",
        "acceptedDate": "1998-05-05 00:00:00",
        "calendarYear": "1998",
        "period": "Q1",
        "revenue": 1309000000,
        "costOfRevenue": 955000000,
        "grossProfit": 354000000,
        "grossProfitRatio": 0.2704354469,
        "researchAndDevelopmentExpenses": 80000000,
        "generalAndAdministrativeExpenses": 0,
        "sellingAndMarketingExpenses": 0,
        "sellingGeneralAndAdministrativeExpenses": 308000000,
        "otherExpenses": 0,
        "operatingExpenses": 388000000,
        "costAndExpenses": 1343000000,
        "interestIncome": 0,
        "interestExpense": 0,
        "depreciationAndAmortization": 97000000,
        "ebitda": 63000000,
        "ebitdaratio": 0.0481283422,
        "operatingIncome": -34000000,
        "operatingIncomeRatio": -0.025974026,
        "totalOtherIncomeExpensesNet": 37000000,
        "incomeBeforeTax": 3000000,
        "incomeBeforeTaxRatio": 0.0022918258,
        "incomeTaxExpense": 3000000,
        "netIncome": 0,
        "netIncomeRatio": 0,
        "eps": 0,
        "epsdiluted": 0,
        "weightedAverageShsOut": 206400000,
        "weightedAverageShsOutDil": 206400000,
        "link": "https://www.sec.gov/Archives/edgar/data/70866/000095013198003031/0000950131-98-003031-index.html",
        "finalLink": "https://www.sec.gov/Archives/edgar/data/70866/"
    },
    {
        "date": "1997-12-31",
        "symbol": "NCR",
        "reportedCurrency": "USD",
        "cik": "0000070866",
        "fillingDate": "1998-03-18",
        "acceptedDate": "1998-03-18 00:00:00",
        "calendarYear": "1997",
        "period": "Q4",
        "revenue": 1992000000,
        "costOfRevenue": 1447000000,
        "grossProfit": 545000000,
        "grossProfitRatio": 0.2735943775,
        "researchAndDevelopmentExpenses": 102000000,
        "generalAndAdministrativeExpenses": 0,
        "sellingAndMarketingExpenses": 0,
        "sellingGeneralAndAdministrativeExpenses": 409000000,
        "otherExpenses": 0,
        "operatingExpenses": 511000000,
        "costAndExpenses": 1958000000,
        "interestIncome": 0,
        "interestExpense": 0,
        "depreciationAndAmortization": 105000000,
        "ebitda": 121000000,
        "ebitdaratio": 0.0607429719,
        "operatingIncome": 34000000,
        "operatingIncomeRatio": 0.0170682731,
        "totalOtherIncomeExpensesNet": 13000000,
        "incomeBeforeTax": 47000000,
        "incomeBeforeTaxRatio": 0.0235943775,
        "incomeTaxExpense": 11000000,
        "netIncome": 36000000,
        "netIncomeRatio": 0.0180722892,
        "eps": 0.18,
        "epsdiluted": 0.18,
        "weightedAverageShsOut": 188000000,
        "weightedAverageShsOutDil": 188000000,
        "link": "https://www.sec.gov/Archives/edgar/data/70866/000095013198001791/0000950131-98-001791-index.html",
        "finalLink": "https://www.sec.gov/Archives/edgar/data/70866/0000950131-98-001791.txt"
    },
    {
        "date": "1997-09-30",
        "symbol": "NCR",
        "reportedCurrency": "USD",
        "cik": "0000070866",
        "fillingDate": "1997-11-12",
        "acceptedDate": "1997-11-12 00:00:00",
        "calendarYear": "1997",
        "period": "Q3",
        "revenue": 1563000000,
        "costOfRevenue": 1132000000,
        "grossProfit": 431000000,
        "grossProfitRatio": 0.2757517594,
        "researchAndDevelopmentExpenses": 96000000,
        "generalAndAdministrativeExpenses": 0,
        "sellingAndMarketingExpenses": 0,
        "sellingGeneralAndAdministrativeExpenses": 351000000,
        "otherExpenses": 0,
        "operatingExpenses": 447000000,
        "costAndExpenses": 1579000000,
        "interestIncome": 0,
        "interestExpense": 0,
        "depreciationAndAmortization": 92000000,
        "ebitda": 63000000,
        "ebitdaratio": 0.0403071017,
        "operatingIncome": -16000000,
        "operatingIncomeRatio": -0.0102367242,
        "totalOtherIncomeExpensesNet": 9000000,
        "incomeBeforeTax": -7000000,
        "incomeBeforeTaxRatio": -0.0044785669,
        "incomeTaxExpense": 2000000,
        "netIncome": -9000000,
        "netIncomeRatio": -0.0057581574,
        "eps": -0.0439,
        "epsdiluted": -0.0439,
        "weightedAverageShsOut": 205000000,
        "weightedAverageShsOutDil": 205000000,
        "link": "https://www.sec.gov/Archives/edgar/data/70866/000095012397009333/0000950123-97-009333-index.html",
        "finalLink": "https://www.sec.gov/Archives/edgar/data/70866/"
    },
    {
        "date": "1997-06-30",
        "symbol": "NCR",
        "reportedCurrency": "USD",
        "cik": "0000070866",
        "fillingDate": "1997-08-13",
        "acceptedDate": "1997-08-13 00:00:00",
        "calendarYear": "1997",
        "period": "Q2",
        "revenue": 1645000000,
        "costOfRevenue": 1206000000,
        "grossProfit": 439000000,
        "grossProfitRatio": 0.2668693009,
        "researchAndDevelopmentExpenses": 96000000,
        "generalAndAdministrativeExpenses": 0,
        "sellingAndMarketingExpenses": 0,
        "sellingGeneralAndAdministrativeExpenses": 362000000,
        "otherExpenses": 0,
        "operatingExpenses": 458000000,
        "costAndExpenses": 1664000000,
        "interestIncome": 0,
        "interestExpense": 0,
        "depreciationAndAmortization": 94000000,
        "ebitda": 50000000,
        "ebitdaratio": 0.0303951368,
        "operatingIncome": -19000000,
        "operatingIncomeRatio": -0.011550152,
        "totalOtherIncomeExpensesNet": 21000000,
        "incomeBeforeTax": 2000000,
        "incomeBeforeTaxRatio": 0.0012158055,
        "incomeTaxExpense": 6000000,
        "netIncome": -4000000,
        "netIncomeRatio": -0.0024316109,
        "eps": -0.0196,
        "epsdiluted": -0.0196,
        "weightedAverageShsOut": 204200000,
        "weightedAverageShsOutDil": 204200000,
        "link": "https://www.sec.gov/Archives/edgar/data/70866/000095012397006823/0000950123-97-006823-index.html",
        "finalLink": "https://www.sec.gov/Archives/edgar/data/70866/"
    },
    {
        "date": "1997-03-31",
        "symbol": "NCR",
        "reportedCurrency": "USD",
        "cik": "0000070866",
        "fillingDate": "1997-05-09",
        "acceptedDate": "1997-05-09 00:00:00",
        "calendarYear": "1997",
        "period": "Q1",
        "revenue": 1389000000,
        "costOfRevenue": 1006000000,
        "grossProfit": 383000000,
        "grossProfitRatio": 0.275737941,
        "researchAndDevelopmentExpenses": 87000000,
        "generalAndAdministrativeExpenses": 0,
        "sellingAndMarketingExpenses": 0,
        "sellingGeneralAndAdministrativeExpenses": 314000000,
        "otherExpenses": 0,
        "operatingExpenses": 401000000,
        "costAndExpenses": 1407000000,
        "interestIncome": 0,
        "interestExpense": 0,
        "depreciationAndAmortization": 92000000,
        "ebitda": 69000000,
        "ebitdaratio": 0.0496760259,
        "operatingIncome": -18000000,
        "operatingIncomeRatio": -0.0129589633,
        "totalOtherIncomeExpensesNet": 3000000,
        "incomeBeforeTax": -15000000,
        "incomeBeforeTaxRatio": -0.0107991361,
        "incomeTaxExpense": 1000000,
        "netIncome": -16000000,
        "netIncomeRatio": -0.0115190785,
        "eps": -0.08,
        "epsdiluted": -0.08,
        "weightedAverageShsOut": 200000000,
        "weightedAverageShsOutDil": 200000000,
        "link": "https://www.sec.gov/Archives/edgar/data/70866/000095012397004077/0000950123-97-004077-index.html",
        "finalLink": "https://www.sec.gov/Archives/edgar/data/70866/"
    },
    {
        "date": "1996-12-31",
        "symbol": "NCR",
        "reportedCurrency": "USD",
        "cik": "0000070866",
        "fillingDate": "1997-03-19",
        "acceptedDate": "1997-03-19 00:00:00",
        "calendarYear": "1996",
        "period": "Q4",
        "revenue": 2040000000,
        "costOfRevenue": 0,
        "grossProfit": 2040000000,
        "grossProfitRatio": 1,
        "researchAndDevelopmentExpenses": 0,
        "generalAndAdministrativeExpenses": 0,
        "sellingAndMarketingExpenses": 0,
        "sellingGeneralAndAdministrativeExpenses": 0,
        "otherExpenses": -6833000000,
        "operatingExpenses": -6833000000,
        "costAndExpenses": -6833000000,
        "interestIncome": 0,
        "interestExpense": 0,
        "depreciationAndAmortization": 0,
        "ebitda": -4793000000,
        "ebitdaratio": -2.3495098039,
        "operatingIncome": 8873000000,
        "operatingIncomeRatio": 4.3495098039,
        "totalOtherIncomeExpensesNet": 0,
        "incomeBeforeTax": 0,
        "incomeBeforeTaxRatio": 0,
        "incomeTaxExpense": -7000000,
        "netIncome": 7000000,
        "netIncomeRatio": 0.0034313725,
        "eps": 0.035,
        "epsdiluted": 0.035,
        "weightedAverageShsOut": 200673684,
        "weightedAverageShsOutDil": 203508772,
        "link": "https://www.sec.gov/Archives/edgar/data/70866/000095012397002267/0000950123-97-002267-index.html",
        "finalLink": "https://www.sec.gov/Archives/edgar/data/70866/"
    },
    {
        "date": "1996-09-30",
        "symbol": "NCR",
        "reportedCurrency": "USD",
        "cik": "0000070866",
        "fillingDate": "1996-09-30",
        "acceptedDate": "1996-09-30 00:00:00",
        "calendarYear": "1996",
        "period": "Q3",
        "revenue": 1658000000,
        "costOfRevenue": 0,
        "grossProfit": 1658000000,
        "grossProfitRatio": 1,
        "researchAndDevelopmentExpenses": 0,
        "generalAndAdministrativeExpenses": 0,
        "sellingAndMarketingExpenses": 0,
        "sellingGeneralAndAdministrativeExpenses": 0,
        "otherExpenses": 0,
        "operatingExpenses": 0,
        "costAndExpenses": 0,
        "interestIncome": 0,
        "interestExpense": 0,
        "depreciationAndAmortization": 0,
        "ebitda": 1658000000,
        "ebitdaratio": 1,
        "operatingIncome": 1658000000,
        "operatingIncomeRatio": 1,
        "totalOtherIncomeExpensesNet": 0,
        "incomeBeforeTax": 0,
        "incomeBeforeTaxRatio": 0,
        "incomeTaxExpense": 33000000,
        "netIncome": -33000000,
        "netIncomeRatio": -0.0199034982,
        "eps": -0.16,
        "epsdiluted": -0.16,
        "weightedAverageShsOut": 206250000,
        "weightedAverageShsOutDil": 206250000,
        "link": null,
        "finalLink": null
    },
    {
        "date": "1996-06-30",
        "symbol": "NCR",
        "reportedCurrency": "USD",
        "cik": "0000070866",
        "fillingDate": "1996-06-30",
        "acceptedDate": "1996-06-29 20:00:00",
        "calendarYear": "1996",
        "period": "Q2",
        "revenue": 1679000000,
        "costOfRevenue": 0,
        "grossProfit": 1679000000,
        "grossProfitRatio": 1,
        "researchAndDevelopmentExpenses": 0,
        "generalAndAdministrativeExpenses": 0,
        "sellingAndMarketingExpenses": 0,
        "sellingGeneralAndAdministrativeExpenses": 0,
        "otherExpenses": 0,
        "operatingExpenses": 0,
        "costAndExpenses": 0,
        "interestIncome": 0,
        "interestExpense": 0,
        "depreciationAndAmortization": 0,
        "ebitda": 1679000000,
        "ebitdaratio": 1,
        "operatingIncome": 1679000000,
        "operatingIncomeRatio": 1,
        "totalOtherIncomeExpensesNet": 0,
        "incomeBeforeTax": 0,
        "incomeBeforeTaxRatio": 0,
        "incomeTaxExpense": 18000000,
        "netIncome": -18000000,
        "netIncomeRatio": -0.0107206671,
        "eps": -0.09,
        "epsdiluted": -0.09,
        "weightedAverageShsOut": 200000000,
        "weightedAverageShsOutDil": 200000000,
        "link": null,
        "finalLink": null
    },
    {
        "date": "1996-03-31",
        "symbol": "NCR",
        "reportedCurrency": "USD",
        "cik": "0000070866",
        "fillingDate": "1996-03-31",
        "acceptedDate": "1996-03-30 19:00:00",
        "calendarYear": "1996",
        "period": "Q1",
        "revenue": 1586000000,
        "costOfRevenue": 0,
        "grossProfit": 1586000000,
        "grossProfitRatio": 1,
        "researchAndDevelopmentExpenses": 0,
        "generalAndAdministrativeExpenses": 0,
        "sellingAndMarketingExpenses": 0,
        "sellingGeneralAndAdministrativeExpenses": 0,
        "otherExpenses": 0,
        "operatingExpenses": 0,
        "costAndExpenses": 0,
        "interestIncome": 0,
        "interestExpense": 0,
        "depreciationAndAmortization": 0,
        "ebitda": 1586000000,
        "ebitdaratio": 1,
        "operatingIncome": 1586000000,
        "operatingIncomeRatio": 1,
        "totalOtherIncomeExpensesNet": 0,
        "incomeBeforeTax": 0,
        "incomeBeforeTaxRatio": 0,
        "incomeTaxExpense": 65000000,
        "netIncome": -65000000,
        "netIncomeRatio": -0.0409836066,
        "eps": -0.32,
        "epsdiluted": -0.32,
        "weightedAverageShsOut": 203125000,
        "weightedAverageShsOutDil": 203125000,
        "link": null,
        "finalLink": null
    },
    {
        "date": "1995-12-31",
        "symbol": "NCR",
        "reportedCurrency": "USD",
        "cik": "0000070866",
        "fillingDate": "1995-12-31",
        "acceptedDate": "1995-12-30 19:00:00",
        "calendarYear": "1995",
        "period": "Q4",
        "revenue": 2269000000,
        "costOfRevenue": 0,
        "grossProfit": 2269000000,
        "grossProfitRatio": 1,
        "researchAndDevelopmentExpenses": 0,
        "generalAndAdministrativeExpenses": 0,
        "sellingAndMarketingExpenses": 0,
        "sellingGeneralAndAdministrativeExpenses": 0,
        "otherExpenses": -10533000000,
        "operatingExpenses": -10533000000,
        "costAndExpenses": -10533000000,
        "interestIncome": 0,
        "interestExpense": 0,
        "depreciationAndAmortization": 0,
        "ebitda": -8264000000,
        "ebitdaratio": -3.6421330983,
        "operatingIncome": 12802000000,
        "operatingIncomeRatio": 5.6421330983,
        "totalOtherIncomeExpensesNet": 0,
        "incomeBeforeTax": 0,
        "incomeBeforeTaxRatio": 0,
        "incomeTaxExpense": 305000000,
        "netIncome": -305000000,
        "netIncomeRatio": -0.1344204495,
        "eps": -1.5,
        "epsdiluted": -1.5,
        "weightedAverageShsOut": 202710901,
        "weightedAverageShsOutDil": 202710901,
        "link": null,
        "finalLink": null
    },
    {
        "date": "1995-09-30",
        "symbol": "NCR",
        "reportedCurrency": "USD",
        "cik": "0000070866",
        "fillingDate": "1995-09-30",
        "acceptedDate": "1995-09-29 20:00:00",
        "calendarYear": "1995",
        "period": "Q3",
        "revenue": 2033000000,
        "costOfRevenue": 0,
        "grossProfit": 2033000000,
        "grossProfitRatio": 1,
        "researchAndDevelopmentExpenses": 0,
        "generalAndAdministrativeExpenses": 0,
        "sellingAndMarketingExpenses": 0,
        "sellingGeneralAndAdministrativeExpenses": 0,
        "otherExpenses": 0,
        "operatingExpenses": 0,
        "costAndExpenses": 0,
        "interestIncome": 0,
        "interestExpense": 0,
        "depreciationAndAmortization": 0,
        "ebitda": 2033000000,
        "ebitdaratio": 1,
        "operatingIncome": 2033000000,
        "operatingIncomeRatio": 1,
        "totalOtherIncomeExpensesNet": 0,
        "incomeBeforeTax": 0,
        "incomeBeforeTaxRatio": 0,
        "incomeTaxExpense": 1586000000,
        "netIncome": -1586000000,
        "netIncomeRatio": -0.7801278898,
        "eps": -7.82,
        "epsdiluted": -7.82,
        "weightedAverageShsOut": 202813299,
        "weightedAverageShsOutDil": 202813299,
        "link": null,
        "finalLink": null
    },
    {
        "date": "1995-06-30",
        "symbol": "NCR",
        "reportedCurrency": "USD",
        "cik": "0000070866",
        "fillingDate": "1995-06-30",
        "acceptedDate": "1995-06-29 20:00:00",
        "calendarYear": "1995",
        "period": "Q2",
        "revenue": 2042000000,
        "costOfRevenue": 0,
        "grossProfit": 2042000000,
        "grossProfitRatio": 1,
        "researchAndDevelopmentExpenses": 0,
        "generalAndAdministrativeExpenses": 0,
        "sellingAndMarketingExpenses": 0,
        "sellingGeneralAndAdministrativeExpenses": 0,
        "otherExpenses": 0,
        "operatingExpenses": 0,
        "costAndExpenses": 0,
        "interestIncome": 0,
        "interestExpense": 0,
        "depreciationAndAmortization": 0,
        "ebitda": 2042000000,
        "ebitdaratio": 1,
        "operatingIncome": 2042000000,
        "operatingIncomeRatio": 1,
        "totalOtherIncomeExpensesNet": 0,
        "incomeBeforeTax": 0,
        "incomeBeforeTaxRatio": 0,
        "incomeTaxExpense": 243000000,
        "netIncome": -243000000,
        "netIncomeRatio": -0.1190009794,
        "eps": -1.2,
        "epsdiluted": -1.2,
        "weightedAverageShsOut": 202500000,
        "weightedAverageShsOutDil": 202500000,
        "link": null,
        "finalLink": null
    },
    {
        "date": "1995-03-31",
        "symbol": "NCR",
        "reportedCurrency": "USD",
        "cik": "0000070866",
        "fillingDate": "1995-03-31",
        "acceptedDate": "1995-03-30 19:00:00",
        "calendarYear": "1995",
        "period": "Q1",
        "revenue": 1818000000,
        "costOfRevenue": 0,
        "grossProfit": 1818000000,
        "grossProfitRatio": 1,
        "researchAndDevelopmentExpenses": 0,
        "generalAndAdministrativeExpenses": 0,
        "sellingAndMarketingExpenses": 0,
        "sellingGeneralAndAdministrativeExpenses": 0,
        "otherExpenses": 0,
        "operatingExpenses": 0,
        "costAndExpenses": 0,
        "interestIncome": 0,
        "interestExpense": 0,
        "depreciationAndAmortization": 0,
        "ebitda": 1818000000,
        "ebitdaratio": 1,
        "operatingIncome": 1818000000,
        "operatingIncomeRatio": 1,
        "totalOtherIncomeExpensesNet": 0,
        "incomeBeforeTax": 0,
        "incomeBeforeTaxRatio": 0,
        "incomeTaxExpense": 146000000,
        "netIncome": -146000000,
        "netIncomeRatio": -0.0803080308,
        "eps": -0.72,
        "epsdiluted": -0.72,
        "weightedAverageShsOut": 202777778,
        "weightedAverageShsOutDil": 202777778,
        "link": null,
        "finalLink": null
    }
]