[
    {
        "date": "2021-09-30",
        "symbol": "NES",
        "reportedCurrency": "USD",
        "cik": "0001403853",
        "fillingDate": "2021-11-15",
        "acceptedDate": "2021-11-15 16:44:43",
        "calendarYear": "2021",
        "period": "Q3",
        "revenue": 24786000,
        "costOfRevenue": 0,
        "grossProfit": 24786000,
        "grossProfitRatio": 1,
        "researchAndDevelopmentExpenses": 0,
        "generalAndAdministrativeExpenses": 4894000,
        "sellingAndMarketingExpenses": 0,
        "sellingGeneralAndAdministrativeExpenses": 4894000,
        "otherExpenses": 15753000,
        "operatingExpenses": 20647000,
        "costAndExpenses": 31143000,
        "interestIncome": 0,
        "interestExpense": -645000,
        "depreciationAndAmortization": 17406000,
        "ebitda": 9591000,
        "ebitdaratio": 0.3869523118,
        "operatingIncome": -6357000,
        "operatingIncomeRatio": -0.2564754297,
        "totalOtherIncomeExpensesNet": -813000,
        "incomeBeforeTax": -7170000,
        "incomeBeforeTaxRatio": -0.2892762043,
        "incomeTaxExpense": 0,
        "netIncome": -7170000,
        "netIncomeRatio": -0.2892762043,
        "eps": -0.45,
        "epsdiluted": -0.45,
        "weightedAverageShsOut": 16069000,
        "weightedAverageShsOutDil": 16069000,
        "link": "https://www.sec.gov/Archives/edgar/data/1403853/000140385321000064/0001403853-21-000064-index.htm",
        "finalLink": "https://www.sec.gov/Archives/edgar/data/1403853/000140385321000064/nes-20210930.htm"
    },
    {
        "date": "2021-06-30",
        "symbol": "NES",
        "reportedCurrency": "USD",
        "cik": "0001403853",
        "fillingDate": "2021-08-19",
        "acceptedDate": "2021-08-19 16:39:48",
        "calendarYear": "2021",
        "period": "Q2",
        "revenue": 24774000,
        "costOfRevenue": 21437000,
        "grossProfit": 3337000,
        "grossProfitRatio": 0.1346976669,
        "researchAndDevelopmentExpenses": 0,
        "generalAndAdministrativeExpenses": 4844000,
        "sellingAndMarketingExpenses": 0,
        "sellingGeneralAndAdministrativeExpenses": 4844000,
        "otherExpenses": 5734000,
        "operatingExpenses": 10578000,
        "costAndExpenses": 32015000,
        "interestIncome": 0,
        "interestExpense": 641000,
        "depreciationAndAmortization": 5734000,
        "ebitda": 2518000,
        "ebitdaratio": 0.1016388149,
        "operatingIncome": -7241000,
        "operatingIncomeRatio": -0.2922822314,
        "totalOtherIncomeExpensesNet": 3384000,
        "incomeBeforeTax": -3857000,
        "incomeBeforeTaxRatio": -0.1556874142,
        "incomeTaxExpense": 0,
        "netIncome": -3857000,
        "netIncomeRatio": -0.1556874142,
        "eps": -0.24,
        "epsdiluted": -0.24,
        "weightedAverageShsOut": 15996000,
        "weightedAverageShsOutDil": 15996000,
        "link": "https://www.sec.gov/Archives/edgar/data/1403853/000140385321000052/0001403853-21-000052-index.htm",
        "finalLink": "https://www.sec.gov/Archives/edgar/data/1403853/000140385321000052/nes-20210630.htm"
    },
    {
        "date": "2021-03-31",
        "symbol": "NES",
        "reportedCurrency": "USD",
        "cik": "0001403853",
        "fillingDate": "2021-05-11",
        "acceptedDate": "2021-05-11 16:33:04",
        "calendarYear": "2021",
        "period": "Q1",
        "revenue": 23665000,
        "costOfRevenue": 20981000,
        "grossProfit": 2684000,
        "grossProfitRatio": 0.1134164378,
        "researchAndDevelopmentExpenses": 0,
        "generalAndAdministrativeExpenses": 3527000,
        "sellingAndMarketingExpenses": 0,
        "sellingGeneralAndAdministrativeExpenses": 3527000,
        "otherExpenses": 6070000,
        "operatingExpenses": 9597000,
        "costAndExpenses": 30578000,
        "interestIncome": 0,
        "interestExpense": 678000,
        "depreciationAndAmortization": 6070000,
        "ebitda": -855000,
        "ebitdaratio": -0.0361293049,
        "operatingIncome": -6913000,
        "operatingIncomeRatio": -0.2921191633,
        "totalOtherIncomeExpensesNet": -690000,
        "incomeBeforeTax": -7603000,
        "incomeBeforeTaxRatio": -0.3212761462,
        "incomeTaxExpense": -12000,
        "netIncome": -7603000,
        "netIncomeRatio": -0.3212761462,
        "eps": -0.48,
        "epsdiluted": -0.48,
        "weightedAverageShsOut": 15877000,
        "weightedAverageShsOutDil": 15877000,
        "link": "https://www.sec.gov/Archives/edgar/data/1403853/000140385321000028/0001403853-21-000028-index.htm",
        "finalLink": "https://www.sec.gov/Archives/edgar/data/1403853/000140385321000028/nes-20210331.htm"
    },
    {
        "date": "2020-12-31",
        "symbol": "NES",
        "reportedCurrency": "USD",
        "cik": "0001403853",
        "fillingDate": "2021-03-16",
        "acceptedDate": "2021-03-16 16:40:27",
        "calendarYear": "2020",
        "period": "Q4",
        "revenue": 24083000,
        "costOfRevenue": 18250000,
        "grossProfit": 5833000,
        "grossProfitRatio": 0.2422040443,
        "researchAndDevelopmentExpenses": 0,
        "generalAndAdministrativeExpenses": 5507000,
        "sellingAndMarketingExpenses": 6648000,
        "sellingGeneralAndAdministrativeExpenses": 12155000,
        "otherExpenses": 0,
        "operatingExpenses": 12155000,
        "costAndExpenses": 30405000,
        "interestIncome": 0,
        "interestExpense": 780000,
        "depreciationAndAmortization": 6648000,
        "ebitda": 231000,
        "ebitdaratio": 0.0095918283,
        "operatingIncome": -6322000,
        "operatingIncomeRatio": -0.2625088237,
        "totalOtherIncomeExpensesNet": -875000,
        "incomeBeforeTax": -7197000,
        "incomeBeforeTaxRatio": -0.2988415065,
        "incomeTaxExpense": -2000,
        "netIncome": -7195000,
        "netIncomeRatio": -0.2987584603,
        "eps": -0.46,
        "epsdiluted": -0.46,
        "weightedAverageShsOut": 15772000,
        "weightedAverageShsOutDil": 15772000,
        "link": "https://www.sec.gov/Archives/edgar/data/1403853/000140385321000014/0001403853-21-000014-index.htm",
        "finalLink": "https://www.sec.gov/Archives/edgar/data/1403853/000140385321000014/nes-20201231.htm"
    },
    {
        "date": "2020-09-30",
        "symbol": "NES",
        "reportedCurrency": "USD",
        "cik": "0001403853",
        "fillingDate": "2020-11-10",
        "acceptedDate": "2020-11-10 16:09:56",
        "calendarYear": "2020",
        "period": "Q3",
        "revenue": 23796000,
        "costOfRevenue": 19022000,
        "grossProfit": 4774000,
        "grossProfitRatio": 0.2006219533,
        "researchAndDevelopmentExpenses": 0,
        "generalAndAdministrativeExpenses": 4084000,
        "sellingAndMarketingExpenses": 6821000,
        "sellingGeneralAndAdministrativeExpenses": 10905000,
        "otherExpenses": 0,
        "operatingExpenses": 10905000,
        "costAndExpenses": 29927000,
        "interestIncome": 0,
        "interestExpense": 1014000,
        "depreciationAndAmortization": 6821000,
        "ebitda": 710000,
        "ebitdaratio": 0.0298369474,
        "operatingIncome": -6131000,
        "operatingIncomeRatio": -0.2576483443,
        "totalOtherIncomeExpensesNet": -994000,
        "incomeBeforeTax": -7125000,
        "incomeBeforeTaxRatio": -0.2994200706,
        "incomeTaxExpense": 20000,
        "netIncome": -7125000,
        "netIncomeRatio": -0.2994200706,
        "eps": -0.45,
        "epsdiluted": -0.45,
        "weightedAverageShsOut": 15771000,
        "weightedAverageShsOutDil": 15771000,
        "link": "https://www.sec.gov/Archives/edgar/data/1403853/000140385320000065/0001403853-20-000065-index.htm",
        "finalLink": "https://www.sec.gov/Archives/edgar/data/1403853/000140385320000065/nes-20200930.htm"
    },
    {
        "date": "2020-06-30",
        "symbol": "NES",
        "reportedCurrency": "USD",
        "cik": "0001403853",
        "fillingDate": "2020-08-11",
        "acceptedDate": "2020-08-11 16:40:30",
        "calendarYear": "2020",
        "period": "Q2",
        "revenue": 24466000,
        "costOfRevenue": 18551000,
        "grossProfit": 5915000,
        "grossProfitRatio": 0.2417640808,
        "researchAndDevelopmentExpenses": 0,
        "generalAndAdministrativeExpenses": 4445000,
        "sellingAndMarketingExpenses": 7156000,
        "sellingGeneralAndAdministrativeExpenses": 11601000,
        "otherExpenses": 0,
        "operatingExpenses": 11601000,
        "costAndExpenses": 30152000,
        "interestIncome": 0,
        "interestExpense": 1116000,
        "depreciationAndAmortization": 7156000,
        "ebitda": 1508000,
        "ebitdaratio": 0.0616365569,
        "operatingIncome": -5686000,
        "operatingIncomeRatio": -0.2324041527,
        "totalOtherIncomeExpensesNet": -1078000,
        "incomeBeforeTax": -6764000,
        "incomeBeforeTaxRatio": -0.2764652988,
        "incomeTaxExpense": 15000,
        "netIncome": -6779000,
        "netIncomeRatio": -0.2770783945,
        "eps": -0.43,
        "epsdiluted": -0.43,
        "weightedAverageShsOut": 15761000,
        "weightedAverageShsOutDil": 15761000,
        "link": "https://www.sec.gov/Archives/edgar/data/1403853/000140385320000050/0001403853-20-000050-index.htm",
        "finalLink": "https://www.sec.gov/Archives/edgar/data/1403853/000140385320000050/nes_20200630x10-q.htm"
    },
    {
        "date": "2020-03-31",
        "symbol": "NES",
        "reportedCurrency": "USD",
        "cik": "0001403853",
        "fillingDate": "2020-06-30",
        "acceptedDate": "2020-06-29 18:04:58",
        "calendarYear": "2020",
        "period": "Q1",
        "revenue": 37942000,
        "costOfRevenue": 31476000,
        "grossProfit": 6466000,
        "grossProfitRatio": 0.1704180064,
        "researchAndDevelopmentExpenses": 0,
        "generalAndAdministrativeExpenses": 4924000,
        "sellingAndMarketingExpenses": 7989000,
        "sellingGeneralAndAdministrativeExpenses": 12913000,
        "otherExpenses": 0,
        "operatingExpenses": 12913000,
        "costAndExpenses": 44389000,
        "interestIncome": 0,
        "interestExpense": 1160000,
        "depreciationAndAmortization": 7989000,
        "ebitda": -13895000,
        "ebitdaratio": -0.3662168573,
        "operatingIncome": -22026000,
        "operatingIncomeRatio": -0.5805176322,
        "totalOtherIncomeExpensesNet": -1018000,
        "incomeBeforeTax": -23044000,
        "incomeBeforeTaxRatio": -0.6073480576,
        "incomeTaxExpense": 142000,
        "netIncome": -23044000,
        "netIncomeRatio": -0.6073480576,
        "eps": -1.46,
        "epsdiluted": -1.46,
        "weightedAverageShsOut": 15754000,
        "weightedAverageShsOutDil": 15754000,
        "link": "https://www.sec.gov/Archives/edgar/data/1403853/000140385320000035/0001403853-20-000035-index.htm",
        "finalLink": "https://www.sec.gov/Archives/edgar/data/1403853/000140385320000016/nes_20191231x10-k.htm"
    },
    {
        "date": "2019-12-31",
        "symbol": "NES",
        "reportedCurrency": "USD",
        "cik": "0001403853",
        "fillingDate": "2020-03-10",
        "acceptedDate": "2020-03-10 17:09:21",
        "calendarYear": "2019",
        "period": "Q4",
        "revenue": 37273000,
        "costOfRevenue": 29648000,
        "grossProfit": 7625000,
        "grossProfitRatio": 0.2045716739,
        "researchAndDevelopmentExpenses": 0,
        "generalAndAdministrativeExpenses": 5335000,
        "sellingAndMarketingExpenses": 8843000,
        "sellingGeneralAndAdministrativeExpenses": 14178000,
        "otherExpenses": 0,
        "operatingExpenses": 14178000,
        "costAndExpenses": 43826000,
        "interestIncome": 0,
        "interestExpense": 1230000,
        "depreciationAndAmortization": 8843000,
        "ebitda": -27712000,
        "ebitdaratio": -0.7434872428,
        "operatingIncome": -36600000,
        "operatingIncomeRatio": -0.9819440346,
        "totalOtherIncomeExpensesNet": -1185000,
        "incomeBeforeTax": -37785000,
        "incomeBeforeTaxRatio": -1.0137364849,
        "incomeTaxExpense": -261000,
        "netIncome": -37524000,
        "netIncomeRatio": -1.0067340971,
        "eps": -2.39,
        "epsdiluted": -2.39,
        "weightedAverageShsOut": 15731000,
        "weightedAverageShsOutDil": 15731000,
        "link": "https://www.sec.gov/Archives/edgar/data/1403853/000140385320000016/0001403853-20-000016-index.htm",
        "finalLink": "https://www.sec.gov/Archives/edgar/data/1403853/000140385320000016/nes_20191231x10-k.htm"
    },
    {
        "date": "2019-09-30",
        "symbol": "NES",
        "reportedCurrency": "USD",
        "cik": "0001403853",
        "fillingDate": "2019-11-06",
        "acceptedDate": "2019-11-06 16:34:32",
        "calendarYear": "2019",
        "period": "Q3",
        "revenue": 43098000,
        "costOfRevenue": 34297000,
        "grossProfit": 8801000,
        "grossProfitRatio": 0.204209012,
        "researchAndDevelopmentExpenses": 0,
        "generalAndAdministrativeExpenses": 4774000,
        "sellingAndMarketingExpenses": 8928000,
        "sellingGeneralAndAdministrativeExpenses": 13702000,
        "otherExpenses": 0,
        "operatingExpenses": 13702000,
        "costAndExpenses": 47999000,
        "interestIncome": 0,
        "interestExpense": 1279000,
        "depreciationAndAmortization": 8928000,
        "ebitda": 4201000,
        "ebitdaratio": 0.0974755209,
        "operatingIncome": -5017000,
        "operatingIncomeRatio": -0.1164091141,
        "totalOtherIncomeExpensesNet": -989000,
        "incomeBeforeTax": -6006000,
        "incomeBeforeTaxRatio": -0.1393568147,
        "incomeTaxExpense": 46000,
        "netIncome": -6052000,
        "netIncomeRatio": -0.1404241496,
        "eps": -0.39,
        "epsdiluted": -0.39,
        "weightedAverageShsOut": 15715000,
        "weightedAverageShsOutDil": 15715000,
        "link": "https://www.sec.gov/Archives/edgar/data/1403853/000140385319000039/0001403853-19-000039-index.htm",
        "finalLink": "https://www.sec.gov/Archives/edgar/data/1403853/000140385319000039/nes_20190930x10-q.htm"
    },
    {
        "date": "2019-06-30",
        "symbol": "NES",
        "reportedCurrency": "USD",
        "cik": "0001403853",
        "fillingDate": "2019-08-06",
        "acceptedDate": "2019-08-06 16:35:04",
        "calendarYear": "2019",
        "period": "Q2",
        "revenue": 45240000,
        "costOfRevenue": 34517000,
        "grossProfit": 10723000,
        "grossProfitRatio": 0.2370247569,
        "researchAndDevelopmentExpenses": 0,
        "generalAndAdministrativeExpenses": 5280000,
        "sellingAndMarketingExpenses": 9277000,
        "sellingGeneralAndAdministrativeExpenses": 14557000,
        "otherExpenses": 0,
        "operatingExpenses": 14557000,
        "costAndExpenses": 49074000,
        "interestIncome": 0,
        "interestExpense": 1297000,
        "depreciationAndAmortization": 9277000,
        "ebitda": 5614000,
        "ebitdaratio": 0.1240937224,
        "operatingIncome": -3828000,
        "operatingIncomeRatio": -0.0846153846,
        "totalOtherIncomeExpensesNet": -1132000,
        "incomeBeforeTax": -4960000,
        "incomeBeforeTaxRatio": -0.1096374889,
        "incomeTaxExpense": 46000,
        "netIncome": -5006000,
        "netIncomeRatio": -0.1106542882,
        "eps": -0.32,
        "epsdiluted": -0.32,
        "weightedAverageShsOut": 15704000,
        "weightedAverageShsOutDil": 15704000,
        "link": "https://www.sec.gov/Archives/edgar/data/1403853/000140385319000028/0001403853-19-000028-index.htm",
        "finalLink": "https://www.sec.gov/Archives/edgar/data/1403853/000140385319000028/nes_20190630x10-q.htm"
    },
    {
        "date": "2019-03-31",
        "symbol": "NES",
        "reportedCurrency": "USD",
        "cik": "0001403853",
        "fillingDate": "2019-05-08",
        "acceptedDate": "2019-05-08 16:49:57",
        "calendarYear": "2019",
        "period": "Q1",
        "revenue": 42627000,
        "costOfRevenue": 32557000,
        "grossProfit": 10070000,
        "grossProfitRatio": 0.23623525,
        "researchAndDevelopmentExpenses": 0,
        "generalAndAdministrativeExpenses": 5475000,
        "sellingAndMarketingExpenses": 9135000,
        "sellingGeneralAndAdministrativeExpenses": 14610000,
        "otherExpenses": 0,
        "operatingExpenses": 14610000,
        "costAndExpenses": 47167000,
        "interestIncome": 0,
        "interestExpense": 1421000,
        "depreciationAndAmortization": 9135000,
        "ebitda": 4280000,
        "ebitdaratio": 0.1004058461,
        "operatingIncome": -4657000,
        "operatingIncomeRatio": -0.1092500059,
        "totalOtherIncomeExpensesNet": -1619000,
        "incomeBeforeTax": -6276000,
        "incomeBeforeTaxRatio": -0.1472306285,
        "incomeTaxExpense": 79000,
        "netIncome": -6355000,
        "netIncomeRatio": -0.149083914,
        "eps": -0.41,
        "epsdiluted": -0.41,
        "weightedAverageShsOut": 15550000,
        "weightedAverageShsOutDil": 15550000,
        "link": "https://www.sec.gov/Archives/edgar/data/1403853/000140385319000021/0001403853-19-000021-index.htm",
        "finalLink": "https://www.sec.gov/Archives/edgar/data/1403853/000140385319000010/nes_20181231x10-k.htm"
    },
    {
        "date": "2018-12-31",
        "symbol": "NES",
        "reportedCurrency": "USD",
        "cik": "0001403853",
        "fillingDate": "2019-03-12",
        "acceptedDate": "2019-03-12 16:33:48",
        "calendarYear": "2018",
        "period": "Q4",
        "revenue": 49201000,
        "costOfRevenue": 38447000,
        "grossProfit": 10754000,
        "grossProfitRatio": 0.2185727932,
        "researchAndDevelopmentExpenses": 0,
        "generalAndAdministrativeExpenses": 7327000,
        "sellingAndMarketingExpenses": 9703000,
        "sellingGeneralAndAdministrativeExpenses": 17030000,
        "otherExpenses": 0,
        "operatingExpenses": 17030000,
        "costAndExpenses": 55477000,
        "interestIncome": 0,
        "interestExpense": 2278000,
        "depreciationAndAmortization": 9703000,
        "ebitda": 3316000,
        "ebitdaratio": 0.0673970041,
        "operatingIncome": -6530000,
        "operatingIncomeRatio": -0.1327208797,
        "totalOtherIncomeExpensesNet": -2135000,
        "incomeBeforeTax": -8665000,
        "incomeBeforeTaxRatio": -0.1761143066,
        "incomeTaxExpense": 138000,
        "netIncome": -8803000,
        "netIncomeRatio": -0.1789191277,
        "eps": -0.72,
        "epsdiluted": -0.72,
        "weightedAverageShsOut": 12226000,
        "weightedAverageShsOutDil": 12226000,
        "link": "https://www.sec.gov/Archives/edgar/data/1403853/000140385319000010/0001403853-19-000010-index.htm",
        "finalLink": "https://www.sec.gov/Archives/edgar/data/1403853/000140385319000010/nes_20181231x10-k.htm"
    },
    {
        "date": "2018-09-30",
        "symbol": "NES",
        "reportedCurrency": "USD",
        "cik": "0001403853",
        "fillingDate": "2018-11-06",
        "acceptedDate": "2018-11-06 16:15:19",
        "calendarYear": "2018",
        "period": "Q3",
        "revenue": 49656000,
        "costOfRevenue": 39753000,
        "grossProfit": 9903000,
        "grossProfitRatio": 0.1994320928,
        "researchAndDevelopmentExpenses": 0,
        "generalAndAdministrativeExpenses": 5849000,
        "sellingAndMarketingExpenses": 10018000,
        "sellingGeneralAndAdministrativeExpenses": 15867000,
        "otherExpenses": 0,
        "operatingExpenses": 15867000,
        "costAndExpenses": 55620000,
        "interestIncome": 0,
        "interestExpense": 1241000,
        "depreciationAndAmortization": 10018000,
        "ebitda": 4211000,
        "ebitdaratio": 0.0848034477,
        "operatingIncome": -6113000,
        "operatingIncomeRatio": -0.123106976,
        "totalOtherIncomeExpensesNet": -935000,
        "incomeBeforeTax": -7048000,
        "incomeBeforeTaxRatio": -0.1419365233,
        "incomeTaxExpense": 69000,
        "netIncome": -7117000,
        "netIncomeRatio": -0.1433260835,
        "eps": -0.61,
        "epsdiluted": -0.61,
        "weightedAverageShsOut": 11696000,
        "weightedAverageShsOutDil": 11696000,
        "link": "https://www.sec.gov/Archives/edgar/data/1403853/000140385318000024/0001403853-18-000024-index.htm",
        "finalLink": "https://www.sec.gov/Archives/edgar/data/1403853/000140385318000024/nes_20180930x10-q.htm"
    },
    {
        "date": "2018-06-30",
        "symbol": "NES",
        "reportedCurrency": "USD",
        "cik": "0001403853",
        "fillingDate": "2018-08-07",
        "acceptedDate": "2018-08-07 16:35:58",
        "calendarYear": "2018",
        "period": "Q2",
        "revenue": 48948000,
        "costOfRevenue": 39069000,
        "grossProfit": 9879000,
        "grossProfitRatio": 0.201826428,
        "researchAndDevelopmentExpenses": 0,
        "generalAndAdministrativeExpenses": 6014000,
        "sellingAndMarketingExpenses": 11969000,
        "sellingGeneralAndAdministrativeExpenses": 17983000,
        "otherExpenses": 0,
        "operatingExpenses": 17983000,
        "costAndExpenses": 57052000,
        "interestIncome": 0,
        "interestExpense": 1204000,
        "depreciationAndAmortization": 11969000,
        "ebitda": 1997000,
        "ebitdaratio": 0.0407983983,
        "operatingIncome": -8905000,
        "operatingIncomeRatio": -0.1819277601,
        "totalOtherIncomeExpensesNet": -2271000,
        "incomeBeforeTax": -11176000,
        "incomeBeforeTaxRatio": -0.2283239356,
        "incomeTaxExpense": 0,
        "netIncome": -11176000,
        "netIncomeRatio": -0.2283239356,
        "eps": -0.96,
        "epsdiluted": -0.96,
        "weightedAverageShsOut": 11696000,
        "weightedAverageShsOutDil": 11696000,
        "link": "https://www.sec.gov/Archives/edgar/data/1403853/000140385318000015/0001403853-18-000015-index.htm",
        "finalLink": "https://www.sec.gov/Archives/edgar/data/1403853/000140385318000015/nes_20180630x10-q.htm"
    },
    {
        "date": "2018-03-31",
        "symbol": "NES",
        "reportedCurrency": "USD",
        "cik": "0001403853",
        "fillingDate": "2018-05-09",
        "acceptedDate": "2018-05-09 16:10:44",
        "calendarYear": "2018",
        "period": "Q1",
        "revenue": 49669000,
        "costOfRevenue": 41627000,
        "grossProfit": 8042000,
        "grossProfitRatio": 0.1619118565,
        "researchAndDevelopmentExpenses": 0,
        "generalAndAdministrativeExpenses": 19320000,
        "sellingAndMarketingExpenses": 14744000,
        "sellingGeneralAndAdministrativeExpenses": 34064000,
        "otherExpenses": 0,
        "operatingExpenses": 34064000,
        "costAndExpenses": 75691000,
        "interestIncome": 0,
        "interestExpense": 1250000,
        "depreciationAndAmortization": 14744000,
        "ebitda": -16173000,
        "ebitdaratio": -0.3256155751,
        "operatingIncome": -30752000,
        "operatingIncomeRatio": -0.6191386982,
        "totalOtherIncomeExpensesNet": -1415000,
        "incomeBeforeTax": -32167000,
        "incomeBeforeTaxRatio": -0.6476272927,
        "incomeTaxExpense": -165000,
        "netIncome": -32167000,
        "netIncomeRatio": -0.6476272927,
        "eps": -2.75,
        "epsdiluted": -2.75,
        "weightedAverageShsOut": 11696000,
        "weightedAverageShsOutDil": 11696000,
        "link": "https://www.sec.gov/Archives/edgar/data/1403853/000140385318000009/0001403853-18-000009-index.htm",
        "finalLink": "https://www.sec.gov/Archives/edgar/data/1403853/000140385318000006/nes_20171231x10-k.htm"
    },
    {
        "date": "2017-12-31",
        "symbol": "NES",
        "reportedCurrency": "USD",
        "cik": "0001403853",
        "fillingDate": "2018-03-16",
        "acceptedDate": "2018-03-16 16:31:31",
        "calendarYear": "2017",
        "period": "Q4",
        "revenue": 46430000,
        "costOfRevenue": 40967000,
        "grossProfit": 5463000,
        "grossProfitRatio": 0.117660995,
        "researchAndDevelopmentExpenses": 0,
        "generalAndAdministrativeExpenses": 5687000,
        "sellingAndMarketingExpenses": 21230000,
        "sellingGeneralAndAdministrativeExpenses": 26917000,
        "otherExpenses": 0,
        "operatingExpenses": 26917000,
        "costAndExpenses": 67884000,
        "interestIncome": 0,
        "interestExpense": 1409000,
        "depreciationAndAmortization": 21230000,
        "ebitda": -8644000,
        "ebitdaratio": -0.1861727331,
        "operatingIncome": -23954000,
        "operatingIncomeRatio": -0.5159164333,
        "totalOtherIncomeExpensesNet": -7329000,
        "incomeBeforeTax": -31283000,
        "incomeBeforeTaxRatio": -0.673766961,
        "incomeTaxExpense": -381000,
        "netIncome": -30902000,
        "netIncomeRatio": -0.6655610597,
        "eps": -2.64,
        "epsdiluted": -2.64,
        "weightedAverageShsOut": 11696000,
        "weightedAverageShsOutDil": 11696000,
        "link": "https://www.sec.gov/Archives/edgar/data/1403853/000140385318000006/0001403853-18-000006-index.htm",
        "finalLink": "https://www.sec.gov/Archives/edgar/data/1403853/000140385318000006/nes_20171231x10-k.htm"
    },
    {
        "date": "2017-09-30",
        "symbol": "NES",
        "reportedCurrency": "USD",
        "cik": "0001403853",
        "fillingDate": "2017-11-08",
        "acceptedDate": "2017-11-08 08:38:13",
        "calendarYear": "2017",
        "period": "Q3",
        "revenue": 0,
        "costOfRevenue": 0,
        "grossProfit": 0,
        "grossProfitRatio": 0,
        "researchAndDevelopmentExpenses": 0,
        "generalAndAdministrativeExpenses": 0,
        "sellingAndMarketingExpenses": 0,
        "sellingGeneralAndAdministrativeExpenses": 68000000,
        "otherExpenses": 0,
        "operatingExpenses": 68000000,
        "costAndExpenses": 68000000,
        "interestIncome": 0,
        "interestExpense": 0,
        "depreciationAndAmortization": 21320000,
        "ebitda": -46680000,
        "ebitdaratio": 0,
        "operatingIncome": -68000000,
        "operatingIncomeRatio": 0,
        "totalOtherIncomeExpensesNet": 0,
        "incomeBeforeTax": 0,
        "incomeBeforeTaxRatio": 0,
        "incomeTaxExpense": 0,
        "netIncome": 0,
        "netIncomeRatio": 0,
        "eps": 0,
        "epsdiluted": 0,
        "weightedAverageShsOut": 11696000,
        "weightedAverageShsOutDil": 11696000,
        "link": "https://www.sec.gov/Archives/edgar/data/1403853/000140385317000040/0001403853-17-000040-index.htm",
        "finalLink": "https://www.sec.gov/Archives/edgar/data/1403853/000140385317000040/nesc_20170930x10-q.htm"
    },
    {
        "date": "2017-06-30",
        "symbol": "NES",
        "reportedCurrency": "USD",
        "cik": "0001403853",
        "fillingDate": "2017-08-11",
        "acceptedDate": "2017-08-11 16:55:06",
        "calendarYear": "2017",
        "period": "Q2",
        "revenue": 41538000,
        "costOfRevenue": 34825000,
        "grossProfit": 6713000,
        "grossProfitRatio": 0.1616110549,
        "researchAndDevelopmentExpenses": 0,
        "generalAndAdministrativeExpenses": 8867000,
        "sellingAndMarketingExpenses": 12107000,
        "sellingGeneralAndAdministrativeExpenses": 20974000,
        "otherExpenses": 0,
        "operatingExpenses": 20974000,
        "costAndExpenses": 55799000,
        "interestIncome": 0,
        "interestExpense": 5338000,
        "depreciationAndAmortization": 12107000,
        "ebitda": -2160000,
        "ebitdaratio": -0.0520005778,
        "operatingIncome": -14261000,
        "operatingIncomeRatio": -0.3433241851,
        "totalOtherIncomeExpensesNet": -5344000,
        "incomeBeforeTax": -19605000,
        "incomeBeforeTaxRatio": -0.4719774664,
        "incomeTaxExpense": -18000,
        "netIncome": -19587000,
        "netIncomeRatio": -0.4715441283,
        "eps": -0.13,
        "epsdiluted": -0.13,
        "weightedAverageShsOut": 150941000,
        "weightedAverageShsOutDil": 150941000,
        "link": "https://www.sec.gov/Archives/edgar/data/1403853/000140385317000022/0001403853-17-000022-index.htm",
        "finalLink": "https://www.sec.gov/Archives/edgar/data/1403853/000140385317000022/nesc_20170630x10-q.htm"
    },
    {
        "date": "2017-03-31",
        "symbol": "NES",
        "reportedCurrency": "USD",
        "cik": "0001403853",
        "fillingDate": "2017-05-08",
        "acceptedDate": "2017-04-14 15:35:48",
        "calendarYear": "2017",
        "period": "Q1",
        "revenue": 39223000,
        "costOfRevenue": 34289000,
        "grossProfit": 4934000,
        "grossProfitRatio": 0.1257935395,
        "researchAndDevelopmentExpenses": 0,
        "generalAndAdministrativeExpenses": 12359000,
        "sellingAndMarketingExpenses": 12871000,
        "sellingGeneralAndAdministrativeExpenses": 25230000,
        "otherExpenses": 0,
        "operatingExpenses": 25230000,
        "costAndExpenses": 59519000,
        "interestIncome": 0,
        "interestExpense": 14208000,
        "depreciationAndAmortization": 12871000,
        "ebitda": -8883000,
        "ebitdaratio": -0.2264742626,
        "operatingIncome": -20296000,
        "operatingIncomeRatio": -0.5174514953,
        "totalOtherIncomeExpensesNet": -15666000,
        "incomeBeforeTax": -35962000,
        "incomeBeforeTaxRatio": -0.9168600056,
        "incomeTaxExpense": 0,
        "netIncome": -35962000,
        "netIncomeRatio": -0.9168600056,
        "eps": -0.24,
        "epsdiluted": -0.24,
        "weightedAverageShsOut": 150934000,
        "weightedAverageShsOutDil": 150934000,
        "link": "https://www.sec.gov/Archives/edgar/data/1403853/000140385317000015/0001403853-17-000015-index.htm",
        "finalLink": "https://www.sec.gov/Archives/edgar/data/1403853/000140385317000009/nesc_20161231x10-k.htm"
    },
    {
        "date": "2016-12-31",
        "symbol": "NES",
        "reportedCurrency": "USD",
        "cik": "0001403853",
        "fillingDate": "2017-04-14",
        "acceptedDate": "2017-04-14 15:35:48",
        "calendarYear": "2016",
        "period": "Q4",
        "revenue": 35782000,
        "costOfRevenue": 28602000,
        "grossProfit": 7180000,
        "grossProfitRatio": 0.2006595495,
        "researchAndDevelopmentExpenses": 0,
        "generalAndAdministrativeExpenses": 9034000,
        "sellingAndMarketingExpenses": 14693000,
        "sellingGeneralAndAdministrativeExpenses": 23727000,
        "otherExpenses": 0,
        "operatingExpenses": 23727000,
        "costAndExpenses": 52329000,
        "interestIncome": 0,
        "interestExpense": 13856000,
        "depreciationAndAmortization": 14693000,
        "ebitda": -32812000,
        "ebitdaratio": -0.916997373,
        "operatingIncome": -48259000,
        "operatingIncomeRatio": -1.3486948745,
        "totalOtherIncomeExpensesNet": -13102000,
        "incomeBeforeTax": -61361000,
        "incomeBeforeTaxRatio": -1.7148566318,
        "incomeTaxExpense": -45000,
        "netIncome": -61316000,
        "netIncomeRatio": -1.7135990163,
        "eps": -0.45,
        "epsdiluted": -0.45,
        "weightedAverageShsOut": 137702000,
        "weightedAverageShsOutDil": 137702000,
        "link": "https://www.sec.gov/Archives/edgar/data/1403853/000140385317000009/0001403853-17-000009-index.htm",
        "finalLink": "https://www.sec.gov/Archives/edgar/data/1403853/000140385317000009/nesc_20161231x10-k.htm"
    },
    {
        "date": "2016-09-30",
        "symbol": "NES",
        "reportedCurrency": "USD",
        "cik": "0001403853",
        "fillingDate": "2016-11-07",
        "acceptedDate": "2016-11-07 17:08:26",
        "calendarYear": "2016",
        "period": "Q3",
        "revenue": 35441000,
        "costOfRevenue": 32122000,
        "grossProfit": 3319000,
        "grossProfitRatio": 0.0936485991,
        "researchAndDevelopmentExpenses": 0,
        "generalAndAdministrativeExpenses": 6323000,
        "sellingAndMarketingExpenses": 15019000,
        "sellingGeneralAndAdministrativeExpenses": 21342000,
        "otherExpenses": 0,
        "operatingExpenses": 21342000,
        "costAndExpenses": 53464000,
        "interestIncome": 0,
        "interestExpense": 14656000,
        "depreciationAndAmortization": 15019000,
        "ebitda": -8697000,
        "ebitdaratio": -0.245393753,
        "operatingIncome": -25811000,
        "operatingIncomeRatio": -0.7282808047,
        "totalOtherIncomeExpensesNet": -12561000,
        "incomeBeforeTax": -38372000,
        "incomeBeforeTaxRatio": -1.0827008267,
        "incomeTaxExpense": 24000,
        "netIncome": -38396000,
        "netIncomeRatio": -1.0833780085,
        "eps": -0.3,
        "epsdiluted": -0.3,
        "weightedAverageShsOut": 129669000,
        "weightedAverageShsOutDil": 129669000,
        "link": "https://www.sec.gov/Archives/edgar/data/1403853/000140385316000079/0001403853-16-000079-index.htm",
        "finalLink": "https://www.sec.gov/Archives/edgar/data/1403853/000140385316000079/nesc_20160930x10-q.htm"
    },
    {
        "date": "2016-06-30",
        "symbol": "NES",
        "reportedCurrency": "USD",
        "cik": "0001403853",
        "fillingDate": "2016-08-08",
        "acceptedDate": "2016-08-08 07:09:53",
        "calendarYear": "2016",
        "period": "Q2",
        "revenue": 33978000,
        "costOfRevenue": 30283000,
        "grossProfit": 3695000,
        "grossProfitRatio": 0.1087468362,
        "researchAndDevelopmentExpenses": 0,
        "generalAndAdministrativeExpenses": 14204000,
        "sellingAndMarketingExpenses": 15206000,
        "sellingGeneralAndAdministrativeExpenses": 29410000,
        "otherExpenses": 0,
        "operatingExpenses": 29410000,
        "costAndExpenses": 59693000,
        "interestIncome": 0,
        "interestExpense": 13973000,
        "depreciationAndAmortization": 15206000,
        "ebitda": -11976000,
        "ebitdaratio": -0.3524633586,
        "operatingIncome": -28379000,
        "operatingIncomeRatio": -0.8352169051,
        "totalOtherIncomeExpensesNet": -11486000,
        "incomeBeforeTax": -39865000,
        "incomeBeforeTaxRatio": -1.1732591677,
        "incomeTaxExpense": 773000,
        "netIncome": -41928000,
        "netIncomeRatio": -1.233974925,
        "eps": -0.62,
        "epsdiluted": -0.62,
        "weightedAverageShsOut": 67699000,
        "weightedAverageShsOutDil": 67699000,
        "link": "https://www.sec.gov/Archives/edgar/data/1403853/000140385316000067/0001403853-16-000067-index.htm",
        "finalLink": "https://www.sec.gov/Archives/edgar/data/1403853/000140385316000067/nesc_20160630x10-q.htm"
    },
    {
        "date": "2016-03-31",
        "symbol": "NES",
        "reportedCurrency": "USD",
        "cik": "0001403853",
        "fillingDate": "2016-05-09",
        "acceptedDate": "2016-05-09 07:16:31",
        "calendarYear": "2016",
        "period": "Q1",
        "revenue": 46975000,
        "costOfRevenue": 38617000,
        "grossProfit": 8358000,
        "grossProfitRatio": 0.1779244279,
        "researchAndDevelopmentExpenses": 0,
        "generalAndAdministrativeExpenses": 7452000,
        "sellingAndMarketingExpenses": 15845000,
        "sellingGeneralAndAdministrativeExpenses": 23297000,
        "otherExpenses": 0,
        "operatingExpenses": 23297000,
        "costAndExpenses": 61914000,
        "interestIncome": 0,
        "interestExpense": 12045000,
        "depreciationAndAmortization": 15845000,
        "ebitda": 729000,
        "ebitdaratio": 0.015518893,
        "operatingIncome": -14939000,
        "operatingIncomeRatio": -0.3180202235,
        "totalOtherIncomeExpensesNet": -12277000,
        "incomeBeforeTax": -27216000,
        "incomeBeforeTaxRatio": -0.5793720064,
        "incomeTaxExpense": 55000,
        "netIncome": -27216000,
        "netIncomeRatio": -0.5793720064,
        "eps": -0.98,
        "epsdiluted": -0.98,
        "weightedAverageShsOut": 27907000,
        "weightedAverageShsOutDil": 27907000,
        "link": "https://www.sec.gov/Archives/edgar/data/1403853/000140385316000058/0001403853-16-000058-index.htm",
        "finalLink": "https://www.sec.gov/Archives/edgar/data/1403853/000140385316000049/nes_20151231x10-k.htm"
    },
    {
        "date": "2015-12-31",
        "symbol": "NES",
        "reportedCurrency": "USD",
        "cik": "0001403853",
        "fillingDate": "2016-03-14",
        "acceptedDate": "2016-03-11 18:07:38",
        "calendarYear": "2015",
        "period": "Q4",
        "revenue": 68632000,
        "costOfRevenue": 57826000,
        "grossProfit": 10806000,
        "grossProfitRatio": 0.1574484206,
        "researchAndDevelopmentExpenses": 0,
        "generalAndAdministrativeExpenses": 8225000,
        "sellingAndMarketingExpenses": 18046000,
        "sellingGeneralAndAdministrativeExpenses": 26271000,
        "otherExpenses": 0,
        "operatingExpenses": 26271000,
        "costAndExpenses": 84097000,
        "interestIncome": 0,
        "interestExpense": 12057000,
        "depreciationAndAmortization": 18046000,
        "ebitda": -3855000,
        "ebitdaratio": -0.0561691339,
        "operatingIncome": -21449000,
        "operatingIncomeRatio": -0.3125218557,
        "totalOtherIncomeExpensesNet": -13040000,
        "incomeBeforeTax": -34489000,
        "incomeBeforeTaxRatio": -0.5025206901,
        "incomeTaxExpense": -77000,
        "netIncome": -33881000,
        "netIncomeRatio": -0.4936618487,
        "eps": -1.21,
        "epsdiluted": -1.21,
        "weightedAverageShsOut": 27907000,
        "weightedAverageShsOutDil": 27907000,
        "link": "https://www.sec.gov/Archives/edgar/data/1403853/000140385316000049/0001403853-16-000049-index.htm",
        "finalLink": "https://www.sec.gov/Archives/edgar/data/1403853/000140385316000049/nes_20151231x10-k.htm"
    },
    {
        "date": "2015-09-30",
        "symbol": "NES",
        "reportedCurrency": "USD",
        "cik": "0001403853",
        "fillingDate": "2015-11-05",
        "acceptedDate": "2015-11-05 07:19:53",
        "calendarYear": "2015",
        "period": "Q3",
        "revenue": 76528000,
        "costOfRevenue": 62482000,
        "grossProfit": 14046000,
        "grossProfitRatio": 0.1835406649,
        "researchAndDevelopmentExpenses": 0,
        "generalAndAdministrativeExpenses": 8705000,
        "sellingAndMarketingExpenses": 16687000,
        "sellingGeneralAndAdministrativeExpenses": 25392000,
        "otherExpenses": 0,
        "operatingExpenses": 25392000,
        "costAndExpenses": 87874000,
        "interestIncome": 0,
        "interestExpense": 12097000,
        "depreciationAndAmortization": 16687000,
        "ebitda": -99010000,
        "ebitdaratio": -1.2937748275,
        "operatingIncome": -116069000,
        "operatingIncomeRatio": -1.5166867029,
        "totalOtherIncomeExpensesNet": -12075000,
        "incomeBeforeTax": -128144000,
        "incomeBeforeTaxRatio": -1.6744720886,
        "incomeTaxExpense": -31000,
        "netIncome": -127763000,
        "netIncomeRatio": -1.6694935187,
        "eps": -4.59,
        "epsdiluted": -4.59,
        "weightedAverageShsOut": 27807000,
        "weightedAverageShsOutDil": 27807000,
        "link": "https://www.sec.gov/Archives/edgar/data/1403853/000140385315000042/0001403853-15-000042-index.htm",
        "finalLink": "https://www.sec.gov/Archives/edgar/data/1403853/000140385315000042/nes_20150930x10-q.htm"
    },
    {
        "date": "2015-06-30",
        "symbol": "NES",
        "reportedCurrency": "USD",
        "cik": "0001403853",
        "fillingDate": "2015-08-10",
        "acceptedDate": "2015-08-10 07:06:20",
        "calendarYear": "2015",
        "period": "Q2",
        "revenue": 92427000,
        "costOfRevenue": 71574000,
        "grossProfit": 20853000,
        "grossProfitRatio": 0.2256158915,
        "researchAndDevelopmentExpenses": 0,
        "generalAndAdministrativeExpenses": 9697000,
        "sellingAndMarketingExpenses": 18296000,
        "sellingGeneralAndAdministrativeExpenses": 27993000,
        "otherExpenses": 0,
        "operatingExpenses": 27993000,
        "costAndExpenses": 99567000,
        "interestIncome": 0,
        "interestExpense": 12452000,
        "depreciationAndAmortization": 18296000,
        "ebitda": 8027000,
        "ebitdaratio": 0.086846917,
        "operatingIncome": -7569000,
        "operatingIncomeRatio": -0.081891655,
        "totalOtherIncomeExpensesNet": -13063000,
        "incomeBeforeTax": -20632000,
        "incomeBeforeTaxRatio": -0.2232248153,
        "incomeTaxExpense": 15000,
        "netIncome": -22736000,
        "netIncomeRatio": -0.2459887262,
        "eps": -0.82,
        "epsdiluted": -0.82,
        "weightedAverageShsOut": 27679000,
        "weightedAverageShsOutDil": 27679000,
        "link": "https://www.sec.gov/Archives/edgar/data/1403853/000140385315000033/0001403853-15-000033-index.htm",
        "finalLink": "https://www.sec.gov/Archives/edgar/data/1403853/000140385315000033/nes_20150630x10-q.htm"
    },
    {
        "date": "2015-03-31",
        "symbol": "NES",
        "reportedCurrency": "USD",
        "cik": "0001403853",
        "fillingDate": "2015-05-11",
        "acceptedDate": "2015-05-11 07:20:29",
        "calendarYear": "2015",
        "period": "Q1",
        "revenue": 119112000,
        "costOfRevenue": 87999000,
        "grossProfit": 31113000,
        "grossProfitRatio": 0.2612079387,
        "researchAndDevelopmentExpenses": 0,
        "generalAndAdministrativeExpenses": 12700000,
        "sellingAndMarketingExpenses": 17482000,
        "sellingGeneralAndAdministrativeExpenses": 30182000,
        "otherExpenses": 0,
        "operatingExpenses": 30182000,
        "costAndExpenses": 118181000,
        "interestIncome": 0,
        "interestExpense": 12588000,
        "depreciationAndAmortization": 17482000,
        "ebitda": 18972000,
        "ebitdaratio": 0.1592786621,
        "operatingIncome": 248000,
        "operatingIncomeRatio": 0.002082074,
        "totalOtherIncomeExpensesNet": -12267000,
        "incomeBeforeTax": -12019000,
        "incomeBeforeTaxRatio": -0.1009050306,
        "incomeTaxExpense": -24000,
        "netIncome": -11074000,
        "netIncomeRatio": -0.0929713211,
        "eps": -0.4,
        "epsdiluted": -0.4,
        "weightedAverageShsOut": 27412000,
        "weightedAverageShsOutDil": 27412000,
        "link": "https://www.sec.gov/Archives/edgar/data/1403853/000140385315000023/0001403853-15-000023-index.htm",
        "finalLink": "https://www.sec.gov/Archives/edgar/data/1403853/000140385315000008/nes_20141231x10-k.htm"
    },
    {
        "date": "2014-12-31",
        "symbol": "NES",
        "reportedCurrency": "USD",
        "cik": "0001403853",
        "fillingDate": "2015-03-16",
        "acceptedDate": "2015-03-16 16:12:01",
        "calendarYear": "2014",
        "period": "Q4",
        "revenue": 141763000,
        "costOfRevenue": 101393000,
        "grossProfit": 40370000,
        "grossProfitRatio": 0.2847710616,
        "researchAndDevelopmentExpenses": 0,
        "generalAndAdministrativeExpenses": 12527000,
        "sellingAndMarketingExpenses": 22014000,
        "sellingGeneralAndAdministrativeExpenses": 34541000,
        "otherExpenses": 0,
        "operatingExpenses": 34541000,
        "costAndExpenses": 135934000,
        "interestIncome": 0,
        "interestExpense": 12942000,
        "depreciationAndAmortization": 22014000,
        "ebitda": -300888000,
        "ebitdaratio": -2.1224720131,
        "operatingIncome": -309866000,
        "operatingIncomeRatio": -2.1858030657,
        "totalOtherIncomeExpensesNet": -11208000,
        "incomeBeforeTax": -321074000,
        "incomeBeforeTaxRatio": -2.264864598,
        "incomeTaxExpense": 50000,
        "netIncome": -335894000,
        "netIncomeRatio": -2.369405275,
        "eps": -12.38,
        "epsdiluted": -12.38,
        "weightedAverageShsOut": 27122000,
        "weightedAverageShsOutDil": 27122000,
        "link": "https://www.sec.gov/Archives/edgar/data/1403853/000140385315000008/0001403853-15-000008-index.htm",
        "finalLink": "https://www.sec.gov/Archives/edgar/data/1403853/000140385315000008/nes_20141231x10-k.htm"
    },
    {
        "date": "2014-09-30",
        "symbol": "NES",
        "reportedCurrency": "USD",
        "cik": "0001403853",
        "fillingDate": "2014-11-10",
        "acceptedDate": "2014-11-10 16:04:19",
        "calendarYear": "2014",
        "period": "Q3",
        "revenue": 139643000,
        "costOfRevenue": 97037000,
        "grossProfit": 42606000,
        "grossProfitRatio": 0.3051065932,
        "researchAndDevelopmentExpenses": 0,
        "generalAndAdministrativeExpenses": 11102000,
        "sellingAndMarketingExpenses": 21585000,
        "sellingGeneralAndAdministrativeExpenses": 32687000,
        "otherExpenses": 0,
        "operatingExpenses": 32687000,
        "costAndExpenses": 129724000,
        "interestIncome": 0,
        "interestExpense": 12956000,
        "depreciationAndAmortization": 21585000,
        "ebitda": -114459000,
        "ebitdaratio": -0.8196544044,
        "operatingIncome": -90797000,
        "operatingIncomeRatio": -0.6502080305,
        "totalOtherIncomeExpensesNet": -12635000,
        "incomeBeforeTax": -103432000,
        "incomeBeforeTaxRatio": -0.7406887563,
        "incomeTaxExpense": -4014000,
        "netIncome": -144986000,
        "netIncomeRatio": -1.0382618534,
        "eps": -5.44,
        "epsdiluted": -5.44,
        "weightedAverageShsOut": 26665000,
        "weightedAverageShsOutDil": 26665000,
        "link": "https://www.sec.gov/Archives/edgar/data/1403853/000144530514005004/0001445305-14-005004-index.htm",
        "finalLink": "https://www.sec.gov/Archives/edgar/data/1403853/000144530514005004/nes_20140930x10-q.htm"
    },
    {
        "date": "2014-06-30",
        "symbol": "NES",
        "reportedCurrency": "USD",
        "cik": "0001403853",
        "fillingDate": "2014-08-07",
        "acceptedDate": "2014-08-07 16:21:33",
        "calendarYear": "2014",
        "period": "Q2",
        "revenue": 126862000,
        "costOfRevenue": 92757000,
        "grossProfit": 34105000,
        "grossProfitRatio": 0.2688354275,
        "researchAndDevelopmentExpenses": 0,
        "generalAndAdministrativeExpenses": 24655000,
        "sellingAndMarketingExpenses": 21370000,
        "sellingGeneralAndAdministrativeExpenses": 46025000,
        "otherExpenses": 0,
        "operatingExpenses": 46025000,
        "costAndExpenses": 138782000,
        "interestIncome": 0,
        "interestExpense": 12969000,
        "depreciationAndAmortization": 21370000,
        "ebitda": 11375000,
        "ebitdaratio": 0.0896643597,
        "operatingIncome": -11920000,
        "operatingIncomeRatio": -0.0939603664,
        "totalOtherIncomeExpensesNet": -12497000,
        "incomeBeforeTax": -24417000,
        "incomeBeforeTaxRatio": -0.192468982,
        "incomeTaxExpense": 305000,
        "netIncome": -23269000,
        "netIncomeRatio": -0.183419779,
        "eps": -0.91,
        "epsdiluted": -0.91,
        "weightedAverageShsOut": 25524000,
        "weightedAverageShsOutDil": 25524000,
        "link": "https://www.sec.gov/Archives/edgar/data/1403853/000119312514300749/0001193125-14-300749-index.htm",
        "finalLink": "https://www.sec.gov/Archives/edgar/data/1403853/000119312514300749/d745734d10q.htm"
    },
    {
        "date": "2014-03-31",
        "symbol": "NES",
        "reportedCurrency": "USD",
        "cik": "0001403853",
        "fillingDate": "2014-05-08",
        "acceptedDate": "2014-05-08 16:12:07",
        "calendarYear": "2014",
        "period": "Q1",
        "revenue": 128014000,
        "costOfRevenue": 93626000,
        "grossProfit": 34388000,
        "grossProfitRatio": 0.2686268689,
        "researchAndDevelopmentExpenses": 0,
        "generalAndAdministrativeExpenses": 18548000,
        "sellingAndMarketingExpenses": 20911000,
        "sellingGeneralAndAdministrativeExpenses": 39459000,
        "otherExpenses": 0,
        "operatingExpenses": 39459000,
        "costAndExpenses": 133085000,
        "interestIncome": 0,
        "interestExpense": 12050000,
        "depreciationAndAmortization": 20911000,
        "ebitda": 12702000,
        "ebitdaratio": 0.0992235224,
        "operatingIncome": -5071000,
        "operatingIncomeRatio": -0.0396128548,
        "totalOtherIncomeExpensesNet": -15647000,
        "incomeBeforeTax": -20718000,
        "incomeBeforeTaxRatio": -0.1618416736,
        "incomeTaxExpense": -8804000,
        "netIncome": -11455000,
        "netIncomeRatio": -0.0894824004,
        "eps": -0.46,
        "epsdiluted": -0.46,
        "weightedAverageShsOut": 25020000,
        "weightedAverageShsOutDil": 25020000,
        "link": "https://www.sec.gov/Archives/edgar/data/1403853/000119312514189979/0001193125-14-189979-index.htm",
        "finalLink": "https://www.sec.gov/Archives/edgar/data/1403853/000119312514091613/d667828d10k.htm"
    },
    {
        "date": "2013-12-31",
        "symbol": "NES",
        "reportedCurrency": "USD",
        "cik": "0001403853",
        "fillingDate": "2014-03-10",
        "acceptedDate": "2014-03-10 16:29:08",
        "calendarYear": "2013",
        "period": "Q4",
        "revenue": 38221000,
        "costOfRevenue": 33096000,
        "grossProfit": 5125000,
        "grossProfitRatio": 0.13408859,
        "researchAndDevelopmentExpenses": 0,
        "generalAndAdministrativeExpenses": 14398000,
        "sellingAndMarketingExpenses": -3107000,
        "sellingGeneralAndAdministrativeExpenses": 11291000,
        "otherExpenses": 0,
        "operatingExpenses": 11291000,
        "costAndExpenses": 44387000,
        "interestIncome": 0,
        "interestExpense": 13559000,
        "depreciationAndAmortization": 9380000,
        "ebitda": 5690000,
        "ebitdaratio": 0.1488710395,
        "operatingIncome": 92888000,
        "operatingIncomeRatio": 2.430287015,
        "totalOtherIncomeExpensesNet": -11886000,
        "incomeBeforeTax": 81002000,
        "incomeBeforeTaxRatio": 2.1193061406,
        "incomeTaxExpense": -4177000,
        "netIncome": -13072000,
        "netIncomeRatio": -0.3420109364,
        "eps": -0.52,
        "epsdiluted": -0.52,
        "weightedAverageShsOut": 25020000,
        "weightedAverageShsOutDil": 25020000,
        "link": "https://www.sec.gov/Archives/edgar/data/1403853/000119312514091613/0001193125-14-091613-index.htm",
        "finalLink": "https://www.sec.gov/Archives/edgar/data/1403853/000119312514091613/d667828d10k.htm"
    },
    {
        "date": "2013-09-30",
        "symbol": "NES",
        "reportedCurrency": "USD",
        "cik": "0001403853",
        "fillingDate": "2013-11-12",
        "acceptedDate": "2013-11-12 16:05:39",
        "calendarYear": "2013",
        "period": "Q3",
        "revenue": 162606000,
        "costOfRevenue": 143342000,
        "grossProfit": 19264000,
        "grossProfitRatio": 0.1184704131,
        "researchAndDevelopmentExpenses": 0,
        "generalAndAdministrativeExpenses": 37497000,
        "sellingAndMarketingExpenses": 5874000,
        "sellingGeneralAndAdministrativeExpenses": 43371000,
        "otherExpenses": 0,
        "operatingExpenses": 43371000,
        "costAndExpenses": 186713000,
        "interestIncome": 0,
        "interestExpense": 13473000,
        "depreciationAndAmortization": 27138000,
        "ebitda": -208042000,
        "ebitdaratio": -1.2794238835,
        "operatingIncome": -231008000,
        "operatingIncomeRatio": -1.4206609842,
        "totalOtherIncomeExpensesNet": -17645000,
        "incomeBeforeTax": -248653000,
        "incomeBeforeTaxRatio": -1.5291748152,
        "incomeTaxExpense": -54915000,
        "netIncome": -193738000,
        "netIncomeRatio": -1.1914566498,
        "eps": -7.8,
        "epsdiluted": -7.8,
        "weightedAverageShsOut": 24854000,
        "weightedAverageShsOutDil": 24854000,
        "link": "https://www.sec.gov/Archives/edgar/data/1403853/000119312513438227/0001193125-13-438227-index.htm",
        "finalLink": "https://www.sec.gov/Archives/edgar/data/1403853/000119312513438227/d595709d10q.htm"
    },
    {
        "date": "2013-06-30",
        "symbol": "NES",
        "reportedCurrency": "USD",
        "cik": "0001403853",
        "fillingDate": "2013-08-08",
        "acceptedDate": "2013-08-08 16:26:41",
        "calendarYear": "2013",
        "period": "Q2",
        "revenue": 165534000,
        "costOfRevenue": 141827000,
        "grossProfit": 23707000,
        "grossProfitRatio": 0.1432152911,
        "researchAndDevelopmentExpenses": 0,
        "generalAndAdministrativeExpenses": 17515000,
        "sellingAndMarketingExpenses": 8932000,
        "sellingGeneralAndAdministrativeExpenses": 26447000,
        "otherExpenses": 0,
        "operatingExpenses": 26447000,
        "costAndExpenses": 168274000,
        "interestIncome": 0,
        "interestExpense": 13256000,
        "depreciationAndAmortization": 31271000,
        "ebitda": 23340000,
        "ebitdaratio": 0.1409982239,
        "operatingIncome": -7692000,
        "operatingIncomeRatio": -0.0464677951,
        "totalOtherIncomeExpensesNet": -13495000,
        "incomeBeforeTax": -21187000,
        "incomeBeforeTaxRatio": -0.1279918325,
        "incomeTaxExpense": -8338000,
        "netIncome": -12849000,
        "netIncomeRatio": -0.0776215158,
        "eps": -0.53,
        "epsdiluted": -0.53,
        "weightedAverageShsOut": 24241000,
        "weightedAverageShsOutDil": 24241000,
        "link": "https://www.sec.gov/Archives/edgar/data/1403853/000119312513326941/0001193125-13-326941-index.htm",
        "finalLink": "https://www.sec.gov/Archives/edgar/data/1403853/000119312513326941/d549570d10q.htm"
    },
    {
        "date": "2013-03-31",
        "symbol": "NES",
        "reportedCurrency": "USD",
        "cik": "0001403853",
        "fillingDate": "2013-05-08",
        "acceptedDate": "2013-05-08 16:29:10",
        "calendarYear": "2013",
        "period": "Q1",
        "revenue": 159455000,
        "costOfRevenue": 137902000,
        "grossProfit": 21553000,
        "grossProfitRatio": 0.1351666614,
        "researchAndDevelopmentExpenses": 0,
        "generalAndAdministrativeExpenses": 16675000,
        "sellingAndMarketingExpenses": 8725000,
        "sellingGeneralAndAdministrativeExpenses": 25400000,
        "otherExpenses": 0,
        "operatingExpenses": 25400000,
        "costAndExpenses": 163302000,
        "interestIncome": 0,
        "interestExpense": 13415000,
        "depreciationAndAmortization": 31447000,
        "ebitda": 26565000,
        "ebitdaratio": 0.1665987269,
        "operatingIncome": -3847000,
        "operatingIncomeRatio": -0.0241259289,
        "totalOtherIncomeExpensesNet": -14450000,
        "incomeBeforeTax": -18297000,
        "incomeBeforeTaxRatio": -0.1147471073,
        "incomeTaxExpense": -5665000,
        "netIncome": -12632000,
        "netIncomeRatio": -0.0792198426,
        "eps": -0.53,
        "epsdiluted": -0.53,
        "weightedAverageShsOut": 23841000,
        "weightedAverageShsOutDil": 23841000,
        "link": "https://www.sec.gov/Archives/edgar/data/1403853/000119312513207591/0001193125-13-207591-index.htm",
        "finalLink": "https://www.sec.gov/Archives/edgar/data/1403853/000119312513112294/d456002d10k.htm"
    },
    {
        "date": "2012-12-31",
        "symbol": "NES",
        "reportedCurrency": "USD",
        "cik": "0001403853",
        "fillingDate": "2013-03-18",
        "acceptedDate": "2013-03-18 15:19:07",
        "calendarYear": "2012",
        "period": "Q4",
        "revenue": 113205000,
        "costOfRevenue": 105340000,
        "grossProfit": 7865000,
        "grossProfitRatio": 0.0694757299,
        "researchAndDevelopmentExpenses": 0,
        "generalAndAdministrativeExpenses": 8988000,
        "sellingAndMarketingExpenses": 16583000,
        "sellingGeneralAndAdministrativeExpenses": 25571000,
        "otherExpenses": 0,
        "operatingExpenses": 25571000,
        "costAndExpenses": 130911000,
        "interestIncome": 0,
        "interestExpense": 10687000,
        "depreciationAndAmortization": 19483000,
        "ebitda": -4194000,
        "ebitdaratio": -0.0370478336,
        "operatingIncome": -23736000,
        "operatingIncomeRatio": -0.2096727176,
        "totalOtherIncomeExpensesNet": -10628000,
        "incomeBeforeTax": -34364000,
        "incomeBeforeTaxRatio": -0.3035554967,
        "incomeTaxExpense": -39356000,
        "netIncome": 4992000,
        "netIncomeRatio": 0.0440969922,
        "eps": 0.28,
        "epsdiluted": 0.25,
        "weightedAverageShsOut": 18125000,
        "weightedAverageShsOutDil": 19786000,
        "link": "https://www.sec.gov/Archives/edgar/data/1403853/000119312513112294/0001193125-13-112294-index.htm",
        "finalLink": "https://www.sec.gov/Archives/edgar/data/1403853/000119312513112294/d456002d10k.htm"
    },
    {
        "date": "2012-09-30",
        "symbol": "NES",
        "reportedCurrency": "USD",
        "cik": "0001403853",
        "fillingDate": "2012-11-09",
        "acceptedDate": "2012-11-09 16:22:21",
        "calendarYear": "2012",
        "period": "Q3",
        "revenue": 93050000,
        "costOfRevenue": 76633000,
        "grossProfit": 16417000,
        "grossProfitRatio": 0.1764320258,
        "researchAndDevelopmentExpenses": 0,
        "generalAndAdministrativeExpenses": 15873000,
        "sellingAndMarketingExpenses": 0,
        "sellingGeneralAndAdministrativeExpenses": 15873000,
        "otherExpenses": 0,
        "operatingExpenses": 15873000,
        "costAndExpenses": 92506000,
        "interestIncome": 0,
        "interestExpense": 6968000,
        "depreciationAndAmortization": 14948000,
        "ebitda": 13205000,
        "ebitdaratio": 0.14191295,
        "operatingIncome": 544000,
        "operatingIncomeRatio": 0.0058463192,
        "totalOtherIncomeExpensesNet": -9255000,
        "incomeBeforeTax": -8711000,
        "incomeBeforeTaxRatio": -0.0936163353,
        "incomeTaxExpense": 634000,
        "netIncome": -9345000,
        "netIncomeRatio": -0.1004298764,
        "eps": -0.0633,
        "epsdiluted": -0.0633,
        "weightedAverageShsOut": 147656000,
        "weightedAverageShsOutDil": 147656000,
        "link": "https://www.sec.gov/Archives/edgar/data/1403853/000119312512463367/0001193125-12-463367-index.htm",
        "finalLink": "https://www.sec.gov/Archives/edgar/data/1403853/000119312512463367/d409309d10q.htm"
    },
    {
        "date": "2012-06-30",
        "symbol": "NES",
        "reportedCurrency": "USD",
        "cik": "0001403853",
        "fillingDate": "2012-08-06",
        "acceptedDate": "2012-08-06 16:19:24",
        "calendarYear": "2012",
        "period": "Q2",
        "revenue": 90769000,
        "costOfRevenue": 75710000,
        "grossProfit": 15059000,
        "grossProfitRatio": 0.1659046591,
        "researchAndDevelopmentExpenses": 0,
        "generalAndAdministrativeExpenses": 14916000,
        "sellingAndMarketingExpenses": 0,
        "sellingGeneralAndAdministrativeExpenses": 14916000,
        "otherExpenses": 0,
        "operatingExpenses": 14916000,
        "costAndExpenses": 90626000,
        "interestIncome": 0,
        "interestExpense": 0,
        "depreciationAndAmortization": 14857000,
        "ebitda": 5297000,
        "ebitdaratio": 0.058356928,
        "operatingIncome": 143000,
        "operatingIncomeRatio": 0.0015754277,
        "totalOtherIncomeExpensesNet": -9703000,
        "incomeBeforeTax": -9560000,
        "incomeBeforeTaxRatio": -0.1053223017,
        "incomeTaxExpense": -20303000,
        "netIncome": 10743000,
        "netIncomeRatio": 0.1183553856,
        "eps": 0.0739,
        "epsdiluted": 0.071,
        "weightedAverageShsOut": 145360000,
        "weightedAverageShsOutDil": 151223000,
        "link": "https://www.sec.gov/Archives/edgar/data/1403853/000119312512337787/0001193125-12-337787-index.htm",
        "finalLink": "https://www.sec.gov/Archives/edgar/data/1403853/000119312512337787/d361983d10q.htm"
    },
    {
        "date": "2012-03-31",
        "symbol": "NES",
        "reportedCurrency": "USD",
        "cik": "0001403853",
        "fillingDate": "2012-05-03",
        "acceptedDate": "2012-05-03 16:13:08",
        "calendarYear": "2012",
        "period": "Q1",
        "revenue": 54959000,
        "costOfRevenue": 47973000,
        "grossProfit": 6986000,
        "grossProfitRatio": 0.1271129387,
        "researchAndDevelopmentExpenses": 0,
        "generalAndAdministrativeExpenses": 8254000,
        "sellingAndMarketingExpenses": 0,
        "sellingGeneralAndAdministrativeExpenses": 8254000,
        "otherExpenses": 0,
        "operatingExpenses": 8254000,
        "costAndExpenses": 56227000,
        "interestIncome": 0,
        "interestExpense": 0,
        "depreciationAndAmortization": 9247000,
        "ebitda": 5804000,
        "ebitdaratio": 0.1056059972,
        "operatingIncome": -1268000,
        "operatingIncomeRatio": -0.0230717444,
        "totalOtherIncomeExpensesNet": -2175000,
        "incomeBeforeTax": -3443000,
        "incomeBeforeTaxRatio": -0.0626467003,
        "incomeTaxExpense": 420000,
        "netIncome": -3863000,
        "netIncomeRatio": -0.0702887607,
        "eps": -0.0309,
        "epsdiluted": -0.0309,
        "weightedAverageShsOut": 125159000,
        "weightedAverageShsOutDil": 125159000,
        "link": "https://www.sec.gov/Archives/edgar/data/1403853/000119312512208489/0001193125-12-208489-index.htm",
        "finalLink": "https://www.sec.gov/Archives/edgar/data/1403853/000119312512103864/d266990d10k.htm"
    },
    {
        "date": "2011-12-31",
        "symbol": "NES",
        "reportedCurrency": "USD",
        "cik": "0001403853",
        "fillingDate": "2012-03-08",
        "acceptedDate": "2012-03-08 16:28:24",
        "calendarYear": "2011",
        "period": "Q4",
        "revenue": 51671000,
        "costOfRevenue": 44843000,
        "grossProfit": 6828000,
        "grossProfitRatio": 0.1321437557,
        "researchAndDevelopmentExpenses": 0,
        "generalAndAdministrativeExpenses": 15761000,
        "sellingAndMarketingExpenses": 0,
        "sellingGeneralAndAdministrativeExpenses": 15761000,
        "otherExpenses": 0,
        "operatingExpenses": 15761000,
        "costAndExpenses": 60604000,
        "interestIncome": 0,
        "interestExpense": 0,
        "depreciationAndAmortization": 8565000,
        "ebitda": 1315000,
        "ebitdaratio": 0.0254494784,
        "operatingIncome": -8933000,
        "operatingIncomeRatio": -0.1728822744,
        "totalOtherIncomeExpensesNet": 1683000,
        "incomeBeforeTax": -7250000,
        "incomeBeforeTaxRatio": -0.1403108126,
        "incomeTaxExpense": -4770000,
        "netIncome": -2480000,
        "netIncomeRatio": -0.0479959745,
        "eps": -0.0198,
        "epsdiluted": -0.0198,
        "weightedAverageShsOut": 125159000,
        "weightedAverageShsOutDil": 125159000,
        "link": "https://www.sec.gov/Archives/edgar/data/1403853/000119312512103864/0001193125-12-103864-index.htm",
        "finalLink": "https://www.sec.gov/Archives/edgar/data/1403853/000119312512103864/d266990d10k.htm"
    },
    {
        "date": "2011-09-30",
        "symbol": "NES",
        "reportedCurrency": "USD",
        "cik": "0001403853",
        "fillingDate": "2011-11-09",
        "acceptedDate": "2011-11-09 16:53:08",
        "calendarYear": "2011",
        "period": "Q3",
        "revenue": 47768000,
        "costOfRevenue": 35790000,
        "grossProfit": 11978000,
        "grossProfitRatio": 0.2507536426,
        "researchAndDevelopmentExpenses": 0,
        "generalAndAdministrativeExpenses": 9324000,
        "sellingAndMarketingExpenses": 0,
        "sellingGeneralAndAdministrativeExpenses": 9324000,
        "otherExpenses": 0,
        "operatingExpenses": 9324000,
        "costAndExpenses": 45114000,
        "interestIncome": 0,
        "interestExpense": 0,
        "depreciationAndAmortization": 6270000,
        "ebitda": -13688000,
        "ebitdaratio": -0.2865516664,
        "operatingIncome": 2654000,
        "operatingIncomeRatio": 0.0555602077,
        "totalOtherIncomeExpensesNet": 1056000,
        "incomeBeforeTax": 3710000,
        "incomeBeforeTaxRatio": 0.0776670574,
        "incomeTaxExpense": 1116000,
        "netIncome": -21074000,
        "netIncomeRatio": -0.4411740077,
        "eps": -0.18,
        "epsdiluted": -0.18,
        "weightedAverageShsOut": 114023000,
        "weightedAverageShsOutDil": 118401000,
        "link": "https://www.sec.gov/Archives/edgar/data/1403853/000119312511304713/0001193125-11-304713-index.htm",
        "finalLink": "https://www.sec.gov/Archives/edgar/data/1403853/000119312511304713/d232703d10q.htm"
    },
    {
        "date": "2011-06-30",
        "symbol": "NES",
        "reportedCurrency": "USD",
        "cik": "0001403853",
        "fillingDate": "2011-08-09",
        "acceptedDate": "2011-08-09 16:06:43",
        "calendarYear": "2011",
        "period": "Q2",
        "revenue": 46933000,
        "costOfRevenue": 35685000,
        "grossProfit": 11248000,
        "grossProfitRatio": 0.239660793,
        "researchAndDevelopmentExpenses": 0,
        "generalAndAdministrativeExpenses": 9441000,
        "sellingAndMarketingExpenses": 788000,
        "sellingGeneralAndAdministrativeExpenses": 10229000,
        "otherExpenses": 0,
        "operatingExpenses": 10229000,
        "costAndExpenses": 45914000,
        "interestIncome": 0,
        "interestExpense": 0,
        "depreciationAndAmortization": 6376000,
        "ebitda": 6636000,
        "ebitdaratio": 0.1413930497,
        "operatingIncome": 1019000,
        "operatingIncomeRatio": 0.0217118019,
        "totalOtherIncomeExpensesNet": -759000,
        "incomeBeforeTax": 260000,
        "incomeBeforeTaxRatio": 0.0055398121,
        "incomeTaxExpense": 77000,
        "netIncome": 183000,
        "netIncomeRatio": 0.0038991754,
        "eps": 0.0016,
        "epsdiluted": 0.0015,
        "weightedAverageShsOut": 113530000,
        "weightedAverageShsOutDil": 119912000,
        "link": "https://www.sec.gov/Archives/edgar/data/1403853/000119312511216470/0001193125-11-216470-index.htm",
        "finalLink": "https://www.sec.gov/Archives/edgar/data/1403853/000119312511216470/d10q.htm"
    },
    {
        "date": "2011-03-31",
        "symbol": "NES",
        "reportedCurrency": "USD",
        "cik": "0001403853",
        "fillingDate": "2011-05-10",
        "acceptedDate": "2011-05-10 16:05:44",
        "calendarYear": "2011",
        "period": "Q1",
        "revenue": 23760000,
        "costOfRevenue": 18680000,
        "grossProfit": 5080000,
        "grossProfitRatio": 0.2138047138,
        "researchAndDevelopmentExpenses": 0,
        "generalAndAdministrativeExpenses": 5840000,
        "sellingAndMarketingExpenses": 484000,
        "sellingGeneralAndAdministrativeExpenses": 6324000,
        "otherExpenses": 0,
        "operatingExpenses": 6324000,
        "costAndExpenses": 25004000,
        "interestIncome": 0,
        "interestExpense": 0,
        "depreciationAndAmortization": 4070000,
        "ebitda": 4568000,
        "ebitdaratio": 0.1922558923,
        "operatingIncome": -1244000,
        "operatingIncomeRatio": -0.0523569024,
        "totalOtherIncomeExpensesNet": 1697000,
        "incomeBeforeTax": 453000,
        "incomeBeforeTaxRatio": 0.0190656566,
        "incomeTaxExpense": 133000,
        "netIncome": 365000,
        "netIncomeRatio": 0.0153619529,
        "eps": 0.0034,
        "epsdiluted": 0.0031,
        "weightedAverageShsOut": 108541000,
        "weightedAverageShsOutDil": 117312000,
        "link": "https://www.sec.gov/Archives/edgar/data/1403853/000119312511134188/0001193125-11-134188-index.htm",
        "finalLink": "https://www.sec.gov/Archives/edgar/data/1403853/000119312511065801/d10k.htm"
    },
    {
        "date": "2010-12-31",
        "symbol": "NES",
        "reportedCurrency": "USD",
        "cik": "0001403853",
        "fillingDate": "2011-03-14",
        "acceptedDate": "2011-03-14 16:17:54",
        "calendarYear": "2010",
        "period": "Q4",
        "revenue": 14348000,
        "costOfRevenue": 10863000,
        "grossProfit": 3485000,
        "grossProfitRatio": 0.2428909953,
        "researchAndDevelopmentExpenses": 0,
        "generalAndAdministrativeExpenses": 18597000,
        "sellingAndMarketingExpenses": 645000,
        "sellingGeneralAndAdministrativeExpenses": 19242000,
        "otherExpenses": -13595000,
        "operatingExpenses": 5647000,
        "costAndExpenses": 16510000,
        "interestIncome": 0,
        "interestExpense": 0,
        "depreciationAndAmortization": 2398000,
        "ebitda": 6747000,
        "ebitdaratio": 0.4702397547,
        "operatingIncome": -2162000,
        "operatingIncomeRatio": -0.150683022,
        "totalOtherIncomeExpensesNet": 6468000,
        "incomeBeforeTax": 4306000,
        "incomeBeforeTaxRatio": 0.3001115138,
        "incomeTaxExpense": 203000,
        "netIncome": 4146000,
        "netIncomeRatio": 0.2889601338,
        "eps": 0.0382,
        "epsdiluted": 0.0382,
        "weightedAverageShsOut": 108541000,
        "weightedAverageShsOutDil": 108541000,
        "link": "https://www.sec.gov/Archives/edgar/data/1403853/000119312511065801/0001193125-11-065801-index.htm",
        "finalLink": "https://www.sec.gov/Archives/edgar/data/1403853/000119312511065801/d10k.htm"
    },
    {
        "date": "2010-09-30",
        "symbol": "NES",
        "reportedCurrency": "USD",
        "cik": "0001403853",
        "fillingDate": "2010-11-09",
        "acceptedDate": "2010-11-09 16:08:11",
        "calendarYear": "2010",
        "period": "Q3",
        "revenue": 11112000,
        "costOfRevenue": 8619000,
        "grossProfit": 2493000,
        "grossProfitRatio": 0.2243520518,
        "researchAndDevelopmentExpenses": 0,
        "generalAndAdministrativeExpenses": 3671000,
        "sellingAndMarketingExpenses": 910000,
        "sellingGeneralAndAdministrativeExpenses": 4581000,
        "otherExpenses": 590000,
        "operatingExpenses": 5171000,
        "costAndExpenses": 13790000,
        "interestIncome": 0,
        "interestExpense": 0,
        "depreciationAndAmortization": 1538000,
        "ebitda": -812000,
        "ebitdaratio": -0.0730741541,
        "operatingIncome": -2678000,
        "operatingIncomeRatio": -0.2410007199,
        "totalOtherIncomeExpensesNet": 347000,
        "incomeBeforeTax": -2331000,
        "incomeBeforeTaxRatio": -0.2097732181,
        "incomeTaxExpense": -540000,
        "netIncome": -1810000,
        "netIncomeRatio": -0.162886969,
        "eps": -0.0166,
        "epsdiluted": -0.0166,
        "weightedAverageShsOut": 108900000,
        "weightedAverageShsOutDil": 108900000,
        "link": "https://www.sec.gov/Archives/edgar/data/1403853/000119312510254121/0001193125-10-254121-index.htm",
        "finalLink": "https://www.sec.gov/Archives/edgar/data/1403853/000119312510254121/d10q.htm"
    },
    {
        "date": "2010-06-30",
        "symbol": "NES",
        "reportedCurrency": "USD",
        "cik": "0001403853",
        "fillingDate": "2010-08-09",
        "acceptedDate": "2010-08-09 16:03:52",
        "calendarYear": "2010",
        "period": "Q2",
        "revenue": 11626000,
        "costOfRevenue": 8647000,
        "grossProfit": 2979000,
        "grossProfitRatio": 0.2562360227,
        "researchAndDevelopmentExpenses": 0,
        "generalAndAdministrativeExpenses": 4717000,
        "sellingAndMarketingExpenses": 797000,
        "sellingGeneralAndAdministrativeExpenses": 5514000,
        "otherExpenses": 13005000,
        "operatingExpenses": 18519000,
        "costAndExpenses": 27166000,
        "interestIncome": 0,
        "interestExpense": 0,
        "depreciationAndAmortization": 1582000,
        "ebitda": -17799000,
        "ebitdaratio": -1.5309650783,
        "operatingIncome": -15540000,
        "operatingIncomeRatio": -1.3366592121,
        "totalOtherIncomeExpensesNet": -3780000,
        "incomeBeforeTax": -19320000,
        "incomeBeforeTaxRatio": -1.661792534,
        "incomeTaxExpense": -2580000,
        "netIncome": -16801000,
        "netIncomeRatio": -1.4451230002,
        "eps": -0.15,
        "epsdiluted": -0.15,
        "weightedAverageShsOut": 108874000,
        "weightedAverageShsOutDil": 108874000,
        "link": "https://www.sec.gov/Archives/edgar/data/1403853/000119312510183311/0001193125-10-183311-index.htm",
        "finalLink": "https://www.sec.gov/Archives/edgar/data/1403853/000119312510183311/d10q.htm"
    },
    {
        "date": "2010-03-31",
        "symbol": "NES",
        "reportedCurrency": "USD",
        "cik": "0001403853",
        "fillingDate": "2010-05-06",
        "acceptedDate": "2010-05-06 16:13:26",
        "calendarYear": "2010",
        "period": "Q1",
        "revenue": 8605000,
        "costOfRevenue": 6822000,
        "grossProfit": 1783000,
        "grossProfitRatio": 0.2072051133,
        "researchAndDevelopmentExpenses": 0,
        "generalAndAdministrativeExpenses": 2806000,
        "sellingAndMarketingExpenses": 509000,
        "sellingGeneralAndAdministrativeExpenses": 3315000,
        "otherExpenses": 0,
        "operatingExpenses": 3315000,
        "costAndExpenses": 10137000,
        "interestIncome": 0,
        "interestExpense": 0,
        "depreciationAndAmortization": 1262000,
        "ebitda": 892000,
        "ebitdaratio": 0.1036606624,
        "operatingIncome": -1532000,
        "operatingIncomeRatio": -0.1780360256,
        "totalOtherIncomeExpensesNet": 1125000,
        "incomeBeforeTax": -407000,
        "incomeBeforeTaxRatio": -0.0472980825,
        "incomeTaxExpense": -142000,
        "netIncome": -228000,
        "netIncomeRatio": -0.0264962231,
        "eps": -0.0021,
        "epsdiluted": -0.0021,
        "weightedAverageShsOut": 108751000,
        "weightedAverageShsOutDil": 108751000,
        "link": "https://www.sec.gov/Archives/edgar/data/1403853/000119312510110887/0001193125-10-110887-index.htm",
        "finalLink": "https://www.sec.gov/Archives/edgar/data/1403853/000119312510053875/d10k.htm"
    },
    {
        "date": "2009-12-31",
        "symbol": "NES",
        "reportedCurrency": "USD",
        "cik": "0001403853",
        "fillingDate": "2010-03-11",
        "acceptedDate": "2010-03-11 16:08:29",
        "calendarYear": "2009",
        "period": "Q4",
        "revenue": 8660000,
        "costOfRevenue": 6319000,
        "grossProfit": 2341000,
        "grossProfitRatio": 0.2703233256,
        "researchAndDevelopmentExpenses": 0,
        "generalAndAdministrativeExpenses": 3610000,
        "sellingAndMarketingExpenses": 923000,
        "sellingGeneralAndAdministrativeExpenses": 4533000,
        "otherExpenses": 0,
        "operatingExpenses": 4533000,
        "costAndExpenses": 10852000,
        "interestIncome": 0,
        "interestExpense": 0,
        "depreciationAndAmortization": 1310000,
        "ebitda": 5048000,
        "ebitdaratio": 0.5829099307,
        "operatingIncome": 2258000,
        "operatingIncomeRatio": 0.26073903,
        "totalOtherIncomeExpensesNet": 1121000,
        "incomeBeforeTax": 3379000,
        "incomeBeforeTaxRatio": 0.3901847575,
        "incomeTaxExpense": -898000,
        "netIncome": 4636000,
        "netIncomeRatio": 0.535334873,
        "eps": 0.0426,
        "epsdiluted": 0.0426,
        "weightedAverageShsOut": 108751000,
        "weightedAverageShsOutDil": 108751000,
        "link": "https://www.sec.gov/Archives/edgar/data/1403853/000119312510053875/0001193125-10-053875-index.htm",
        "finalLink": "https://www.sec.gov/Archives/edgar/data/1403853/000119312510053875/d10k.htm"
    },
    {
        "date": "2009-09-30",
        "symbol": "NES",
        "reportedCurrency": "USD",
        "cik": "0001403853",
        "fillingDate": "2009-11-09",
        "acceptedDate": "2009-11-09 16:30:04",
        "calendarYear": "2009",
        "period": "Q3",
        "revenue": 11235000,
        "costOfRevenue": 8988000,
        "grossProfit": 2247000,
        "grossProfitRatio": 0.2,
        "researchAndDevelopmentExpenses": 0,
        "generalAndAdministrativeExpenses": 26753000,
        "sellingAndMarketingExpenses": 791000,
        "sellingGeneralAndAdministrativeExpenses": 27544000,
        "otherExpenses": 0,
        "operatingExpenses": 27544000,
        "costAndExpenses": 36532000,
        "interestIncome": 0,
        "interestExpense": 0,
        "depreciationAndAmortization": 1019000,
        "ebitda": -209064000,
        "ebitdaratio": -18.6082777036,
        "operatingIncome": -210073000,
        "operatingIncomeRatio": -18.6980863373,
        "totalOtherIncomeExpensesNet": 51000,
        "incomeBeforeTax": -210022000,
        "incomeBeforeTaxRatio": -18.6935469515,
        "incomeTaxExpense": 476000,
        "netIncome": -210559000,
        "netIncomeRatio": -18.7413440142,
        "eps": -1.93,
        "epsdiluted": -1.93,
        "weightedAverageShsOut": 109276000,
        "weightedAverageShsOutDil": 109276000,
        "link": "https://www.sec.gov/Archives/edgar/data/1403853/000119312509229451/0001193125-09-229451-index.htm",
        "finalLink": "https://www.sec.gov/Archives/edgar/data/1403853/000119312509229451/d10q.htm"
    },
    {
        "date": "2009-06-30",
        "symbol": "NES",
        "reportedCurrency": "USD",
        "cik": "0001403853",
        "fillingDate": "2009-08-10",
        "acceptedDate": "2009-08-10 15:56:52",
        "calendarYear": "2009",
        "period": "Q2",
        "revenue": 8277000,
        "costOfRevenue": 6236000,
        "grossProfit": 2041000,
        "grossProfitRatio": 0.2465869276,
        "researchAndDevelopmentExpenses": 0,
        "generalAndAdministrativeExpenses": 5534000,
        "sellingAndMarketingExpenses": 1020000,
        "sellingGeneralAndAdministrativeExpenses": 6554000,
        "otherExpenses": 0,
        "operatingExpenses": 6554000,
        "costAndExpenses": 12790000,
        "interestIncome": 0,
        "interestExpense": 0,
        "depreciationAndAmortization": 1593000,
        "ebitda": -1527000,
        "ebitdaratio": -0.184487133,
        "operatingIncome": -4513000,
        "operatingIncomeRatio": -0.545245862,
        "totalOtherIncomeExpensesNet": 1411000,
        "incomeBeforeTax": -3102000,
        "incomeBeforeTaxRatio": -0.3747734686,
        "incomeTaxExpense": 52000,
        "netIncome": -3172000,
        "netIncomeRatio": -0.3832306391,
        "eps": -0.0288,
        "epsdiluted": -0.0288,
        "weightedAverageShsOut": 110223000,
        "weightedAverageShsOutDil": 110223000,
        "link": "https://www.sec.gov/Archives/edgar/data/1403853/000119312509170587/0001193125-09-170587-index.htm",
        "finalLink": "https://www.sec.gov/Archives/edgar/data/1403853/000119312509170587/d10q.htm"
    },
    {
        "date": "2009-03-31",
        "symbol": "NES",
        "reportedCurrency": "USD",
        "cik": "0001403853",
        "fillingDate": "2009-05-08",
        "acceptedDate": "2009-05-08 06:23:05",
        "calendarYear": "2009",
        "period": "Q1",
        "revenue": 7803000,
        "costOfRevenue": 5191000,
        "grossProfit": 2612000,
        "grossProfitRatio": 0.3347430475,
        "researchAndDevelopmentExpenses": 0,
        "generalAndAdministrativeExpenses": 5390000,
        "sellingAndMarketingExpenses": 407000,
        "sellingGeneralAndAdministrativeExpenses": 5797000,
        "otherExpenses": 0,
        "operatingExpenses": 5797000,
        "costAndExpenses": 10988000,
        "interestIncome": 0,
        "interestExpense": 0,
        "depreciationAndAmortization": 1328000,
        "ebitda": -184604000,
        "ebitdaratio": -23.6580802256,
        "operatingIncome": -187185000,
        "operatingIncomeRatio": -23.9888504421,
        "totalOtherIncomeExpensesNet": 1390000,
        "incomeBeforeTax": -185795000,
        "incomeBeforeTaxRatio": -23.810713828,
        "incomeTaxExpense": 368000,
        "netIncome": -186300000,
        "netIncomeRatio": -23.875432526,
        "eps": -1.69,
        "epsdiluted": -1.69,
        "weightedAverageShsOut": 110074000,
        "weightedAverageShsOutDil": 110074000,
        "link": "https://www.sec.gov/Archives/edgar/data/1403853/000119312509104323/0001193125-09-104323-index.htm",
        "finalLink": "https://www.sec.gov/Archives/edgar/data/1403853/000119312509055530/d10k.htm"
    },
    {
        "date": "2008-12-31",
        "symbol": "NES",
        "reportedCurrency": "USD",
        "cik": "0001403853",
        "fillingDate": "2009-03-16",
        "acceptedDate": "2009-03-16 16:54:41",
        "calendarYear": "2008",
        "period": "Q4",
        "revenue": 0,
        "costOfRevenue": 0,
        "grossProfit": 0,
        "grossProfitRatio": 0,
        "researchAndDevelopmentExpenses": 0,
        "generalAndAdministrativeExpenses": 2659000,
        "sellingAndMarketingExpenses": 7341000,
        "sellingGeneralAndAdministrativeExpenses": 10000000,
        "otherExpenses": 0,
        "operatingExpenses": 10000000,
        "costAndExpenses": -11247000,
        "interestIncome": 1524000,
        "interestExpense": 0,
        "depreciationAndAmortization": -19976000,
        "ebitda": -19375000,
        "ebitdaratio": 0,
        "operatingIncome": 600629,
        "operatingIncomeRatio": 0,
        "totalOtherIncomeExpensesNet": -19976000,
        "incomeBeforeTax": -19375000,
        "incomeBeforeTaxRatio": 0,
        "incomeTaxExpense": 486145,
        "netIncome": -19861000,
        "netIncomeRatio": 0,
        "eps": -0.18,
        "epsdiluted": -0.18,
        "weightedAverageShsOut": 110074000,
        "weightedAverageShsOutDil": 110074000,
        "link": "https://www.sec.gov/Archives/edgar/data/1403853/000119312509055530/0001193125-09-055530-index.htm",
        "finalLink": "https://www.sec.gov/Archives/edgar/data/1403853/000119312509055530/d10k.htm"
    },
    {
        "date": "2008-09-30",
        "symbol": "NES",
        "reportedCurrency": "USD",
        "cik": "0001403853",
        "fillingDate": "2008-11-13",
        "acceptedDate": "2008-11-12 20:59:34",
        "calendarYear": "2008",
        "period": "Q3",
        "revenue": 0,
        "costOfRevenue": 0,
        "grossProfit": 0,
        "grossProfitRatio": 0,
        "researchAndDevelopmentExpenses": 0,
        "generalAndAdministrativeExpenses": 460114,
        "sellingAndMarketingExpenses": 0,
        "sellingGeneralAndAdministrativeExpenses": 460114,
        "otherExpenses": 0,
        "operatingExpenses": 460114,
        "costAndExpenses": 460114,
        "interestIncome": 2569000,
        "interestExpense": 0,
        "depreciationAndAmortization": 2569000,
        "ebitda": 2109000,
        "ebitdaratio": 0,
        "operatingIncome": -460000,
        "operatingIncomeRatio": 0,
        "totalOtherIncomeExpensesNet": 2569000,
        "incomeBeforeTax": 2109000,
        "incomeBeforeTaxRatio": 0,
        "incomeTaxExpense": 859310,
        "netIncome": 1250000,
        "netIncomeRatio": 0,
        "eps": 0.0185,
        "epsdiluted": 0.0185,
        "weightedAverageShsOut": 67647000,
        "weightedAverageShsOutDil": 67647000,
        "link": "https://www.sec.gov/Archives/edgar/data/1403853/000119312508234120/0001193125-08-234120-index.htm",
        "finalLink": "https://www.sec.gov/Archives/edgar/data/1403853/000119312508234120/d10q.htm"
    },
    {
        "date": "2008-06-30",
        "symbol": "NES",
        "reportedCurrency": "USD",
        "cik": "0001403853",
        "fillingDate": "2008-08-14",
        "acceptedDate": "2008-08-14 15:09:13",
        "calendarYear": "2008",
        "period": "Q2",
        "revenue": 0,
        "costOfRevenue": 0,
        "grossProfit": 0,
        "grossProfitRatio": 0,
        "researchAndDevelopmentExpenses": 0,
        "generalAndAdministrativeExpenses": 404707,
        "sellingAndMarketingExpenses": 0,
        "sellingGeneralAndAdministrativeExpenses": 404707,
        "otherExpenses": 0,
        "operatingExpenses": 404707,
        "costAndExpenses": 404707,
        "interestIncome": 2755000,
        "interestExpense": 0,
        "depreciationAndAmortization": 2755000,
        "ebitda": 2351000,
        "ebitdaratio": 0,
        "operatingIncome": -405000,
        "operatingIncomeRatio": 0,
        "totalOtherIncomeExpensesNet": 2755000,
        "incomeBeforeTax": 2351000,
        "incomeBeforeTaxRatio": 0,
        "incomeTaxExpense": 853455,
        "netIncome": 1497000,
        "netIncomeRatio": 0,
        "eps": 0.0221,
        "epsdiluted": 0.0221,
        "weightedAverageShsOut": 67647000,
        "weightedAverageShsOutDil": 67647000,
        "link": "https://www.sec.gov/Archives/edgar/data/1403853/000119312508178192/0001193125-08-178192-index.htm",
        "finalLink": "https://www.sec.gov/Archives/edgar/data/1403853/000119312508178192/d10q.htm"
    },
    {
        "date": "2008-03-31",
        "symbol": "NES",
        "reportedCurrency": "USD",
        "cik": "0001403853",
        "fillingDate": "2008-04-29",
        "acceptedDate": "2008-04-29 16:58:10",
        "calendarYear": "2008",
        "period": "Q1",
        "revenue": 0,
        "costOfRevenue": 0,
        "grossProfit": 0,
        "grossProfitRatio": 0,
        "researchAndDevelopmentExpenses": 0,
        "generalAndAdministrativeExpenses": 382808,
        "sellingAndMarketingExpenses": 0,
        "sellingGeneralAndAdministrativeExpenses": 382808,
        "otherExpenses": 0,
        "operatingExpenses": 382808,
        "costAndExpenses": 382808,
        "interestIncome": 4091000,
        "interestExpense": 0,
        "depreciationAndAmortization": 4091000,
        "ebitda": 3709000,
        "ebitdaratio": 0,
        "operatingIncome": -383000,
        "operatingIncomeRatio": 0,
        "totalOtherIncomeExpensesNet": 4091000,
        "incomeBeforeTax": 3709000,
        "incomeBeforeTaxRatio": 0,
        "incomeTaxExpense": 1511000,
        "netIncome": 2197000,
        "netIncomeRatio": 0,
        "eps": 0.0325,
        "epsdiluted": 0.0325,
        "weightedAverageShsOut": 67647000,
        "weightedAverageShsOutDil": 67647000,
        "link": "https://www.sec.gov/Archives/edgar/data/1403853/000119312508095308/0001193125-08-095308-index.htm",
        "finalLink": "https://www.sec.gov/Archives/edgar/data/1403853/000119312508095308/d10q.htm"
    },
    {
        "date": "2007-12-31",
        "symbol": "NES",
        "reportedCurrency": "USD",
        "cik": "0001403853",
        "fillingDate": "2008-03-31",
        "acceptedDate": "2008-03-31 06:00:59",
        "calendarYear": "2007",
        "period": "Q4",
        "revenue": 0,
        "costOfRevenue": 0,
        "grossProfit": 0,
        "grossProfitRatio": 0,
        "researchAndDevelopmentExpenses": 0,
        "generalAndAdministrativeExpenses": 0,
        "sellingAndMarketingExpenses": 0,
        "sellingGeneralAndAdministrativeExpenses": 162045,
        "otherExpenses": 0,
        "operatingExpenses": 162045,
        "costAndExpenses": 162045,
        "interestIncome": 2486000,
        "interestExpense": 0,
        "depreciationAndAmortization": 1318000,
        "ebitda": 1156000,
        "ebitdaratio": 0,
        "operatingIncome": -162000,
        "operatingIncomeRatio": 0,
        "totalOtherIncomeExpensesNet": 0,
        "incomeBeforeTax": 0,
        "incomeBeforeTaxRatio": 0,
        "incomeTaxExpense": -1318000,
        "netIncome": 1156000,
        "netIncomeRatio": 0,
        "eps": 0.0804,
        "epsdiluted": 0.0804,
        "weightedAverageShsOut": 14375000,
        "weightedAverageShsOutDil": 14375000,
        "link": "https://www.sec.gov/Archives/edgar/data/1403853/000136231008001668/0001362310-08-001668-index.htm",
        "finalLink": "https://www.sec.gov/Archives/edgar/data/1403853/000136231008001668/c72797e10vk.htm"
    },
    {
        "date": "2007-09-30",
        "symbol": "NES",
        "reportedCurrency": "USD",
        "cik": "0001403853",
        "fillingDate": "2007-09-30",
        "acceptedDate": "2007-09-29 20:00:00",
        "calendarYear": "2007",
        "period": "Q3",
        "revenue": 0,
        "costOfRevenue": 0,
        "grossProfit": 0,
        "grossProfitRatio": 0,
        "researchAndDevelopmentExpenses": 0,
        "generalAndAdministrativeExpenses": 0,
        "sellingAndMarketingExpenses": 0,
        "sellingGeneralAndAdministrativeExpenses": 2333,
        "otherExpenses": 0,
        "operatingExpenses": 2333,
        "costAndExpenses": 2333,
        "interestIncome": 54,
        "interestExpense": 1011,
        "depreciationAndAmortization": 54,
        "ebitda": -2279,
        "ebitdaratio": 0,
        "operatingIncome": -2333,
        "operatingIncomeRatio": 0,
        "totalOtherIncomeExpensesNet": 0,
        "incomeBeforeTax": 0,
        "incomeBeforeTaxRatio": 0,
        "incomeTaxExpense": 957,
        "netIncome": -3290,
        "netIncomeRatio": 0,
        "eps": -0.0002,
        "epsdiluted": -0.0002,
        "weightedAverageShsOut": 14375000,
        "weightedAverageShsOutDil": 14375000,
        "link": "",
        "finalLink": ""
    }
]