[
    {
        "date": "2025-06-30",
        "symbol": "NFG",
        "reportedCurrency": "USD",
        "cik": "0000070145",
        "fillingDate": "2025-07-31",
        "acceptedDate": "2025-07-31 10:44:45",
        "calendarYear": "2025",
        "period": "Q3",
        "revenue": 531830000,
        "costOfRevenue": 277398000,
        "grossProfit": 254432000,
        "grossProfitRatio": 0.478408514,
        "researchAndDevelopmentExpenses": 0,
        "generalAndAdministrativeExpenses": 0,
        "sellingAndMarketingExpenses": 0,
        "sellingGeneralAndAdministrativeExpenses": 0,
        "otherExpenses": 24180000,
        "operatingExpenses": 24180000,
        "costAndExpenses": 301578000,
        "interestIncome": 0,
        "interestExpense": 37889000,
        "depreciationAndAmortization": 116408000,
        "ebitda": 355194000,
        "ebitdaratio": 0.6678713123,
        "operatingIncome": 230252000,
        "operatingIncomeRatio": 0.4329428577,
        "totalOtherIncomeExpensesNet": -29355000,
        "incomeBeforeTax": 200897000,
        "incomeBeforeTaxRatio": 0.3777466484,
        "incomeTaxExpense": 51079000,
        "netIncome": 149818000,
        "netIncomeRatio": 0.2817027998,
        "eps": 1.66,
        "epsdiluted": 1.64,
        "weightedAverageShsOut": 90358018,
        "weightedAverageShsOutDil": 91139556,
        "link": "https://www.sec.gov/Archives/edgar/data/70145/000007014525000030/0000070145-25-000030-index.htm",
        "finalLink": "https://www.sec.gov/Archives/edgar/data/70145/000007014525000030/nfg-20250630.htm"
    },
    {
        "date": "2025-03-31",
        "symbol": "NFG",
        "reportedCurrency": "USD",
        "cik": "0000070145",
        "fillingDate": "2025-05-01",
        "acceptedDate": "2025-05-01 10:32:37",
        "calendarYear": "2025",
        "period": "Q2",
        "revenue": 729950000,
        "costOfRevenue": 387484000,
        "grossProfit": 342466000,
        "grossProfitRatio": 0.4691636413,
        "researchAndDevelopmentExpenses": 0,
        "generalAndAdministrativeExpenses": 0,
        "sellingAndMarketingExpenses": 0,
        "sellingGeneralAndAdministrativeExpenses": 0,
        "otherExpenses": 25214000,
        "operatingExpenses": 25214000,
        "costAndExpenses": 412698000,
        "interestIncome": 0,
        "interestExpense": 44757000,
        "depreciationAndAmortization": 111277000,
        "ebitda": 443761000,
        "ebitdaratio": 0.6079334201,
        "operatingIncome": 317252000,
        "operatingIncomeRatio": 0.4346215494,
        "totalOtherIncomeExpensesNet": -29525000,
        "incomeBeforeTax": 287727000,
        "incomeBeforeTaxRatio": 0.3941735735,
        "incomeTaxExpense": 71369000,
        "netIncome": 216358000,
        "netIncomeRatio": 0.2964011234,
        "eps": 2.39,
        "epsdiluted": 2.37,
        "weightedAverageShsOut": 90500162,
        "weightedAverageShsOutDil": 91176327,
        "link": "https://www.sec.gov/Archives/edgar/data/70145/000007014525000014/0000070145-25-000014-index.htm",
        "finalLink": "https://www.sec.gov/Archives/edgar/data/70145/000007014525000014/nfg-20250331.htm"
    },
    {
        "date": "2024-12-31",
        "symbol": "NFG",
        "reportedCurrency": "USD",
        "cik": "0000070145",
        "fillingDate": "2025-01-30",
        "acceptedDate": "2025-01-30 10:53:28",
        "calendarYear": "2025",
        "period": "Q1",
        "revenue": 549482000,
        "costOfRevenue": 299433000,
        "grossProfit": 250049000,
        "grossProfitRatio": 0.4550631322,
        "researchAndDevelopmentExpenses": 0,
        "generalAndAdministrativeExpenses": 0,
        "sellingAndMarketingExpenses": 0,
        "sellingGeneralAndAdministrativeExpenses": 0,
        "otherExpenses": 163858000,
        "operatingExpenses": 163858000,
        "costAndExpenses": 463291000,
        "interestIncome": 0,
        "interestExpense": 37743000,
        "depreciationAndAmortization": 109370000,
        "ebitda": 203281000,
        "ebitdaratio": 0.369950244,
        "operatingIncome": 86191000,
        "operatingIncomeRatio": 0.1568586414,
        "totalOtherIncomeExpensesNet": -30023000,
        "incomeBeforeTax": 56168000,
        "incomeBeforeTaxRatio": 0.1022199089,
        "incomeTaxExpense": 11182000,
        "netIncome": 44986000,
        "netIncomeRatio": 0.0818698338,
        "eps": 0.5,
        "epsdiluted": 0.49,
        "weightedAverageShsOut": 90777000,
        "weightedAverageShsOutDil": 91435000,
        "link": "https://www.sec.gov/Archives/edgar/data/70145/000007014525000007/0000070145-25-000007-index.htm",
        "finalLink": "https://www.sec.gov/Archives/edgar/data/70145/000007014525000007/nfg-20241231.htm"
    },
    {
        "date": "2024-09-30",
        "symbol": "NFG",
        "reportedCurrency": "USD",
        "cik": "0000070145",
        "fillingDate": "2024-11-22",
        "acceptedDate": "2024-11-22 11:55:16",
        "calendarYear": "2024",
        "period": "Q4",
        "revenue": 372068000,
        "costOfRevenue": 227989000,
        "grossProfit": 144079000,
        "grossProfitRatio": 0.3872383543,
        "researchAndDevelopmentExpenses": 0,
        "generalAndAdministrativeExpenses": 0,
        "sellingAndMarketingExpenses": 0,
        "sellingGeneralAndAdministrativeExpenses": 0,
        "otherExpenses": 340649000,
        "operatingExpenses": 340649000,
        "costAndExpenses": 568638000,
        "interestIncome": 0,
        "interestExpense": 34654000,
        "depreciationAndAmortization": 108847000,
        "ebitda": -84486000,
        "ebitdaratio": -0.2270713956,
        "operatingIncome": -196570000,
        "operatingIncomeRatio": -0.5283174043,
        "totalOtherIncomeExpensesNet": -31417000,
        "incomeBeforeTax": -227987000,
        "incomeBeforeTaxRatio": -0.6127562704,
        "incomeTaxExpense": -60366000,
        "netIncome": -167621000,
        "netIncomeRatio": -0.4505117344,
        "eps": -1.83,
        "epsdiluted": -1.84,
        "weightedAverageShsOut": 91270000,
        "weightedAverageShsOutDil": 91270000,
        "link": "https://www.sec.gov/Archives/edgar/data/70145/000007014524000036/0000070145-24-000036-index.htm",
        "finalLink": "https://www.sec.gov/Archives/edgar/data/70145/000007014524000036/nfg-20240930.htm"
    },
    {
        "date": "2024-06-30",
        "symbol": "NFG",
        "reportedCurrency": "USD",
        "cik": "0000070145",
        "fillingDate": "2024-08-01",
        "acceptedDate": "2024-08-01 11:24:19",
        "calendarYear": "2024",
        "period": "Q3",
        "revenue": 417442000,
        "costOfRevenue": 246985000,
        "grossProfit": 170457000,
        "grossProfitRatio": 0.4083369666,
        "researchAndDevelopmentExpenses": 0,
        "generalAndAdministrativeExpenses": 0,
        "sellingAndMarketingExpenses": 0,
        "sellingGeneralAndAdministrativeExpenses": 0,
        "otherExpenses": 221897000,
        "operatingExpenses": 221897000,
        "costAndExpenses": 468882000,
        "interestIncome": 0,
        "interestExpense": 34217000,
        "depreciationAndAmortization": 113454000,
        "ebitda": 65202000,
        "ebitdaratio": 0.1561941539,
        "operatingIncome": -51440000,
        "operatingIncomeRatio": -0.1232266998,
        "totalOtherIncomeExpensesNet": -31029000,
        "incomeBeforeTax": -82469000,
        "incomeBeforeTaxRatio": -0.1975579841,
        "incomeTaxExpense": -28311000,
        "netIncome": -54158000,
        "netIncomeRatio": -0.1297377839,
        "eps": -0.59,
        "epsdiluted": -0.59,
        "weightedAverageShsOut": 91874049,
        "weightedAverageShsOutDil": 91874049,
        "link": "https://www.sec.gov/Archives/edgar/data/70145/000007014524000025/0000070145-24-000025-index.htm",
        "finalLink": "https://www.sec.gov/Archives/edgar/data/70145/000007014524000025/nfg-20240630.htm"
    },
    {
        "date": "2024-03-31",
        "symbol": "NFG",
        "reportedCurrency": "USD",
        "cik": "0000070145",
        "fillingDate": "2024-05-02",
        "acceptedDate": "2024-05-02 11:42:08",
        "calendarYear": "2024",
        "period": "Q2",
        "revenue": 629939000,
        "costOfRevenue": 356297000,
        "grossProfit": 273642000,
        "grossProfitRatio": 0.4343944414,
        "researchAndDevelopmentExpenses": 0,
        "generalAndAdministrativeExpenses": 0,
        "sellingAndMarketingExpenses": 0,
        "sellingGeneralAndAdministrativeExpenses": 0,
        "otherExpenses": 23019000,
        "operatingExpenses": 23019000,
        "costAndExpenses": 379316000,
        "interestIncome": 0,
        "interestExpense": 35089000,
        "depreciationAndAmortization": 118935000,
        "ebitda": 375628000,
        "ebitdaratio": 0.5962926569,
        "operatingIncome": 250623000,
        "operatingIncomeRatio": 0.397852808,
        "totalOtherIncomeExpensesNet": -29019000,
        "incomeBeforeTax": 221604000,
        "incomeBeforeTaxRatio": 0.3517864428,
        "incomeTaxExpense": 55332000,
        "netIncome": 166272000,
        "netIncomeRatio": 0.2639493665,
        "eps": 1.81,
        "epsdiluted": 1.8,
        "weightedAverageShsOut": 92114415,
        "weightedAverageShsOutDil": 92512447,
        "link": "https://www.sec.gov/Archives/edgar/data/70145/000007014524000013/0000070145-24-000013-index.htm",
        "finalLink": "https://www.sec.gov/Archives/edgar/data/70145/000007014524000013/nfg-20240331.htm"
    },
    {
        "date": "2023-12-31",
        "symbol": "NFG",
        "reportedCurrency": "USD",
        "cik": "0000070145",
        "fillingDate": "2024-02-08",
        "acceptedDate": "2024-02-08 11:58:43",
        "calendarYear": "2024",
        "period": "Q1",
        "revenue": 525361000,
        "costOfRevenue": 295835000,
        "grossProfit": 229526000,
        "grossProfitRatio": 0.4368919657,
        "researchAndDevelopmentExpenses": 0,
        "generalAndAdministrativeExpenses": 0,
        "sellingAndMarketingExpenses": 0,
        "sellingGeneralAndAdministrativeExpenses": 0,
        "otherExpenses": 22416000,
        "operatingExpenses": 22416000,
        "costAndExpenses": 318251000,
        "interestIncome": 0,
        "interestExpense": 34735000,
        "depreciationAndAmortization": 115790000,
        "ebitda": 326632000,
        "ebitdaratio": 0.621728678,
        "operatingIncome": 207110000,
        "operatingIncomeRatio": 0.3942241621,
        "totalOtherIncomeExpensesNet": -31003000,
        "incomeBeforeTax": 176107000,
        "incomeBeforeTaxRatio": 0.335211407,
        "incomeTaxExpense": 43087000,
        "netIncome": 133020000,
        "netIncomeRatio": 0.2531973253,
        "eps": 1.45,
        "epsdiluted": 1.44,
        "weightedAverageShsOut": 91910244,
        "weightedAverageShsOutDil": 92442145,
        "link": "https://www.sec.gov/Archives/edgar/data/70145/000007014524000006/0000070145-24-000006-index.htm",
        "finalLink": "https://www.sec.gov/Archives/edgar/data/70145/000007014524000006/nfg-20231231.htm"
    },
    {
        "date": "2023-09-30",
        "symbol": "NFG",
        "reportedCurrency": "USD",
        "cik": "0000070145",
        "fillingDate": "2023-11-17",
        "acceptedDate": "2023-11-17 14:56:08",
        "calendarYear": "2023",
        "period": "Q4",
        "revenue": 368947000,
        "costOfRevenue": 222943000,
        "grossProfit": 146004000,
        "grossProfitRatio": 0.3957316363,
        "researchAndDevelopmentExpenses": 0,
        "generalAndAdministrativeExpenses": 0,
        "sellingAndMarketingExpenses": 0,
        "sellingGeneralAndAdministrativeExpenses": 0,
        "otherExpenses": 20701000,
        "operatingExpenses": 20701000,
        "costAndExpenses": 243644000,
        "interestIncome": 0,
        "interestExpense": 32902000,
        "depreciationAndAmortization": 109600000,
        "ebitda": 240287000,
        "ebitdaratio": 0.6512778258,
        "operatingIncome": 125303000,
        "operatingIncomeRatio": 0.3396233063,
        "totalOtherIncomeExpensesNet": -27518000,
        "incomeBeforeTax": 97785000,
        "incomeBeforeTaxRatio": 0.2650380678,
        "incomeTaxExpense": 24108000,
        "netIncome": 73677000,
        "netIncomeRatio": 0.1996953492,
        "eps": 0.8,
        "epsdiluted": 0.8,
        "weightedAverageShsOut": 91818933,
        "weightedAverageShsOutDil": 92378675,
        "link": "https://www.sec.gov/Archives/edgar/data/70145/000007014523000040/0000070145-23-000040-index.htm",
        "finalLink": "https://www.sec.gov/Archives/edgar/data/70145/000007014523000040/nfg-20230930.htm"
    },
    {
        "date": "2023-06-30",
        "symbol": "NFG",
        "reportedCurrency": "USD",
        "cik": "0000070145",
        "fillingDate": "2023-08-03",
        "acceptedDate": "2023-08-03 11:01:21",
        "calendarYear": "2023",
        "period": "Q3",
        "revenue": 428704000,
        "costOfRevenue": 254181000,
        "grossProfit": 174523000,
        "grossProfitRatio": 0.4070944055,
        "researchAndDevelopmentExpenses": 0,
        "generalAndAdministrativeExpenses": 0,
        "sellingAndMarketingExpenses": 0,
        "sellingGeneralAndAdministrativeExpenses": 0,
        "otherExpenses": 20427000,
        "operatingExpenses": 20427000,
        "costAndExpenses": 274608000,
        "interestIncome": 0,
        "interestExpense": 32092000,
        "depreciationAndAmortization": 102409000,
        "ebitda": 260056000,
        "ebitdaratio": 0.6066096887,
        "operatingIncome": 154096000,
        "operatingIncomeRatio": 0.3594461447,
        "totalOtherIncomeExpensesNet": -28541000,
        "incomeBeforeTax": 125555000,
        "incomeBeforeTaxRatio": 0.2928710719,
        "incomeTaxExpense": 32935000,
        "netIncome": 92620000,
        "netIncomeRatio": 0.2160465029,
        "eps": 1.01,
        "epsdiluted": 1,
        "weightedAverageShsOut": 91803638,
        "weightedAverageShsOutDil": 92294666,
        "link": "https://www.sec.gov/Archives/edgar/data/70145/000007014523000030/0000070145-23-000030-index.htm",
        "finalLink": "https://www.sec.gov/Archives/edgar/data/70145/000007014523000030/nfg-20230630.htm"
    },
    {
        "date": "2023-03-31",
        "symbol": "NFG",
        "reportedCurrency": "USD",
        "cik": "0000070145",
        "fillingDate": "2023-05-04",
        "acceptedDate": "2023-05-04 13:08:57",
        "calendarYear": "2023",
        "period": "Q2",
        "revenue": 717261000,
        "costOfRevenue": 470517000,
        "grossProfit": 246744000,
        "grossProfitRatio": 0.3440086663,
        "researchAndDevelopmentExpenses": 0,
        "generalAndAdministrativeExpenses": 0,
        "sellingAndMarketingExpenses": 0,
        "sellingGeneralAndAdministrativeExpenses": 0,
        "otherExpenses": 25367000,
        "operatingExpenses": 25367000,
        "costAndExpenses": 495884000,
        "interestIncome": 0,
        "interestExpense": 33444000,
        "depreciationAndAmortization": 100964000,
        "ebitda": 325225000,
        "ebitdaratio": 0.4534262981,
        "operatingIncome": 221377000,
        "operatingIncomeRatio": 0.3086421819,
        "totalOtherIncomeExpensesNet": -30560000,
        "incomeBeforeTax": 190817000,
        "incomeBeforeTaxRatio": 0.2660356551,
        "incomeTaxExpense": 49937000,
        "netIncome": 140880000,
        "netIncomeRatio": 0.1964138577,
        "eps": 1.53,
        "epsdiluted": 1.53,
        "weightedAverageShsOut": 91794765,
        "weightedAverageShsOutDil": 92256348,
        "link": "https://www.sec.gov/Archives/edgar/data/70145/000007014523000016/0000070145-23-000016-index.htm",
        "finalLink": "https://www.sec.gov/Archives/edgar/data/70145/000007014523000016/nfg-20230331.htm"
    },
    {
        "date": "2022-12-31",
        "symbol": "NFG",
        "reportedCurrency": "USD",
        "cik": "0000070145",
        "fillingDate": "2023-02-03",
        "acceptedDate": "2023-02-03 12:56:05",
        "calendarYear": "2023",
        "period": "Q1",
        "revenue": 658859000,
        "costOfRevenue": 378284000,
        "grossProfit": 280575000,
        "grossProfitRatio": 0.4258498404,
        "researchAndDevelopmentExpenses": 0,
        "generalAndAdministrativeExpenses": 0,
        "sellingAndMarketingExpenses": 0,
        "sellingGeneralAndAdministrativeExpenses": 0,
        "otherExpenses": 26205000,
        "operatingExpenses": 26205000,
        "costAndExpenses": 404489000,
        "interestIncome": 0,
        "interestExpense": 33447000,
        "depreciationAndAmortization": 96600000,
        "ebitda": 357288000,
        "ebitdaratio": 0.5422829467,
        "operatingIncome": 254370000,
        "operatingIncomeRatio": 0.3860765353,
        "totalOtherIncomeExpensesNet": -27129000,
        "incomeBeforeTax": 227241000,
        "incomeBeforeTaxRatio": 0.3449008058,
        "incomeTaxExpense": 57552000,
        "netIncome": 169689000,
        "netIncomeRatio": 0.2575497944,
        "eps": 1.85,
        "epsdiluted": 1.84,
        "weightedAverageShsOut": 91579814,
        "weightedAverageShsOutDil": 92268210,
        "link": "https://www.sec.gov/Archives/edgar/data/70145/000007014523000010/0000070145-23-000010-index.htm",
        "finalLink": "https://www.sec.gov/Archives/edgar/data/70145/000007014523000010/nfg-20221231.htm"
    },
    {
        "date": "2022-09-30",
        "symbol": "NFG",
        "reportedCurrency": "USD",
        "cik": "0000070145",
        "fillingDate": "2022-11-18",
        "acceptedDate": "2022-11-18 12:38:06",
        "calendarYear": "2022",
        "period": "Q4",
        "revenue": 435146000,
        "costOfRevenue": 234262000,
        "grossProfit": 200884000,
        "grossProfitRatio": 0.4616473551,
        "researchAndDevelopmentExpenses": 0,
        "generalAndAdministrativeExpenses": 0,
        "sellingAndMarketingExpenses": 0,
        "sellingGeneralAndAdministrativeExpenses": 0,
        "otherExpenses": 23089000,
        "operatingExpenses": 23089000,
        "costAndExpenses": 257351000,
        "interestIncome": 0,
        "interestExpense": 33496000,
        "depreciationAndAmortization": 94109000,
        "ebitda": 267104000,
        "ebitdaratio": 0.6138261641,
        "operatingIncome": 177795000,
        "operatingIncomeRatio": 0.408587003,
        "totalOtherIncomeExpensesNet": -38296000,
        "incomeBeforeTax": 139500000,
        "incomeBeforeTaxRatio": 0.3205820575,
        "incomeTaxExpense": -18643000,
        "netIncome": 158143000,
        "netIncomeRatio": 0.3634251493,
        "eps": 1.73,
        "epsdiluted": 1.71,
        "weightedAverageShsOut": 91476535,
        "weightedAverageShsOutDil": 92218581,
        "link": "https://www.sec.gov/Archives/edgar/data/70145/000007014522000034/0000070145-22-000034-index.htm",
        "finalLink": "https://www.sec.gov/Archives/edgar/data/70145/000007014522000034/nfg-20220930.htm"
    },
    {
        "date": "2022-06-30",
        "symbol": "NFG",
        "reportedCurrency": "USD",
        "cik": "0000070145",
        "fillingDate": "2022-08-05",
        "acceptedDate": "2022-08-05 15:22:40",
        "calendarYear": "2022",
        "period": "Q3",
        "revenue": 502624000,
        "costOfRevenue": 308789000,
        "grossProfit": 193835000,
        "grossProfitRatio": 0.3856461291,
        "researchAndDevelopmentExpenses": 0,
        "generalAndAdministrativeExpenses": 0,
        "sellingAndMarketingExpenses": 0,
        "sellingGeneralAndAdministrativeExpenses": 0,
        "otherExpenses": 13138000,
        "operatingExpenses": 13138000,
        "costAndExpenses": 321927000,
        "interestIncome": 0,
        "interestExpense": 33973000,
        "depreciationAndAmortization": 95858000,
        "ebitda": 270906000,
        "ebitdaratio": 0.538983415,
        "operatingIncome": 180697000,
        "operatingIncomeRatio": 0.3595073057,
        "totalOtherIncomeExpensesNet": -39622000,
        "incomeBeforeTax": 141075000,
        "incomeBeforeTaxRatio": 0.2806770071,
        "incomeTaxExpense": 32917000,
        "netIncome": 108158000,
        "netIncomeRatio": 0.2151867002,
        "eps": 1.18,
        "epsdiluted": 1.17,
        "weightedAverageShsOut": 91456265,
        "weightedAverageShsOutDil": 92168518,
        "link": "https://www.sec.gov/Archives/edgar/data/70145/000007014522000028/0000070145-22-000028-index.htm",
        "finalLink": "https://www.sec.gov/Archives/edgar/data/70145/000007014522000028/nfg-20220630.htm"
    },
    {
        "date": "2022-03-31",
        "symbol": "NFG",
        "reportedCurrency": "USD",
        "cik": "0000070145",
        "fillingDate": "2022-05-06",
        "acceptedDate": "2022-05-06 13:13:43",
        "calendarYear": "2022",
        "period": "Q2",
        "revenue": 701720000,
        "costOfRevenue": 427637000,
        "grossProfit": 274083000,
        "grossProfitRatio": 0.3905874138,
        "researchAndDevelopmentExpenses": 0,
        "generalAndAdministrativeExpenses": 0,
        "sellingAndMarketingExpenses": 0,
        "sellingGeneralAndAdministrativeExpenses": 0,
        "otherExpenses": 27717000,
        "operatingExpenses": 27717000,
        "costAndExpenses": 455354000,
        "interestIncome": 0,
        "interestExpense": 31598000,
        "depreciationAndAmortization": 91245000,
        "ebitda": 347629000,
        "ebitdaratio": 0.4953955994,
        "operatingIncome": 246366000,
        "operatingIncomeRatio": 0.3510887533,
        "totalOtherIncomeExpensesNet": -21580000,
        "incomeBeforeTax": 224786000,
        "incomeBeforeTaxRatio": 0.3203357465,
        "incomeTaxExpense": 57458000,
        "netIncome": 167328000,
        "netIncomeRatio": 0.2384540843,
        "eps": 1.83,
        "epsdiluted": 1.82,
        "weightedAverageShsOut": 91444638,
        "weightedAverageShsOutDil": 92064711,
        "link": "https://www.sec.gov/Archives/edgar/data/70145/000007014522000012/0000070145-22-000012-index.htm",
        "finalLink": "https://www.sec.gov/Archives/edgar/data/70145/000007014522000012/nfg-20220331.htm"
    },
    {
        "date": "2021-12-31",
        "symbol": "NFG",
        "reportedCurrency": "USD",
        "cik": "0000070145",
        "fillingDate": "2022-02-04",
        "acceptedDate": "2022-02-04 12:52:21",
        "calendarYear": "2022",
        "period": "Q1",
        "revenue": 546557000,
        "costOfRevenue": 312397000,
        "grossProfit": 234160000,
        "grossProfitRatio": 0.4284274101,
        "researchAndDevelopmentExpenses": 0,
        "generalAndAdministrativeExpenses": 0,
        "sellingAndMarketingExpenses": 0,
        "sellingGeneralAndAdministrativeExpenses": 0,
        "otherExpenses": 24501000,
        "operatingExpenses": 24501000,
        "costAndExpenses": 336898000,
        "interestIncome": 0,
        "interestExpense": 31291000,
        "depreciationAndAmortization": 88578000,
        "ebitda": 297158000,
        "ebitdaratio": 0.543690777,
        "operatingIncome": 209659000,
        "operatingIncomeRatio": 0.3835995148,
        "totalOtherIncomeExpensesNet": -32370000,
        "incomeBeforeTax": 177289000,
        "incomeBeforeTaxRatio": 0.324374219,
        "incomeTaxExpense": 44897000,
        "netIncome": 132392000,
        "netIncomeRatio": 0.2422290813,
        "eps": 1.45,
        "epsdiluted": 1.44,
        "weightedAverageShsOut": 91266300,
        "weightedAverageShsOutDil": 92032775,
        "link": "https://www.sec.gov/Archives/edgar/data/70145/000007014522000005/0000070145-22-000005-index.htm",
        "finalLink": "https://www.sec.gov/Archives/edgar/data/70145/000007014522000005/nfg-20211231.htm"
    },
    {
        "date": "2021-09-30",
        "symbol": "NFG",
        "reportedCurrency": "USD",
        "cik": "0000070145",
        "fillingDate": "2021-11-19",
        "acceptedDate": "2021-11-19 16:32:41",
        "calendarYear": "2021",
        "period": "Q4",
        "revenue": 355988000,
        "costOfRevenue": 200261000,
        "grossProfit": 155727000,
        "grossProfitRatio": 0.4374501388,
        "researchAndDevelopmentExpenses": 0,
        "generalAndAdministrativeExpenses": 0,
        "sellingAndMarketingExpenses": 0,
        "sellingGeneralAndAdministrativeExpenses": 0,
        "otherExpenses": 23454000,
        "operatingExpenses": 23454000,
        "costAndExpenses": 223715000,
        "interestIncome": 0,
        "interestExpense": 30431000,
        "depreciationAndAmortization": 83671000,
        "ebitda": 215784000,
        "ebitdaratio": 0.6061552637,
        "operatingIncome": 132273000,
        "operatingIncomeRatio": 0.3715658955,
        "totalOtherIncomeExpensesNet": -30591000,
        "incomeBeforeTax": 101682000,
        "incomeBeforeTaxRatio": 0.2856332236,
        "incomeTaxExpense": 14720000,
        "netIncome": 86962000,
        "netIncomeRatio": 0.2442835152,
        "eps": 0.95,
        "epsdiluted": 0.95,
        "weightedAverageShsOut": 91181292,
        "weightedAverageShsOutDil": 91851443,
        "link": "https://www.sec.gov/Archives/edgar/data/70145/000007014521000030/0000070145-21-000030-index.htm",
        "finalLink": "https://www.sec.gov/Archives/edgar/data/70145/000007014521000030/nfg-20210930.htm"
    },
    {
        "date": "2021-06-30",
        "symbol": "NFG",
        "reportedCurrency": "USD",
        "cik": "0000070145",
        "fillingDate": "2021-08-06",
        "acceptedDate": "2021-08-06 11:48:22",
        "calendarYear": "2021",
        "period": "Q3",
        "revenue": 394397000,
        "costOfRevenue": 219835000,
        "grossProfit": 174562000,
        "grossProfitRatio": 0.4426047865,
        "researchAndDevelopmentExpenses": 0,
        "generalAndAdministrativeExpenses": 0,
        "sellingAndMarketingExpenses": 0,
        "sellingGeneralAndAdministrativeExpenses": 0,
        "otherExpenses": 24492000,
        "operatingExpenses": 24492000,
        "costAndExpenses": 244327000,
        "interestIncome": 0,
        "interestExpense": 31232000,
        "depreciationAndAmortization": 84170000,
        "ebitda": 232212000,
        "ebitdaratio": 0.588777298,
        "operatingIncome": 150070000,
        "operatingIncomeRatio": 0.3805049227,
        "totalOtherIncomeExpensesNet": -33260000,
        "incomeBeforeTax": 116810000,
        "incomeBeforeTaxRatio": 0.2961736524,
        "incomeTaxExpense": 30335000,
        "netIncome": 86475000,
        "netIncomeRatio": 0.2192587672,
        "eps": 0.95,
        "epsdiluted": 0.94,
        "weightedAverageShsOut": 91172683,
        "weightedAverageShsOutDil": 91762898,
        "link": "https://www.sec.gov/Archives/edgar/data/70145/000007014521000024/0000070145-21-000024-index.htm",
        "finalLink": "https://www.sec.gov/Archives/edgar/data/70145/000007014521000024/nfg-20210630.htm"
    },
    {
        "date": "2021-03-31",
        "symbol": "NFG",
        "reportedCurrency": "USD",
        "cik": "0000070145",
        "fillingDate": "2021-05-07",
        "acceptedDate": "2021-05-07 12:52:07",
        "calendarYear": "2021",
        "period": "Q2",
        "revenue": 551115000,
        "costOfRevenue": 313089000,
        "grossProfit": 238026000,
        "grossProfitRatio": 0.4318989685,
        "researchAndDevelopmentExpenses": 0,
        "generalAndAdministrativeExpenses": 0,
        "sellingAndMarketingExpenses": 0,
        "sellingGeneralAndAdministrativeExpenses": 0,
        "otherExpenses": 23987000,
        "operatingExpenses": 23987000,
        "costAndExpenses": 337076000,
        "interestIncome": 0,
        "interestExpense": 50518000,
        "depreciationAndAmortization": 84342000,
        "ebitda": 287506000,
        "ebitdaratio": 0.521680593,
        "operatingIncome": 214039000,
        "operatingIncomeRatio": 0.3883744772,
        "totalOtherIncomeExpensesNet": -61393000,
        "incomeBeforeTax": 152646000,
        "incomeBeforeTaxRatio": 0.2769766746,
        "incomeTaxExpense": 40210000,
        "netIncome": 112436000,
        "netIncomeRatio": 0.2040154959,
        "eps": 1.23,
        "epsdiluted": 1.23,
        "weightedAverageShsOut": 91163291,
        "weightedAverageShsOutDil": 91645679,
        "link": "https://www.sec.gov/Archives/edgar/data/70145/000007014521000012/0000070145-21-000012-index.htm",
        "finalLink": "https://www.sec.gov/Archives/edgar/data/70145/000007014521000012/nfg-20210331.htm"
    },
    {
        "date": "2020-12-31",
        "symbol": "NFG",
        "reportedCurrency": "USD",
        "cik": "0000070145",
        "fillingDate": "2021-02-05",
        "acceptedDate": "2021-02-05 11:53:51",
        "calendarYear": "2021",
        "period": "Q1",
        "revenue": 441160000,
        "costOfRevenue": 249751000,
        "grossProfit": 191409000,
        "grossProfitRatio": 0.4338765981,
        "researchAndDevelopmentExpenses": 0,
        "generalAndAdministrativeExpenses": 0,
        "sellingAndMarketingExpenses": 0,
        "sellingGeneralAndAdministrativeExpenses": 0,
        "otherExpenses": 47867000,
        "operatingExpenses": 47867000,
        "costAndExpenses": 297618000,
        "interestIncome": 0,
        "interestExpense": 34175000,
        "depreciationAndAmortization": 83120000,
        "ebitda": 224486000,
        "ebitdaratio": 0.5088539305,
        "operatingIncome": 143542000,
        "operatingIncomeRatio": 0.325374014,
        "totalOtherIncomeExpensesNet": -36351000,
        "incomeBeforeTax": 107191000,
        "incomeBeforeTaxRatio": 0.2429753377,
        "incomeTaxExpense": 29417000,
        "netIncome": 77774000,
        "netIncomeRatio": 0.176294315,
        "eps": 0.85,
        "epsdiluted": 0.85,
        "weightedAverageShsOut": 91007657,
        "weightedAverageShsOutDil": 91508259,
        "link": "https://www.sec.gov/Archives/edgar/data/70145/000007014521000006/0000070145-21-000006-index.htm",
        "finalLink": "https://www.sec.gov/Archives/edgar/data/70145/000007014521000006/nfg-20201231.htm"
    },
    {
        "date": "2020-09-30",
        "symbol": "NFG",
        "reportedCurrency": "USD",
        "cik": "0000070145",
        "fillingDate": "2020-11-20",
        "acceptedDate": "2020-11-20 15:34:44",
        "calendarYear": "2020",
        "period": "Q4",
        "revenue": 287990000,
        "costOfRevenue": 187395000,
        "grossProfit": 100595000,
        "grossProfitRatio": 0.3493003229,
        "researchAndDevelopmentExpenses": 0,
        "generalAndAdministrativeExpenses": 0,
        "sellingAndMarketingExpenses": 0,
        "sellingGeneralAndAdministrativeExpenses": 0,
        "otherExpenses": 274573000,
        "operatingExpenses": 274573000,
        "costAndExpenses": 461968000,
        "interestIncome": 0,
        "interestExpense": 34361000,
        "depreciationAndAmortization": 80096000,
        "ebitda": -93725000,
        "ebitdaratio": -0.325445328,
        "operatingIncome": -173978000,
        "operatingIncomeRatio": -0.6041112539,
        "totalOtherIncomeExpensesNet": -34204000,
        "incomeBeforeTax": -208181000,
        "incomeBeforeTaxRatio": -0.7228757943,
        "incomeTaxExpense": -62636000,
        "netIncome": -145545000,
        "netIncomeRatio": -0.5053821313,
        "eps": -1.6,
        "epsdiluted": -1.6,
        "weightedAverageShsOut": 90954447,
        "weightedAverageShsOutDil": 90954447,
        "link": "https://www.sec.gov/Archives/edgar/data/70145/000007014520000032/0000070145-20-000032-index.htm",
        "finalLink": "https://www.sec.gov/Archives/edgar/data/70145/000007014520000032/nfg-20200930.htm"
    },
    {
        "date": "2020-06-30",
        "symbol": "NFG",
        "reportedCurrency": "USD",
        "cik": "0000070145",
        "fillingDate": "2020-08-07",
        "acceptedDate": "2020-08-07 17:45:23",
        "calendarYear": "2020",
        "period": "Q3",
        "revenue": 323019000,
        "costOfRevenue": 203005000,
        "grossProfit": 120014000,
        "grossProfitRatio": 0.3715385163,
        "researchAndDevelopmentExpenses": 0,
        "generalAndAdministrativeExpenses": 0,
        "sellingAndMarketingExpenses": 0,
        "sellingGeneralAndAdministrativeExpenses": 0,
        "otherExpenses": 39617000,
        "operatingExpenses": 39617000,
        "costAndExpenses": 242622000,
        "interestIncome": 0,
        "interestExpense": 28560000,
        "depreciationAndAmortization": 73232000,
        "ebitda": 156176000,
        "ebitdaratio": 0.4834885874,
        "operatingIncome": 80397000,
        "operatingIncomeRatio": 0.24889248,
        "totalOtherIncomeExpensesNet": -26013000,
        "incomeBeforeTax": 54384000,
        "incomeBeforeTaxRatio": 0.1683616134,
        "incomeTaxExpense": 13134000,
        "netIncome": 41250000,
        "netIncomeRatio": 0.1277014665,
        "eps": 0.47,
        "epsdiluted": 0.47,
        "weightedAverageShsOut": 87966289,
        "weightedAverageShsOutDil": 88323699,
        "link": "https://www.sec.gov/Archives/edgar/data/70145/000007014520000024/0000070145-20-000024-index.htm",
        "finalLink": "https://www.sec.gov/Archives/edgar/data/70145/000007014520000024/nfg-20200630.htm"
    },
    {
        "date": "2020-03-31",
        "symbol": "NFG",
        "reportedCurrency": "USD",
        "cik": "0000070145",
        "fillingDate": "2020-05-01",
        "acceptedDate": "2020-05-01 16:35:40",
        "calendarYear": "2020",
        "period": "Q2",
        "revenue": 491095000,
        "costOfRevenue": 315171000,
        "grossProfit": 175924000,
        "grossProfitRatio": 0.3582280414,
        "researchAndDevelopmentExpenses": 0,
        "generalAndAdministrativeExpenses": 0,
        "sellingAndMarketingExpenses": 0,
        "sellingGeneralAndAdministrativeExpenses": 0,
        "otherExpenses": 200504000,
        "operatingExpenses": 200504000,
        "costAndExpenses": 515675000,
        "interestIncome": 0,
        "interestExpense": 27162000,
        "depreciationAndAmortization": 77912000,
        "ebitda": 35852000,
        "ebitdaratio": 0.0730042049,
        "operatingIncome": -24580000,
        "operatingIncomeRatio": -0.0500514157,
        "totalOtherIncomeExpensesNet": -44642000,
        "incomeBeforeTax": -69222000,
        "incomeBeforeTaxRatio": -0.1409543978,
        "incomeTaxExpense": 36846000,
        "netIncome": -106068000,
        "netIncomeRatio": -0.215982651,
        "eps": -1.23,
        "epsdiluted": -1.23,
        "weightedAverageShsOut": 86561066,
        "weightedAverageShsOutDil": 86561066,
        "link": "https://www.sec.gov/Archives/edgar/data/70145/000007014520000012/0000070145-20-000012-index.htm",
        "finalLink": "https://www.sec.gov/Archives/edgar/data/70145/000007014520000012/nfg-3312020x10q.htm"
    },
    {
        "date": "2019-12-31",
        "symbol": "NFG",
        "reportedCurrency": "USD",
        "cik": "0000070145",
        "fillingDate": "2020-01-31",
        "acceptedDate": "2020-01-31 14:46:14",
        "calendarYear": "2020",
        "period": "Q1",
        "revenue": 444188000,
        "costOfRevenue": 273024000,
        "grossProfit": 171164000,
        "grossProfitRatio": 0.385341342,
        "researchAndDevelopmentExpenses": 0,
        "generalAndAdministrativeExpenses": 0,
        "sellingAndMarketingExpenses": 0,
        "sellingGeneralAndAdministrativeExpenses": 0,
        "otherExpenses": 23144000,
        "operatingExpenses": 23144000,
        "costAndExpenses": 296168000,
        "interestIncome": 0,
        "interestExpense": 26994000,
        "depreciationAndAmortization": 74918000,
        "ebitda": 219898000,
        "ebitdaratio": 0.4950561474,
        "operatingIncome": 148020000,
        "operatingIncomeRatio": 0.3332372779,
        "totalOtherIncomeExpensesNet": -30034000,
        "incomeBeforeTax": 117986000,
        "incomeBeforeTaxRatio": 0.2656217638,
        "incomeTaxExpense": 31395000,
        "netIncome": 86591000,
        "netIncomeRatio": 0.1949422317,
        "eps": 1,
        "epsdiluted": 1,
        "weightedAverageShsOut": 86378450,
        "weightedAverageShsOutDil": 86883152,
        "link": "https://www.sec.gov/Archives/edgar/data/70145/000007014520000006/0000070145-20-000006-index.htm",
        "finalLink": "https://www.sec.gov/Archives/edgar/data/70145/000007014520000006/nfg-12312019x10q.htm"
    },
    {
        "date": "2019-09-30",
        "symbol": "NFG",
        "reportedCurrency": "USD",
        "cik": "0000070145",
        "fillingDate": "2019-11-15",
        "acceptedDate": "2019-11-15 14:36:54",
        "calendarYear": "2019",
        "period": "Q4",
        "revenue": 293341000,
        "costOfRevenue": 188561000,
        "grossProfit": 104780000,
        "grossProfitRatio": 0.3571952097,
        "researchAndDevelopmentExpenses": 0,
        "generalAndAdministrativeExpenses": 0,
        "sellingAndMarketingExpenses": 0,
        "sellingGeneralAndAdministrativeExpenses": 0,
        "otherExpenses": 20840000,
        "operatingExpenses": 20840000,
        "costAndExpenses": 209401000,
        "interestIncome": 0,
        "interestExpense": 26679000,
        "depreciationAndAmortization": 74670000,
        "ebitda": 160045000,
        "ebitdaratio": 0.5455936947,
        "operatingIncome": 83940000,
        "operatingIncomeRatio": 0.2861516119,
        "totalOtherIncomeExpensesNet": -25244000,
        "incomeBeforeTax": 58696000,
        "incomeBeforeTaxRatio": 0.2000947703,
        "incomeTaxExpense": 11415000,
        "netIncome": 47281000,
        "netIncomeRatio": 0.1611810146,
        "eps": 0.55,
        "epsdiluted": 0.54,
        "weightedAverageShsOut": 86315038,
        "weightedAverageShsOutDil": 86807821,
        "link": "https://www.sec.gov/Archives/edgar/data/70145/000007014519000030/0000070145-19-000030-index.htm",
        "finalLink": "https://www.sec.gov/Archives/edgar/data/70145/000007014519000030/nfg-2019930x10k.htm"
    },
    {
        "date": "2019-06-30",
        "symbol": "NFG",
        "reportedCurrency": "USD",
        "cik": "0000070145",
        "fillingDate": "2019-08-02",
        "acceptedDate": "2019-08-02 13:44:14",
        "calendarYear": "2019",
        "period": "Q3",
        "revenue": 357200000,
        "costOfRevenue": 222867000,
        "grossProfit": 134333000,
        "grossProfitRatio": 0.3760722284,
        "researchAndDevelopmentExpenses": 0,
        "generalAndAdministrativeExpenses": 0,
        "sellingAndMarketingExpenses": 0,
        "sellingGeneralAndAdministrativeExpenses": 0,
        "otherExpenses": 21506000,
        "operatingExpenses": 21506000,
        "costAndExpenses": 244373000,
        "interestIncome": 0,
        "interestExpense": 26505000,
        "depreciationAndAmortization": 71072000,
        "ebitda": 182443000,
        "ebitdaratio": 0.5107586786,
        "operatingIncome": 112827000,
        "operatingIncomeRatio": 0.3158650616,
        "totalOtherIncomeExpensesNet": -27961000,
        "incomeBeforeTax": 84866000,
        "incomeBeforeTaxRatio": 0.2375867861,
        "incomeTaxExpense": 21113000,
        "netIncome": 63753000,
        "netIncomeRatio": 0.1784798432,
        "eps": 0.74,
        "epsdiluted": 0.73,
        "weightedAverageShsOut": 86306434,
        "weightedAverageShsOutDil": 86839841,
        "link": "https://www.sec.gov/Archives/edgar/data/70145/000007014519000023/0000070145-19-000023-index.htm",
        "finalLink": "https://www.sec.gov/Archives/edgar/data/70145/000007014519000023/nfg-6302019x10q.htm"
    },
    {
        "date": "2019-03-31",
        "symbol": "NFG",
        "reportedCurrency": "USD",
        "cik": "0000070145",
        "fillingDate": "2019-05-03",
        "acceptedDate": "2019-05-03 13:04:23",
        "calendarYear": "2019",
        "period": "Q2",
        "revenue": 552544000,
        "costOfRevenue": 376650000,
        "grossProfit": 175894000,
        "grossProfitRatio": 0.3183348294,
        "researchAndDevelopmentExpenses": 0,
        "generalAndAdministrativeExpenses": 0,
        "sellingAndMarketingExpenses": 0,
        "sellingGeneralAndAdministrativeExpenses": 0,
        "otherExpenses": 22535000,
        "operatingExpenses": 22535000,
        "costAndExpenses": 399185000,
        "interestIncome": 0,
        "interestExpense": 27060000,
        "depreciationAndAmortization": 65663000,
        "ebitda": 213103000,
        "ebitdaratio": 0.3856760729,
        "operatingIncome": 153359000,
        "operatingIncomeRatio": 0.2775507471,
        "totalOtherIncomeExpensesNet": -32979000,
        "incomeBeforeTax": 120380000,
        "incomeBeforeTaxRatio": 0.2178650026,
        "incomeTaxExpense": 29785000,
        "netIncome": 90595000,
        "netIncomeRatio": 0.1639597932,
        "eps": 1.05,
        "epsdiluted": 1.04,
        "weightedAverageShsOut": 86290047,
        "weightedAverageShsOutDil": 86767673,
        "link": "https://www.sec.gov/Archives/edgar/data/70145/000007014519000013/0000070145-19-000013-index.htm",
        "finalLink": "https://www.sec.gov/Archives/edgar/data/70145/000007014519000013/nfg-3312019x10q.htm"
    },
    {
        "date": "2018-12-31",
        "symbol": "NFG",
        "reportedCurrency": "USD",
        "cik": "0000070145",
        "fillingDate": "2019-02-01",
        "acceptedDate": "2019-02-01 12:18:25",
        "calendarYear": "2019",
        "period": "Q1",
        "revenue": 490247000,
        "costOfRevenue": 304559000,
        "grossProfit": 185688000,
        "grossProfitRatio": 0.378764174,
        "researchAndDevelopmentExpenses": 0,
        "generalAndAdministrativeExpenses": 0,
        "sellingAndMarketingExpenses": 0,
        "sellingGeneralAndAdministrativeExpenses": 0,
        "otherExpenses": 24005000,
        "operatingExpenses": 24005000,
        "costAndExpenses": 328564000,
        "interestIncome": 0,
        "interestExpense": 26512000,
        "depreciationAndAmortization": 64255000,
        "ebitda": 216336000,
        "ebitdaratio": 0.4412795999,
        "operatingIncome": 161683000,
        "operatingIncomeRatio": 0.3297990605,
        "totalOtherIncomeExpensesNet": -36114000,
        "incomeBeforeTax": 125569000,
        "incomeBeforeTaxRatio": 0.2561341528,
        "incomeTaxExpense": 22909000,
        "netIncome": 102660000,
        "netIncomeRatio": 0.209404647,
        "eps": 1.19,
        "epsdiluted": 1.18,
        "weightedAverageShsOut": 86032729,
        "weightedAverageShsOutDil": 86708814,
        "link": "https://www.sec.gov/Archives/edgar/data/70145/000007014519000004/0000070145-19-000004-index.htm",
        "finalLink": "https://www.sec.gov/Archives/edgar/data/70145/000007014519000004/nfg-12312018x10q.htm"
    },
    {
        "date": "2018-09-30",
        "symbol": "NFG",
        "reportedCurrency": "USD",
        "cik": "0000070145",
        "fillingDate": "2018-11-16",
        "acceptedDate": "2018-11-16 12:49:42",
        "calendarYear": "2018",
        "period": "Q4",
        "revenue": 289195000,
        "costOfRevenue": 188418000,
        "grossProfit": 100777000,
        "grossProfitRatio": 0.3484742129,
        "researchAndDevelopmentExpenses": 0,
        "generalAndAdministrativeExpenses": 0,
        "sellingAndMarketingExpenses": 0,
        "sellingGeneralAndAdministrativeExpenses": 0,
        "otherExpenses": 20148000,
        "operatingExpenses": 20148000,
        "costAndExpenses": 208566000,
        "interestIncome": 1859000,
        "interestExpense": 29368000,
        "depreciationAndAmortization": 63159000,
        "ebitda": 146852000,
        "ebitdaratio": 0.5077957779,
        "operatingIncome": 80629000,
        "operatingIncomeRatio": 0.2788049586,
        "totalOtherIncomeExpensesNet": -26304000,
        "incomeBeforeTax": 54325000,
        "incomeBeforeTaxRatio": 0.1878490292,
        "incomeTaxExpense": 16331000,
        "netIncome": 37994000,
        "netIncomeRatio": 0.1313784816,
        "eps": 0.44,
        "epsdiluted": 0.44,
        "weightedAverageShsOut": 85953204,
        "weightedAverageShsOutDil": 86650677,
        "link": "https://www.sec.gov/Archives/edgar/data/70145/000007014518000022/0000070145-18-000022-index.htm",
        "finalLink": "https://www.sec.gov/Archives/edgar/data/70145/000007014518000022/nfg-2018930x10k.htm"
    },
    {
        "date": "2018-06-30",
        "symbol": "NFG",
        "reportedCurrency": "USD",
        "cik": "0000070145",
        "fillingDate": "2018-08-03",
        "acceptedDate": "2018-08-03 12:11:04",
        "calendarYear": "2018",
        "period": "Q3",
        "revenue": 342912000,
        "costOfRevenue": 208314000,
        "grossProfit": 134598000,
        "grossProfitRatio": 0.3925146976,
        "researchAndDevelopmentExpenses": 0,
        "generalAndAdministrativeExpenses": 0,
        "sellingAndMarketingExpenses": 0,
        "sellingGeneralAndAdministrativeExpenses": 0,
        "otherExpenses": 20595000,
        "operatingExpenses": 20595000,
        "costAndExpenses": 228909000,
        "interestIncome": 1632000,
        "interestExpense": 28183000,
        "depreciationAndAmortization": 60817000,
        "ebitda": 171208000,
        "ebitdaratio": 0.4992767824,
        "operatingIncome": 114003000,
        "operatingIncomeRatio": 0.3324555571,
        "totalOtherIncomeExpensesNet": -31795000,
        "incomeBeforeTax": 82208000,
        "incomeBeforeTaxRatio": 0.2397349757,
        "incomeTaxExpense": 19183000,
        "netIncome": 63025000,
        "netIncomeRatio": 0.1837935097,
        "eps": 0.73,
        "epsdiluted": 0.73,
        "weightedAverageShsOut": 85930289,
        "weightedAverageShsOutDil": 86501194,
        "link": "https://www.sec.gov/Archives/edgar/data/70145/000007014518000017/0000070145-18-000017-index.htm",
        "finalLink": "https://www.sec.gov/Archives/edgar/data/70145/000007014518000017/nfg-6302018x10q.htm"
    },
    {
        "date": "2018-03-31",
        "symbol": "NFG",
        "reportedCurrency": "USD",
        "cik": "0000070145",
        "fillingDate": "2018-05-04",
        "acceptedDate": "2018-05-04 15:21:49",
        "calendarYear": "2018",
        "period": "Q2",
        "revenue": 540905000,
        "costOfRevenue": 346514000,
        "grossProfit": 194391000,
        "grossProfitRatio": 0.3593810373,
        "researchAndDevelopmentExpenses": 0,
        "generalAndAdministrativeExpenses": 0,
        "sellingAndMarketingExpenses": 0,
        "sellingGeneralAndAdministrativeExpenses": 0,
        "otherExpenses": 22802000,
        "operatingExpenses": 22802000,
        "costAndExpenses": 369316000,
        "interestIncome": 1025000,
        "interestExpense": 28381000,
        "depreciationAndAmortization": 61155000,
        "ebitda": 219652000,
        "ebitdaratio": 0.4060823989,
        "operatingIncome": 171589000,
        "operatingIncomeRatio": 0.3172257605,
        "totalOtherIncomeExpensesNet": -41473000,
        "incomeBeforeTax": 130116000,
        "incomeBeforeTaxRatio": 0.2405524075,
        "incomeTaxExpense": 38269000,
        "netIncome": 91847000,
        "netIncomeRatio": 0.1698024607,
        "eps": 1.07,
        "epsdiluted": 1.06,
        "weightedAverageShsOut": 85809233,
        "weightedAverageShsOutDil": 86323636,
        "link": "https://www.sec.gov/Archives/edgar/data/70145/000007014518000009/0000070145-18-000009-index.htm",
        "finalLink": "https://www.sec.gov/Archives/edgar/data/70145/000007014518000009/nfg-3312018x10q.htm"
    },
    {
        "date": "2017-12-31",
        "symbol": "NFG",
        "reportedCurrency": "USD",
        "cik": "0000070145",
        "fillingDate": "2018-02-02",
        "acceptedDate": "2018-02-02 14:12:21",
        "calendarYear": "2018",
        "period": "Q1",
        "revenue": 419655000,
        "costOfRevenue": 249338000,
        "grossProfit": 170317000,
        "grossProfitRatio": 0.4058500435,
        "researchAndDevelopmentExpenses": 0,
        "generalAndAdministrativeExpenses": 0,
        "sellingAndMarketingExpenses": 0,
        "sellingGeneralAndAdministrativeExpenses": 0,
        "otherExpenses": 20848000,
        "operatingExpenses": 20848000,
        "costAndExpenses": 270186000,
        "interestIncome": 2249000,
        "interestExpense": 28589000,
        "depreciationAndAmortization": 55830000,
        "ebitda": 201796000,
        "ebitdaratio": 0.4808616602,
        "operatingIncome": 149469000,
        "operatingIncomeRatio": 0.3561711406,
        "totalOtherIncomeExpensesNet": -32092000,
        "incomeBeforeTax": 117377000,
        "incomeBeforeTaxRatio": 0.2796988002,
        "incomeTaxExpense": -81277000,
        "netIncome": 198654000,
        "netIncomeRatio": 0.4733745577,
        "eps": 2.32,
        "epsdiluted": 2.3,
        "weightedAverageShsOut": 85630296,
        "weightedAverageShsOutDil": 86325537,
        "link": "https://www.sec.gov/Archives/edgar/data/70145/000007014518000005/0000070145-18-000005-index.htm",
        "finalLink": "https://www.sec.gov/Archives/edgar/data/70145/000007014518000005/nfg-12312017x10q.htm"
    },
    {
        "date": "2017-09-30",
        "symbol": "NFG",
        "reportedCurrency": "USD",
        "cik": "0000070145",
        "fillingDate": "2017-11-17",
        "acceptedDate": "2017-11-17 14:07:12",
        "calendarYear": "2017",
        "period": "Q4",
        "revenue": 286937000,
        "costOfRevenue": 178915000,
        "grossProfit": 108022000,
        "grossProfitRatio": 0.3764659141,
        "researchAndDevelopmentExpenses": 0,
        "generalAndAdministrativeExpenses": 0,
        "sellingAndMarketingExpenses": 0,
        "sellingGeneralAndAdministrativeExpenses": 0,
        "otherExpenses": 20627000,
        "operatingExpenses": 20627000,
        "costAndExpenses": 199542000,
        "interestIncome": 1269000,
        "interestExpense": 29916000,
        "depreciationAndAmortization": 55383000,
        "ebitda": 146362000,
        "ebitdaratio": 0.5100840951,
        "operatingIncome": 87395000,
        "operatingIncomeRatio": 0.3045790539,
        "totalOtherIncomeExpensesNet": -26332000,
        "incomeBeforeTax": 61063000,
        "incomeBeforeTaxRatio": 0.2128097805,
        "incomeTaxExpense": 15487000,
        "netIncome": 45576000,
        "netIncomeRatio": 0.1588362602,
        "eps": 0.53,
        "epsdiluted": 0.53,
        "weightedAverageShsOut": 85512637,
        "weightedAverageShsOutDil": 86238287,
        "link": "https://www.sec.gov/Archives/edgar/data/70145/000007014517000054/0000070145-17-000054-index.htm",
        "finalLink": "https://www.sec.gov/Archives/edgar/data/70145/000007014517000054/nfg-2017930x10k.htm"
    },
    {
        "date": "2017-06-30",
        "symbol": "NFG",
        "reportedCurrency": "USD",
        "cik": "0000070145",
        "fillingDate": "2017-08-04",
        "acceptedDate": "2017-08-04 13:32:29",
        "calendarYear": "2017",
        "period": "Q3",
        "revenue": 348368000,
        "costOfRevenue": 203567000,
        "grossProfit": 144801000,
        "grossProfitRatio": 0.4156552841,
        "researchAndDevelopmentExpenses": 0,
        "generalAndAdministrativeExpenses": 0,
        "sellingAndMarketingExpenses": 0,
        "sellingGeneralAndAdministrativeExpenses": 0,
        "otherExpenses": 21447000,
        "operatingExpenses": 21447000,
        "costAndExpenses": 225014000,
        "interestIncome": 853000,
        "interestExpense": 30071000,
        "depreciationAndAmortization": 55618000,
        "ebitda": 181195000,
        "ebitdaratio": 0.5201252698,
        "operatingIncome": 123354000,
        "operatingIncomeRatio": 0.3540910761,
        "totalOtherIncomeExpensesNet": -27848000,
        "incomeBeforeTax": 95506000,
        "incomeBeforeTaxRatio": 0.2741526202,
        "incomeTaxExpense": 35792000,
        "netIncome": 59714000,
        "netIncomeRatio": 0.1714106921,
        "eps": 0.7,
        "epsdiluted": 0.69,
        "weightedAverageShsOut": 85422313,
        "weightedAverageShsOutDil": 86064464,
        "link": "https://www.sec.gov/Archives/edgar/data/70145/000007014517000048/0000070145-17-000048-index.htm",
        "finalLink": "https://www.sec.gov/Archives/edgar/data/70145/000007014517000048/nfg-6302017x10q.htm"
    },
    {
        "date": "2017-03-31",
        "symbol": "NFG",
        "reportedCurrency": "USD",
        "cik": "0000070145",
        "fillingDate": "2017-05-05",
        "acceptedDate": "2017-05-05 14:38:58",
        "calendarYear": "2017",
        "period": "Q2",
        "revenue": 522075000,
        "costOfRevenue": 329576000,
        "grossProfit": 192499000,
        "grossProfitRatio": 0.3687190538,
        "researchAndDevelopmentExpenses": 0,
        "generalAndAdministrativeExpenses": 0,
        "sellingAndMarketingExpenses": 0,
        "sellingGeneralAndAdministrativeExpenses": 0,
        "otherExpenses": 22542000,
        "operatingExpenses": 22542000,
        "costAndExpenses": 352118000,
        "interestIncome": 391000,
        "interestExpense": 29837000,
        "depreciationAndAmortization": 56998000,
        "ebitda": 229090000,
        "ebitdaratio": 0.4388066849,
        "operatingIncome": 169957000,
        "operatingIncomeRatio": 0.3255413494,
        "totalOtherIncomeExpensesNet": -27702000,
        "incomeBeforeTax": 142255000,
        "incomeBeforeTaxRatio": 0.2724800077,
        "incomeTaxExpense": 52971000,
        "netIncome": 89284000,
        "netIncomeRatio": 0.1710175741,
        "eps": 1.05,
        "epsdiluted": 1.04,
        "weightedAverageShsOut": 85334887,
        "weightedAverageShsOutDil": 86006614,
        "link": "https://www.sec.gov/Archives/edgar/data/70145/000007014517000039/0000070145-17-000039-index.htm",
        "finalLink": "https://www.sec.gov/Archives/edgar/data/70145/000007014517000039/nfg-3312017x10q.htm"
    },
    {
        "date": "2016-12-31",
        "symbol": "NFG",
        "reportedCurrency": "USD",
        "cik": "0000070145",
        "fillingDate": "2017-02-03",
        "acceptedDate": "2017-02-03 13:45:32",
        "calendarYear": "2017",
        "period": "Q1",
        "revenue": 422500000,
        "costOfRevenue": 229982000,
        "grossProfit": 192518000,
        "grossProfitRatio": 0.4556639053,
        "researchAndDevelopmentExpenses": 0,
        "generalAndAdministrativeExpenses": 0,
        "sellingAndMarketingExpenses": 0,
        "sellingGeneralAndAdministrativeExpenses": 0,
        "otherExpenses": 20379000,
        "operatingExpenses": 20379000,
        "costAndExpenses": 250361000,
        "interestIncome": 1600000,
        "interestExpense": 30013000,
        "depreciationAndAmortization": 56196000,
        "ebitda": 231549000,
        "ebitdaratio": 0.5480449704,
        "operatingIncome": 172139000,
        "operatingIncomeRatio": 0.4074295858,
        "totalOtherIncomeExpensesNet": -26799000,
        "incomeBeforeTax": 145340000,
        "incomeBeforeTaxRatio": 0.344,
        "incomeTaxExpense": 56432000,
        "netIncome": 88908000,
        "netIncomeRatio": 0.2104331361,
        "eps": 1.04,
        "epsdiluted": 1.04,
        "weightedAverageShsOut": 85189851,
        "weightedAverageShsOutDil": 85797989,
        "link": "https://www.sec.gov/Archives/edgar/data/70145/000007014517000015/0000070145-17-000015-index.htm",
        "finalLink": "https://www.sec.gov/Archives/edgar/data/70145/000007014517000015/nfg-12312016x10q.htm"
    },
    {
        "date": "2016-09-30",
        "symbol": "NFG",
        "reportedCurrency": "USD",
        "cik": "0000070145",
        "fillingDate": "2016-11-18",
        "acceptedDate": "2016-11-18 15:42:59",
        "calendarYear": "2016",
        "period": "Q4",
        "revenue": 292473000,
        "costOfRevenue": 158682000,
        "grossProfit": 133791000,
        "grossProfitRatio": 0.4574473541,
        "researchAndDevelopmentExpenses": 0,
        "generalAndAdministrativeExpenses": 0,
        "sellingAndMarketingExpenses": 0,
        "sellingGeneralAndAdministrativeExpenses": 0,
        "otherExpenses": 52546000,
        "operatingExpenses": 52546000,
        "costAndExpenses": 211228000,
        "interestIncome": 1595000,
        "interestExpense": 28843000,
        "depreciationAndAmortization": 56117000,
        "ebitda": 141604000,
        "ebitdaratio": 0.4841609311,
        "operatingIncome": 81245000,
        "operatingIncomeRatio": 0.2777863256,
        "totalOtherIncomeExpensesNet": -24601000,
        "incomeBeforeTax": 56644000,
        "incomeBeforeTaxRatio": 0.1936725783,
        "incomeTaxExpense": 19091000,
        "netIncome": 37552000,
        "netIncomeRatio": 0.1283947578,
        "eps": 0.44,
        "epsdiluted": 0.44,
        "weightedAverageShsOut": 85016408,
        "weightedAverageShsOutDil": 85629858,
        "link": "https://www.sec.gov/Archives/edgar/data/70145/000007014516000173/0000070145-16-000173-index.htm",
        "finalLink": "https://www.sec.gov/Archives/edgar/data/70145/000007014516000173/nfg-2016930x10k.htm"
    },
    {
        "date": "2016-06-30",
        "symbol": "NFG",
        "reportedCurrency": "USD",
        "cik": "0000070145",
        "fillingDate": "2016-08-05",
        "acceptedDate": "2016-08-05 13:38:12",
        "calendarYear": "2016",
        "period": "Q3",
        "revenue": 335617000,
        "costOfRevenue": 187537000,
        "grossProfit": 148080000,
        "grossProfitRatio": 0.4412172208,
        "researchAndDevelopmentExpenses": 0,
        "generalAndAdministrativeExpenses": 0,
        "sellingAndMarketingExpenses": 0,
        "sellingGeneralAndAdministrativeExpenses": 0,
        "otherExpenses": 102919000,
        "operatingExpenses": 102919000,
        "costAndExpenses": 290456000,
        "interestIncome": 564000,
        "interestExpense": 30218000,
        "depreciationAndAmortization": 58802000,
        "ebitda": 106046000,
        "ebitdaratio": 0.3159732671,
        "operatingIncome": 45161000,
        "operatingIncomeRatio": 0.1345611218,
        "totalOtherIncomeExpensesNet": -28135000,
        "incomeBeforeTax": 17026000,
        "incomeBeforeTaxRatio": 0.0507304457,
        "incomeTaxExpense": 8740000,
        "netIncome": 8286000,
        "netIncomeRatio": 0.0246888566,
        "eps": 0.1,
        "epsdiluted": 0.1,
        "weightedAverageShsOut": 84917664,
        "weightedAverageShsOutDil": 85470216,
        "link": "https://www.sec.gov/Archives/edgar/data/70145/000007014516000153/0000070145-16-000153-index.htm",
        "finalLink": "https://www.sec.gov/Archives/edgar/data/70145/000007014516000153/nfg-6302016x10q.htm"
    },
    {
        "date": "2016-03-31",
        "symbol": "NFG",
        "reportedCurrency": "USD",
        "cik": "0000070145",
        "fillingDate": "2016-05-04",
        "acceptedDate": "2016-05-04 10:34:53",
        "calendarYear": "2016",
        "period": "Q2",
        "revenue": 449132000,
        "costOfRevenue": 267384000,
        "grossProfit": 181748000,
        "grossProfitRatio": 0.4046649983,
        "researchAndDevelopmentExpenses": 0,
        "generalAndAdministrativeExpenses": 0,
        "sellingAndMarketingExpenses": 0,
        "sellingGeneralAndAdministrativeExpenses": 0,
        "otherExpenses": 418748000,
        "operatingExpenses": 418748000,
        "costAndExpenses": 686132000,
        "interestIncome": 278000,
        "interestExpense": 30231000,
        "depreciationAndAmortization": 63947000,
        "ebitda": -169539000,
        "ebitdaratio": -0.3774814531,
        "operatingIncome": -237000000,
        "operatingIncomeRatio": -0.5276845115,
        "totalOtherIncomeExpensesNet": -26717000,
        "incomeBeforeTax": -263717000,
        "incomeBeforeTaxRatio": -0.5871703642,
        "incomeTaxExpense": -116030000,
        "netIncome": -147687000,
        "netIncomeRatio": -0.3288276052,
        "eps": -1.74,
        "epsdiluted": -1.74,
        "weightedAverageShsOut": 84806982,
        "weightedAverageShsOutDil": 84806982,
        "link": "https://www.sec.gov/Archives/edgar/data/70145/000007014516000126/0000070145-16-000126-index.htm",
        "finalLink": "https://www.sec.gov/Archives/edgar/data/70145/000007014516000126/nfg-3312016x10q.htm"
    },
    {
        "date": "2015-12-31",
        "symbol": "NFG",
        "reportedCurrency": "USD",
        "cik": "0000070145",
        "fillingDate": "2016-02-05",
        "acceptedDate": "2016-02-05 15:14:12",
        "calendarYear": "2016",
        "period": "Q1",
        "revenue": 375195000,
        "costOfRevenue": 225311000,
        "grossProfit": 149884000,
        "grossProfitRatio": 0.3994829355,
        "researchAndDevelopmentExpenses": 0,
        "generalAndAdministrativeExpenses": 0,
        "sellingAndMarketingExpenses": 0,
        "sellingGeneralAndAdministrativeExpenses": 0,
        "otherExpenses": 455808000,
        "operatingExpenses": 455808000,
        "costAndExpenses": 681119000,
        "interestIncome": 1799000,
        "interestExpense": 31752000,
        "depreciationAndAmortization": 70551000,
        "ebitda": -231156000,
        "ebitdaratio": -0.6160956303,
        "operatingIncome": -305924000,
        "operatingIncomeRatio": -0.8153733392,
        "totalOtherIncomeExpensesNet": -27535000,
        "incomeBeforeTax": -333459000,
        "incomeBeforeTaxRatio": -0.8887618438,
        "incomeTaxExpense": -144350000,
        "netIncome": -189109000,
        "netIncomeRatio": -0.5040285718,
        "eps": -2.23,
        "epsdiluted": -2.23,
        "weightedAverageShsOut": 84651233,
        "weightedAverageShsOutDil": 84651233,
        "link": "https://www.sec.gov/Archives/edgar/data/70145/000007014516000095/0000070145-16-000095-index.htm",
        "finalLink": "https://www.sec.gov/Archives/edgar/data/70145/000007014516000095/nfg-12312015x10q.htm"
    },
    {
        "date": "2015-09-30",
        "symbol": "NFG",
        "reportedCurrency": "USD",
        "cik": "0000070145",
        "fillingDate": "2016-03-03",
        "acceptedDate": "2016-03-03 15:56:49",
        "calendarYear": "2015",
        "period": "Q4",
        "revenue": 301062000,
        "costOfRevenue": 189594000,
        "grossProfit": 111468000,
        "grossProfitRatio": 0.3702493174,
        "researchAndDevelopmentExpenses": 0,
        "generalAndAdministrativeExpenses": 0,
        "sellingAndMarketingExpenses": 0,
        "sellingGeneralAndAdministrativeExpenses": 0,
        "otherExpenses": 438200000,
        "operatingExpenses": 438200000,
        "costAndExpenses": 627794000,
        "interestIncome": 2291000,
        "interestExpense": 29189000,
        "depreciationAndAmortization": 70860000,
        "ebitda": -250180000,
        "ebitdaratio": -0.830991623,
        "operatingIncome": -326732000,
        "operatingIncomeRatio": -1.0852648292,
        "totalOtherIncomeExpensesNet": -23497000,
        "incomeBeforeTax": -350227000,
        "incomeBeforeTaxRatio": -1.1633052328,
        "incomeTaxExpense": -162525000,
        "netIncome": -187703000,
        "netIncomeRatio": -0.6234695843,
        "eps": -2.22,
        "epsdiluted": -2.22,
        "weightedAverageShsOut": 84427454,
        "weightedAverageShsOutDil": 84570432,
        "link": "https://www.sec.gov/Archives/edgar/data/70145/000007014516000103/0000070145-16-000103-index.htm",
        "finalLink": "https://www.sec.gov/Archives/edgar/data/70145/000007014516000103/nfg-2015930x10kxa.htm"
    },
    {
        "date": "2015-06-30",
        "symbol": "NFG",
        "reportedCurrency": "USD",
        "cik": "0000070145",
        "fillingDate": "2015-08-07",
        "acceptedDate": "2015-08-07 14:03:39",
        "calendarYear": "2015",
        "period": "Q3",
        "revenue": 339815000,
        "costOfRevenue": 217600000,
        "grossProfit": 122215000,
        "grossProfitRatio": 0.3596515751,
        "researchAndDevelopmentExpenses": 0,
        "generalAndAdministrativeExpenses": 0,
        "sellingAndMarketingExpenses": 0,
        "sellingGeneralAndAdministrativeExpenses": 0,
        "otherExpenses": 611429000,
        "operatingExpenses": 611429000,
        "costAndExpenses": 829029000,
        "interestIncome": 327000,
        "interestExpense": 23220000,
        "depreciationAndAmortization": 79865000,
        "ebitda": -406956000,
        "ebitdaratio": -1.1975810367,
        "operatingIncome": -489214000,
        "operatingIncomeRatio": -1.4396480438,
        "totalOtherIncomeExpensesNet": -20827000,
        "incomeBeforeTax": -510041000,
        "incomeBeforeTaxRatio": -1.5009372747,
        "incomeTaxExpense": -216907000,
        "netIncome": -293134000,
        "netIncomeRatio": -0.8626281948,
        "eps": -3.47,
        "epsdiluted": -3.44,
        "weightedAverageShsOut": 84453602,
        "weightedAverageShsOutDil": 85248281,
        "link": "https://www.sec.gov/Archives/edgar/data/70145/000007014515000048/0000070145-15-000048-index.htm",
        "finalLink": "https://www.sec.gov/Archives/edgar/data/70145/000007014515000048/nfg-6302015x10q.htm"
    },
    {
        "date": "2015-03-31",
        "symbol": "NFG",
        "reportedCurrency": "USD",
        "cik": "0000070145",
        "fillingDate": "2015-05-01",
        "acceptedDate": "2015-05-01 15:27:33",
        "calendarYear": "2015",
        "period": "Q2",
        "revenue": 596127000,
        "costOfRevenue": 406532000,
        "grossProfit": 189595000,
        "grossProfitRatio": 0.3180446448,
        "researchAndDevelopmentExpenses": 0,
        "generalAndAdministrativeExpenses": 0,
        "sellingAndMarketingExpenses": 0,
        "sellingGeneralAndAdministrativeExpenses": 0,
        "otherExpenses": 145264000,
        "operatingExpenses": 145264000,
        "costAndExpenses": 551796000,
        "interestIncome": 46000,
        "interestExpense": 23960000,
        "depreciationAndAmortization": 82686000,
        "ebitda": 128451000,
        "ebitdaratio": 0.2154758969,
        "operatingIncome": 44331000,
        "operatingIncomeRatio": 0.0743650262,
        "totalOtherIncomeExpensesNet": -22526000,
        "incomeBeforeTax": 21805000,
        "incomeBeforeTaxRatio": 0.0365777762,
        "incomeTaxExpense": 5136000,
        "netIncome": 16669000,
        "netIncomeRatio": 0.0279621624,
        "eps": 0.2,
        "epsdiluted": 0.2,
        "weightedAverageShsOut": 84317508,
        "weightedAverageShsOutDil": 85133142,
        "link": "https://www.sec.gov/Archives/edgar/data/70145/000007014515000027/0000070145-15-000027-index.htm",
        "finalLink": "https://www.sec.gov/Archives/edgar/data/70145/000007014515000027/nfg-3312015x10q.htm"
    },
    {
        "date": "2014-12-31",
        "symbol": "NFG",
        "reportedCurrency": "USD",
        "cik": "0000070145",
        "fillingDate": "2015-01-30",
        "acceptedDate": "2015-01-30 13:52:45",
        "calendarYear": "2015",
        "period": "Q1",
        "revenue": 523909000,
        "costOfRevenue": 342420000,
        "grossProfit": 181489000,
        "grossProfitRatio": 0.346413213,
        "researchAndDevelopmentExpenses": 0,
        "generalAndAdministrativeExpenses": 0,
        "sellingAndMarketingExpenses": 0,
        "sellingGeneralAndAdministrativeExpenses": 0,
        "otherExpenses": 20929000,
        "operatingExpenses": 20929000,
        "costAndExpenses": 363349000,
        "interestIncome": 1258000,
        "interestExpense": 23101000,
        "depreciationAndAmortization": 102747000,
        "ebitda": 265748000,
        "ebitdaratio": 0.5072407613,
        "operatingIncome": 160560000,
        "operatingIncomeRatio": 0.3064654358,
        "totalOtherIncomeExpensesNet": -20660000,
        "incomeBeforeTax": 139900000,
        "incomeBeforeTaxRatio": 0.2670311065,
        "incomeTaxExpense": 55160000,
        "netIncome": 84740000,
        "netIncomeRatio": 0.1617456467,
        "eps": 1.01,
        "epsdiluted": 1,
        "weightedAverageShsOut": 84208645,
        "weightedAverageShsOutDil": 85118516,
        "link": "https://www.sec.gov/Archives/edgar/data/70145/000007014515000012/0000070145-15-000012-index.htm",
        "finalLink": "https://www.sec.gov/Archives/edgar/data/70145/000007014515000012/nfg-12312014x10q.htm"
    },
    {
        "date": "2014-09-30",
        "symbol": "NFG",
        "reportedCurrency": "USD",
        "cik": "0000070145",
        "fillingDate": "2014-11-21",
        "acceptedDate": "2014-11-21 12:16:50",
        "calendarYear": "2014",
        "period": "Q4",
        "revenue": 366623000,
        "costOfRevenue": 243022000,
        "grossProfit": 123601000,
        "grossProfitRatio": 0.3371337859,
        "researchAndDevelopmentExpenses": 0,
        "generalAndAdministrativeExpenses": 0,
        "sellingAndMarketingExpenses": 0,
        "sellingGeneralAndAdministrativeExpenses": 0,
        "otherExpenses": 21597000,
        "operatingExpenses": 21597000,
        "costAndExpenses": 264619000,
        "interestIncome": 2849000,
        "interestExpense": 23050000,
        "depreciationAndAmortization": 103905000,
        "ebitda": 211372000,
        "ebitdaratio": 0.5765377513,
        "operatingIncome": 102004000,
        "operatingIncomeRatio": 0.2782258614,
        "totalOtherIncomeExpensesNet": -17587000,
        "incomeBeforeTax": 84417000,
        "incomeBeforeTaxRatio": 0.2302556032,
        "incomeTaxExpense": 26987000,
        "netIncome": 57430000,
        "netIncomeRatio": 0.1566459278,
        "eps": 0.68,
        "epsdiluted": 0.68,
        "weightedAverageShsOut": 85062410,
        "weightedAverageShsOutDil": 85062410,
        "link": "https://www.sec.gov/Archives/edgar/data/70145/000007014514000095/0000070145-14-000095-index.htm",
        "finalLink": "https://www.sec.gov/Archives/edgar/data/70145/000007014514000095/nfg-2014930x10k.htm"
    },
    {
        "date": "2014-06-30",
        "symbol": "NFG",
        "reportedCurrency": "USD",
        "cik": "0000070145",
        "fillingDate": "2014-08-08",
        "acceptedDate": "2014-08-08 14:32:01",
        "calendarYear": "2014",
        "period": "Q3",
        "revenue": 440144000,
        "costOfRevenue": 290648000,
        "grossProfit": 149496000,
        "grossProfitRatio": 0.3396524774,
        "researchAndDevelopmentExpenses": 0,
        "generalAndAdministrativeExpenses": 0,
        "sellingAndMarketingExpenses": 0,
        "sellingGeneralAndAdministrativeExpenses": 0,
        "otherExpenses": 22483000,
        "operatingExpenses": 22483000,
        "costAndExpenses": 313131000,
        "interestIncome": 370000,
        "interestExpense": 23252000,
        "depreciationAndAmortization": 96787000,
        "ebitda": 225666000,
        "ebitdaratio": 0.5127094769,
        "operatingIncome": 127013000,
        "operatingIncomeRatio": 0.2885714675,
        "totalOtherIncomeExpensesNet": -21386000,
        "incomeBeforeTax": 105627000,
        "incomeBeforeTaxRatio": 0.2399828238,
        "incomeTaxExpense": 41107000,
        "netIncome": 64520000,
        "netIncomeRatio": 0.1465883893,
        "eps": 0.77,
        "epsdiluted": 0.76,
        "weightedAverageShsOut": 84029124,
        "weightedAverageShsOutDil": 84973100,
        "link": "https://www.sec.gov/Archives/edgar/data/70145/000007014514000078/0000070145-14-000078-index.htm",
        "finalLink": "https://www.sec.gov/Archives/edgar/data/70145/000007014514000078/nfg-6302014x10q.htm"
    },
    {
        "date": "2014-03-31",
        "symbol": "NFG",
        "reportedCurrency": "USD",
        "cik": "0000070145",
        "fillingDate": "2014-05-09",
        "acceptedDate": "2014-05-09 14:20:40",
        "calendarYear": "2014",
        "period": "Q2",
        "revenue": 756242000,
        "costOfRevenue": 550463000,
        "grossProfit": 205779000,
        "grossProfitRatio": 0.2721073413,
        "researchAndDevelopmentExpenses": 0,
        "generalAndAdministrativeExpenses": 0,
        "sellingAndMarketingExpenses": 0,
        "sellingGeneralAndAdministrativeExpenses": 0,
        "otherExpenses": 25704000,
        "operatingExpenses": 25704000,
        "costAndExpenses": 576167000,
        "interestIncome": 249000,
        "interestExpense": 24141000,
        "depreciationAndAmortization": 89975000,
        "ebitda": 275422000,
        "ebitdaratio": 0.3641982328,
        "operatingIncome": 180075000,
        "operatingIncomeRatio": 0.2381182214,
        "totalOtherIncomeExpensesNet": -18769000,
        "incomeBeforeTax": 161306000,
        "incomeBeforeTaxRatio": 0.2132994465,
        "incomeTaxExpense": 66095000,
        "netIncome": 95211000,
        "netIncomeRatio": 0.1259001748,
        "eps": 1.14,
        "epsdiluted": 1.12,
        "weightedAverageShsOut": 83856120,
        "weightedAverageShsOutDil": 84837123,
        "link": "https://www.sec.gov/Archives/edgar/data/70145/000007014514000048/0000070145-14-000048-index.htm",
        "finalLink": "https://www.sec.gov/Archives/edgar/data/70145/000007014514000048/nfg-3312014x10q.htm"
    },
    {
        "date": "2013-12-31",
        "symbol": "NFG",
        "reportedCurrency": "USD",
        "cik": "0000070145",
        "fillingDate": "2014-02-07",
        "acceptedDate": "2014-02-07 13:59:30",
        "calendarYear": "2014",
        "period": "Q1",
        "revenue": 550072000,
        "costOfRevenue": 368565000,
        "grossProfit": 181507000,
        "grossProfitRatio": 0.3299695313,
        "researchAndDevelopmentExpenses": 0,
        "generalAndAdministrativeExpenses": 0,
        "sellingAndMarketingExpenses": 0,
        "sellingGeneralAndAdministrativeExpenses": 0,
        "otherExpenses": 20926000,
        "operatingExpenses": 20926000,
        "costAndExpenses": 389491000,
        "interestIncome": 702000,
        "interestExpense": 23834000,
        "depreciationAndAmortization": 93114000,
        "ebitda": 254625000,
        "ebitdaratio": 0.4628939484,
        "operatingIncome": 160581000,
        "operatingIncomeRatio": 0.2919272386,
        "totalOtherIncomeExpensesNet": -22904000,
        "incomeBeforeTax": 137677000,
        "incomeBeforeTaxRatio": 0.2502890531,
        "incomeTaxExpense": 55425000,
        "netIncome": 82252000,
        "netIncomeRatio": 0.1495295161,
        "eps": 0.98,
        "epsdiluted": 0.97,
        "weightedAverageShsOut": 83707687,
        "weightedAverageShsOutDil": 84659001,
        "link": "https://www.sec.gov/Archives/edgar/data/70145/000007014514000013/0000070145-14-000013-index.htm",
        "finalLink": "https://www.sec.gov/Archives/edgar/data/70145/000007014514000013/nfg-20131231x10q.htm"
    },
    {
        "date": "2013-09-30",
        "symbol": "NFG",
        "reportedCurrency": "USD",
        "cik": "0000070145",
        "fillingDate": "2013-11-22",
        "acceptedDate": "2013-11-22 13:14:58",
        "calendarYear": "2013",
        "period": "Q4",
        "revenue": 338863000,
        "costOfRevenue": 223346000,
        "grossProfit": 115517000,
        "grossProfitRatio": 0.3408958783,
        "researchAndDevelopmentExpenses": 0,
        "generalAndAdministrativeExpenses": 0,
        "sellingAndMarketingExpenses": 0,
        "sellingGeneralAndAdministrativeExpenses": 0,
        "otherExpenses": 18881000,
        "operatingExpenses": 18881000,
        "costAndExpenses": 242227000,
        "interestIncome": 2491000,
        "interestExpense": 23981000,
        "depreciationAndAmortization": 86257000,
        "ebitda": 186415000,
        "ebitdaratio": 0.5501190747,
        "operatingIncome": 96636000,
        "operatingIncomeRatio": 0.2851771955,
        "totalOtherIncomeExpensesNet": -20459000,
        "incomeBeforeTax": 76177000,
        "incomeBeforeTaxRatio": 0.2248017635,
        "incomeTaxExpense": 28334000,
        "netIncome": 47842000,
        "netIncomeRatio": 0.1411839003,
        "eps": 0.57,
        "epsdiluted": 0.57,
        "weightedAverageShsOut": 84502703,
        "weightedAverageShsOutDil": 84502703,
        "link": "https://www.sec.gov/Archives/edgar/data/70145/000119312513451068/0001193125-13-451068-index.htm",
        "finalLink": "https://www.sec.gov/Archives/edgar/data/70145/000119312513451068/d608933d10k.htm"
    },
    {
        "date": "2013-06-30",
        "symbol": "NFG",
        "reportedCurrency": "USD",
        "cik": "0000070145",
        "fillingDate": "2013-08-09",
        "acceptedDate": "2013-08-09 13:26:43",
        "calendarYear": "2013",
        "period": "Q3",
        "revenue": 440008000,
        "costOfRevenue": 291803000,
        "grossProfit": 148205000,
        "grossProfitRatio": 0.3368234214,
        "researchAndDevelopmentExpenses": 0,
        "generalAndAdministrativeExpenses": 0,
        "sellingAndMarketingExpenses": 0,
        "sellingGeneralAndAdministrativeExpenses": 0,
        "otherExpenses": 21201000,
        "operatingExpenses": 21201000,
        "costAndExpenses": 313004000,
        "interestIncome": 317000,
        "interestExpense": 24301000,
        "depreciationAndAmortization": 88142000,
        "ebitda": 216626000,
        "ebitdaratio": 0.4923228669,
        "operatingIncome": 127004000,
        "operatingIncomeRatio": 0.2886402065,
        "totalOtherIncomeExpensesNet": -22821000,
        "incomeBeforeTax": 104183000,
        "incomeBeforeTaxRatio": 0.2367752405,
        "incomeTaxExpense": 45688000,
        "netIncome": 58495000,
        "netIncomeRatio": 0.1329407647,
        "eps": 0.7,
        "epsdiluted": 0.69,
        "weightedAverageShsOut": 83557968,
        "weightedAverageShsOutDil": 84325465,
        "link": "https://www.sec.gov/Archives/edgar/data/70145/000007014513000050/0000070145-13-000050-index.htm",
        "finalLink": "https://www.sec.gov/Archives/edgar/data/70145/000007014513000050/nfg-20130630x10q.htm"
    },
    {
        "date": "2013-03-31",
        "symbol": "NFG",
        "reportedCurrency": "USD",
        "cik": "0000070145",
        "fillingDate": "2013-05-03",
        "acceptedDate": "2013-05-03 13:47:19",
        "calendarYear": "2013",
        "period": "Q2",
        "revenue": 597826000,
        "costOfRevenue": 412150000,
        "grossProfit": 185676000,
        "grossProfitRatio": 0.3105853543,
        "researchAndDevelopmentExpenses": 0,
        "generalAndAdministrativeExpenses": 0,
        "sellingAndMarketingExpenses": 0,
        "sellingGeneralAndAdministrativeExpenses": 0,
        "otherExpenses": 22685000,
        "operatingExpenses": 22685000,
        "costAndExpenses": 434835000,
        "interestIncome": 140000,
        "interestExpense": 23312000,
        "depreciationAndAmortization": 80030000,
        "ebitda": 244248000,
        "ebitdaratio": 0.4085603503,
        "operatingIncome": 162991000,
        "operatingIncomeRatio": 0.2726395306,
        "totalOtherIncomeExpensesNet": -22085000,
        "incomeBeforeTax": 140906000,
        "incomeBeforeTaxRatio": 0.2356973434,
        "incomeTaxExpense": 55186000,
        "netIncome": 85720000,
        "netIncomeRatio": 0.1433862027,
        "eps": 1.03,
        "epsdiluted": 1.02,
        "weightedAverageShsOut": 83498508,
        "weightedAverageShsOutDil": 84159734,
        "link": "https://www.sec.gov/Archives/edgar/data/70145/000007014513000032/0000070145-13-000032-index.htm",
        "finalLink": "https://www.sec.gov/Archives/edgar/data/70145/000007014513000032/nfg-20130331x10q.htm"
    },
    {
        "date": "2012-12-31",
        "symbol": "NFG",
        "reportedCurrency": "USD",
        "cik": "0000070145",
        "fillingDate": "2013-02-08",
        "acceptedDate": "2013-02-08 14:26:20",
        "calendarYear": "2013",
        "period": "Q1",
        "revenue": 452854000,
        "costOfRevenue": 301982000,
        "grossProfit": 150872000,
        "grossProfitRatio": 0.3331581481,
        "researchAndDevelopmentExpenses": 0,
        "generalAndAdministrativeExpenses": 0,
        "sellingAndMarketingExpenses": 0,
        "sellingGeneralAndAdministrativeExpenses": 0,
        "otherExpenses": 19664000,
        "operatingExpenses": 19664000,
        "costAndExpenses": 321646000,
        "interestIncome": 1386000,
        "interestExpense": 22516000,
        "depreciationAndAmortization": 72331000,
        "ebitda": 206340000,
        "ebitdaratio": 0.4556435407,
        "operatingIncome": 131208000,
        "operatingIncomeRatio": 0.2897357647,
        "totalOtherIncomeExpensesNet": -19715000,
        "incomeBeforeTax": 111493000,
        "incomeBeforeTaxRatio": 0.2462007623,
        "incomeTaxExpense": 43549000,
        "netIncome": 67944000,
        "netIncomeRatio": 0.1500351107,
        "eps": 0.81,
        "epsdiluted": 0.81,
        "weightedAverageShsOut": 83390278,
        "weightedAverageShsOutDil": 84006050,
        "link": "https://www.sec.gov/Archives/edgar/data/70145/000007014513000018/0000070145-13-000018-index.htm",
        "finalLink": "https://www.sec.gov/Archives/edgar/data/70145/000007014513000018/nfg-20121231x10q.htm"
    },
    {
        "date": "2012-09-30",
        "symbol": "NFG",
        "reportedCurrency": "USD",
        "cik": "0000070145",
        "fillingDate": "2012-11-21",
        "acceptedDate": "2012-11-21 15:39:22",
        "calendarYear": "2012",
        "period": "Q4",
        "revenue": 313260000,
        "costOfRevenue": 24700000,
        "grossProfit": 288560000,
        "grossProfitRatio": 0.9211517589,
        "researchAndDevelopmentExpenses": 0,
        "generalAndAdministrativeExpenses": 0,
        "sellingAndMarketingExpenses": 0,
        "sellingGeneralAndAdministrativeExpenses": 0,
        "otherExpenses": 181295000,
        "operatingExpenses": 181295000,
        "costAndExpenses": 205995000,
        "interestIncome": 2003000,
        "interestExpense": 22795000,
        "depreciationAndAmortization": 71605000,
        "ebitda": 181930000,
        "ebitdaratio": 0.580763583,
        "operatingIncome": 107265000,
        "operatingIncomeRatio": 0.3424152461,
        "totalOtherIncomeExpensesNet": -19735000,
        "incomeBeforeTax": 87530000,
        "incomeBeforeTaxRatio": 0.2794164592,
        "incomeTaxExpense": 38728000,
        "netIncome": 48802000,
        "netIncomeRatio": 0.1557875247,
        "eps": 0.59,
        "epsdiluted": 0.59,
        "weightedAverageShsOut": 83307127,
        "weightedAverageShsOutDil": 83390278,
        "link": "https://www.sec.gov/Archives/edgar/data/70145/000119312512478803/0001193125-12-478803-index.htm",
        "finalLink": "https://www.sec.gov/Archives/edgar/data/70145/000119312512478803/d439807d10k.htm"
    },
    {
        "date": "2012-06-30",
        "symbol": "NFG",
        "reportedCurrency": "USD",
        "cik": "0000070145",
        "fillingDate": "2012-08-03",
        "acceptedDate": "2012-08-03 13:49:22",
        "calendarYear": "2012",
        "period": "Q3",
        "revenue": 328861000,
        "costOfRevenue": 218136000,
        "grossProfit": 110725000,
        "grossProfitRatio": 0.336692402,
        "researchAndDevelopmentExpenses": 0,
        "generalAndAdministrativeExpenses": 0,
        "sellingAndMarketingExpenses": 0,
        "sellingGeneralAndAdministrativeExpenses": 0,
        "otherExpenses": 20432000,
        "operatingExpenses": 20432000,
        "costAndExpenses": 238568000,
        "interestIncome": 390000,
        "interestExpense": 22357000,
        "depreciationAndAmortization": 74227000,
        "ebitda": 165996000,
        "ebitdaratio": 0.5047603699,
        "operatingIncome": 90293000,
        "operatingIncomeRatio": 0.2745628092,
        "totalOtherIncomeExpensesNet": -20881000,
        "incomeBeforeTax": 69412000,
        "incomeBeforeTaxRatio": 0.211067898,
        "incomeTaxExpense": 26228000,
        "netIncome": 43184000,
        "netIncomeRatio": 0.1313138378,
        "eps": 0.52,
        "epsdiluted": 0.52,
        "weightedAverageShsOut": 83227602,
        "weightedAverageShsOutDil": 83674823,
        "link": "https://www.sec.gov/Archives/edgar/data/70145/000119312512334339/0001193125-12-334339-index.htm",
        "finalLink": "https://www.sec.gov/Archives/edgar/data/70145/000119312512334339/d389113d10q.htm"
    },
    {
        "date": "2012-03-31",
        "symbol": "NFG",
        "reportedCurrency": "USD",
        "cik": "0000070145",
        "fillingDate": "2012-05-04",
        "acceptedDate": "2012-05-04 14:57:21",
        "calendarYear": "2012",
        "period": "Q2",
        "revenue": 552309000,
        "costOfRevenue": 389735000,
        "grossProfit": 162574000,
        "grossProfitRatio": 0.2943533421,
        "researchAndDevelopmentExpenses": 0,
        "generalAndAdministrativeExpenses": 0,
        "sellingAndMarketingExpenses": 0,
        "sellingGeneralAndAdministrativeExpenses": 0,
        "otherExpenses": 30477000,
        "operatingExpenses": 30477000,
        "costAndExpenses": 420212000,
        "interestIncome": 192000,
        "interestExpense": 21678000,
        "depreciationAndAmortization": 63151000,
        "ebitda": 197094000,
        "ebitdaratio": 0.3568545868,
        "operatingIncome": 132097000,
        "operatingIncomeRatio": 0.2391722749,
        "totalOtherIncomeExpensesNet": -19832000,
        "incomeBeforeTax": 112265000,
        "incomeBeforeTaxRatio": 0.2032648391,
        "incomeTaxExpense": 44873000,
        "netIncome": 67392000,
        "netIncomeRatio": 0.1220186526,
        "eps": 0.81,
        "epsdiluted": 0.81,
        "weightedAverageShsOut": 83107884,
        "weightedAverageShsOutDil": 83678261,
        "link": "https://www.sec.gov/Archives/edgar/data/70145/000119312512211613/0001193125-12-211613-index.htm",
        "finalLink": "https://www.sec.gov/Archives/edgar/data/70145/000119312512211613/d338374d10q.htm"
    },
    {
        "date": "2011-12-31",
        "symbol": "NFG",
        "reportedCurrency": "USD",
        "cik": "0000070145",
        "fillingDate": "2012-02-03",
        "acceptedDate": "2012-02-03 15:08:00",
        "calendarYear": "2012",
        "period": "Q1",
        "revenue": 432423000,
        "costOfRevenue": 294799000,
        "grossProfit": 137624000,
        "grossProfitRatio": 0.3182624421,
        "researchAndDevelopmentExpenses": 0,
        "generalAndAdministrativeExpenses": 0,
        "sellingAndMarketingExpenses": 0,
        "sellingGeneralAndAdministrativeExpenses": 0,
        "otherExpenses": 19230000,
        "operatingExpenses": 19230000,
        "costAndExpenses": 314029000,
        "interestIncome": 1105000,
        "interestExpense": 19411000,
        "depreciationAndAmortization": 62547000,
        "ebitda": 183382000,
        "ebitdaratio": 0.4240801252,
        "operatingIncome": 118394000,
        "operatingIncomeRatio": 0.2737920971,
        "totalOtherIncomeExpensesNet": -16970000,
        "incomeBeforeTax": 101424000,
        "incomeBeforeTaxRatio": 0.2345481161,
        "incomeTaxExpense": 40725000,
        "netIncome": 60699000,
        "netIncomeRatio": 0.1403694993,
        "eps": 0.73,
        "epsdiluted": 0.73,
        "weightedAverageShsOut": 82870931,
        "weightedAverageShsOutDil": 83699981,
        "link": "https://www.sec.gov/Archives/edgar/data/70145/000119312512038632/0001193125-12-038632-index.htm",
        "finalLink": "https://www.sec.gov/Archives/edgar/data/70145/000119312512038632/d294971d10q.htm"
    },
    {
        "date": "2011-09-30",
        "symbol": "NFG",
        "reportedCurrency": "USD",
        "cik": "0000070145",
        "fillingDate": "2011-11-23",
        "acceptedDate": "2011-11-23 16:28:04",
        "calendarYear": "2011",
        "period": "Q4",
        "revenue": 286034000,
        "costOfRevenue": 46374000,
        "grossProfit": 239660000,
        "grossProfitRatio": 0.8378724208,
        "researchAndDevelopmentExpenses": 0,
        "generalAndAdministrativeExpenses": 0,
        "sellingAndMarketingExpenses": 0,
        "sellingGeneralAndAdministrativeExpenses": 0,
        "otherExpenses": 164469000,
        "operatingExpenses": 164469000,
        "costAndExpenses": 210843000,
        "interestIncome": 1639000,
        "interestExpense": 18113000,
        "depreciationAndAmortization": 55910000,
        "ebitda": 134557000,
        "ebitdaratio": 0.4704230966,
        "operatingIncome": 75191000,
        "operatingIncomeRatio": 0.2628743436,
        "totalOtherIncomeExpensesNet": -14657000,
        "incomeBeforeTax": 60534000,
        "incomeBeforeTaxRatio": 0.2116321836,
        "incomeTaxExpense": 23177000,
        "netIncome": 37357000,
        "netIncomeRatio": 0.1306033548,
        "eps": 0.45,
        "epsdiluted": 0.45,
        "weightedAverageShsOut": 82746251,
        "weightedAverageShsOutDil": 82870931,
        "link": "https://www.sec.gov/Archives/edgar/data/70145/000119312511321222/0001193125-11-321222-index.htm",
        "finalLink": "https://www.sec.gov/Archives/edgar/data/70145/000119312511321222/d257274d10k.htm"
    },
    {
        "date": "2011-06-30",
        "symbol": "NFG",
        "reportedCurrency": "USD",
        "cik": "0000070145",
        "fillingDate": "2011-08-09",
        "acceptedDate": "2011-08-09 12:37:02",
        "calendarYear": "2011",
        "period": "Q3",
        "revenue": 380979000,
        "costOfRevenue": 112725000,
        "grossProfit": 268254000,
        "grossProfitRatio": 0.7041175498,
        "researchAndDevelopmentExpenses": 0,
        "generalAndAdministrativeExpenses": 0,
        "sellingAndMarketingExpenses": 0,
        "sellingGeneralAndAdministrativeExpenses": 0,
        "otherExpenses": 173449000,
        "operatingExpenses": 173449000,
        "costAndExpenses": 286174000,
        "interestIncome": 325000,
        "interestExpense": 19035000,
        "depreciationAndAmortization": 57293000,
        "ebitda": 154236000,
        "ebitdaratio": 0.4048412117,
        "operatingIncome": 94805000,
        "operatingIncomeRatio": 0.2488457369,
        "totalOtherIncomeExpensesNet": -16897000,
        "incomeBeforeTax": 77908000,
        "incomeBeforeTaxRatio": 0.204494211,
        "incomeTaxExpense": 31017000,
        "netIncome": 46891000,
        "netIncomeRatio": 0.1230802748,
        "eps": 0.57,
        "epsdiluted": 0.56,
        "weightedAverageShsOut": 82687467,
        "weightedAverageShsOutDil": 83782493,
        "link": "https://www.sec.gov/Archives/edgar/data/70145/000119312511215947/0001193125-11-215947-index.htm",
        "finalLink": "https://www.sec.gov/Archives/edgar/data/70145/000119312511215947/d10q.htm"
    },
    {
        "date": "2011-03-31",
        "symbol": "NFG",
        "reportedCurrency": "USD",
        "cik": "0000070145",
        "fillingDate": "2011-05-06",
        "acceptedDate": "2011-05-06 13:46:42",
        "calendarYear": "2011",
        "period": "Q2",
        "revenue": 660881000,
        "costOfRevenue": 306595000,
        "grossProfit": 354286000,
        "grossProfitRatio": 0.5360813823,
        "researchAndDevelopmentExpenses": 0,
        "generalAndAdministrativeExpenses": 0,
        "sellingAndMarketingExpenses": 0,
        "sellingGeneralAndAdministrativeExpenses": 0,
        "otherExpenses": 200530000,
        "operatingExpenses": 200530000,
        "costAndExpenses": 507125000,
        "interestIncome": 68000,
        "interestExpense": 19380000,
        "depreciationAndAmortization": 60011000,
        "ebitda": 267138000,
        "ebitdaratio": 0.4042149797,
        "operatingIncome": 153756000,
        "operatingIncomeRatio": 0.2326530798,
        "totalOtherIncomeExpensesNet": 33991000,
        "incomeBeforeTax": 187747000,
        "incomeBeforeTaxRatio": 0.2840859398,
        "incomeTaxExpense": 72136000,
        "netIncome": 115611000,
        "netIncomeRatio": 0.1749346705,
        "eps": 1.4,
        "epsdiluted": 1.38,
        "weightedAverageShsOut": 82400851,
        "weightedAverageShsOutDil": 83673977,
        "link": "https://www.sec.gov/Archives/edgar/data/70145/000095012311046425/0000950123-11-046425-index.htm",
        "finalLink": "https://www.sec.gov/Archives/edgar/data/70145/000095012311046425/l42546e10vq.htm"
    },
    {
        "date": "2010-12-31",
        "symbol": "NFG",
        "reportedCurrency": "USD",
        "cik": "0000070145",
        "fillingDate": "2011-02-04",
        "acceptedDate": "2011-02-04 15:03:27",
        "calendarYear": "2011",
        "period": "Q1",
        "revenue": 450948000,
        "costOfRevenue": 163038000,
        "grossProfit": 287910000,
        "grossProfitRatio": 0.6384549882,
        "researchAndDevelopmentExpenses": 0,
        "generalAndAdministrativeExpenses": 0,
        "sellingAndMarketingExpenses": 0,
        "sellingGeneralAndAdministrativeExpenses": 0,
        "otherExpenses": 170499000,
        "operatingExpenses": 170499000,
        "costAndExpenses": 333537000,
        "interestIncome": 884000,
        "interestExpense": 21593000,
        "depreciationAndAmortization": 53313000,
        "ebitda": 171501000,
        "ebitdaratio": 0.3803121424,
        "operatingIncome": 117411000,
        "operatingIncomeRatio": 0.2603648314,
        "totalOtherIncomeExpensesNet": -20816000,
        "incomeBeforeTax": 96595000,
        "incomeBeforeTaxRatio": 0.2142042985,
        "incomeTaxExpense": 38052000,
        "netIncome": 58543000,
        "netIncomeRatio": 0.1298220637,
        "eps": 0.71,
        "epsdiluted": 0.7,
        "weightedAverageShsOut": 82223428,
        "weightedAverageShsOutDil": 83420351,
        "link": "https://www.sec.gov/Archives/edgar/data/70145/000095012311009186/0000950123-11-009186-index.htm",
        "finalLink": "https://www.sec.gov/Archives/edgar/data/70145/000095012311009186/l41735e10vq.htm"
    },
    {
        "date": "2010-09-30",
        "symbol": "NFG",
        "reportedCurrency": "USD",
        "cik": "0000070145",
        "fillingDate": "2010-11-24",
        "acceptedDate": "2010-11-24 13:28:52",
        "calendarYear": "2010",
        "period": "Q4",
        "revenue": 277985000,
        "costOfRevenue": 52815000,
        "grossProfit": 225170000,
        "grossProfitRatio": 0.8100077342,
        "researchAndDevelopmentExpenses": 0,
        "generalAndAdministrativeExpenses": 0,
        "sellingAndMarketingExpenses": 0,
        "sellingGeneralAndAdministrativeExpenses": 0,
        "otherExpenses": 152565000,
        "operatingExpenses": 152565000,
        "costAndExpenses": 205380000,
        "interestIncome": 1680000,
        "interestExpense": 23444000,
        "depreciationAndAmortization": 49376000,
        "ebitda": 125618000,
        "ebitdaratio": 0.4518876918,
        "operatingIncome": 72605000,
        "operatingIncomeRatio": 0.2611831574,
        "totalOtherIncomeExpensesNet": -19807000,
        "incomeBeforeTax": 52798000,
        "incomeBeforeTaxRatio": 0.1899311114,
        "incomeTaxExpense": 21177000,
        "netIncome": 38401000,
        "netIncomeRatio": 0.1381405472,
        "eps": 0.47,
        "epsdiluted": 0.46,
        "weightedAverageShsOut": 81590906,
        "weightedAverageShsOutDil": 82815760,
        "link": "https://www.sec.gov/Archives/edgar/data/70145/000095012310108604/0000950123-10-108604-index.htm",
        "finalLink": "https://www.sec.gov/Archives/edgar/data/70145/000095012310108604/l40830e10vk.htm"
    },
    {
        "date": "2010-06-30",
        "symbol": "NFG",
        "reportedCurrency": "USD",
        "cik": "0000070145",
        "fillingDate": "2010-08-06",
        "acceptedDate": "2010-08-06 13:18:16",
        "calendarYear": "2010",
        "period": "Q3",
        "revenue": 351992000,
        "costOfRevenue": 97195000,
        "grossProfit": 254797000,
        "grossProfitRatio": 0.7238715653,
        "researchAndDevelopmentExpenses": 0,
        "generalAndAdministrativeExpenses": 0,
        "sellingAndMarketingExpenses": 0,
        "sellingGeneralAndAdministrativeExpenses": 0,
        "otherExpenses": 165609000,
        "operatingExpenses": 165609000,
        "costAndExpenses": 262804000,
        "interestIncome": 568000,
        "interestExpense": 22981000,
        "depreciationAndAmortization": 50587000,
        "ebitda": 141818000,
        "ebitdaratio": 0.4029012023,
        "operatingIncome": 89188000,
        "operatingIncomeRatio": 0.2533807587,
        "totalOtherIncomeExpensesNet": -20938000,
        "incomeBeforeTax": 68250000,
        "incomeBeforeTaxRatio": 0.1938964522,
        "incomeTaxExpense": 25608000,
        "netIncome": 42585000,
        "netIncomeRatio": 0.1209828632,
        "eps": 0.52,
        "epsdiluted": 0.51,
        "weightedAverageShsOut": 81801377,
        "weightedAverageShsOutDil": 82970921,
        "link": "https://www.sec.gov/Archives/edgar/data/70145/000095012310074068/0000950123-10-074068-index.htm",
        "finalLink": "https://www.sec.gov/Archives/edgar/data/70145/000095012310074068/l40407e10vq.htm"
    },
    {
        "date": "2010-03-31",
        "symbol": "NFG",
        "reportedCurrency": "USD",
        "cik": "0000070145",
        "fillingDate": "2010-05-07",
        "acceptedDate": "2010-05-07 14:51:37",
        "calendarYear": "2010",
        "period": "Q2",
        "revenue": 667980000,
        "costOfRevenue": 332923000,
        "grossProfit": 335057000,
        "grossProfitRatio": 0.5015973532,
        "researchAndDevelopmentExpenses": 0,
        "generalAndAdministrativeExpenses": 0,
        "sellingAndMarketingExpenses": 0,
        "sellingGeneralAndAdministrativeExpenses": 0,
        "otherExpenses": 183426000,
        "operatingExpenses": 183426000,
        "costAndExpenses": 516349000,
        "interestIncome": 326000,
        "interestExpense": 24063000,
        "depreciationAndAmortization": 46891000,
        "ebitda": 200786000,
        "ebitdaratio": 0.3005868439,
        "operatingIncome": 151631000,
        "operatingIncomeRatio": 0.2269993114,
        "totalOtherIncomeExpensesNet": -21799000,
        "incomeBeforeTax": 129832000,
        "incomeBeforeTaxRatio": 0.1943651008,
        "incomeTaxExpense": 49958000,
        "netIncome": 80428000,
        "netIncomeRatio": 0.1204048025,
        "eps": 0.99,
        "epsdiluted": 0.97,
        "weightedAverageShsOut": 81175261,
        "weightedAverageShsOutDil": 82569323,
        "link": "https://www.sec.gov/Archives/edgar/data/70145/000095012310046276/0000950123-10-046276-index.htm",
        "finalLink": "https://www.sec.gov/Archives/edgar/data/70145/000095012310046276/l39574e10vq.htm"
    },
    {
        "date": "2009-12-31",
        "symbol": "NFG",
        "reportedCurrency": "USD",
        "cik": "0000070145",
        "fillingDate": "2010-02-05",
        "acceptedDate": "2010-02-05 14:55:37",
        "calendarYear": "2010",
        "period": "Q1",
        "revenue": 454135000,
        "costOfRevenue": 171290000,
        "grossProfit": 282845000,
        "grossProfitRatio": 0.6228214077,
        "researchAndDevelopmentExpenses": 0,
        "generalAndAdministrativeExpenses": 0,
        "sellingAndMarketingExpenses": 0,
        "sellingGeneralAndAdministrativeExpenses": 0,
        "otherExpenses": 157208000,
        "operatingExpenses": 157208000,
        "costAndExpenses": 328498000,
        "interestIncome": 1154000,
        "interestExpense": 23440000,
        "depreciationAndAmortization": 44955000,
        "ebitda": 172503000,
        "ebitdaratio": 0.3798496042,
        "operatingIncome": 125637000,
        "operatingIncomeRatio": 0.276651216,
        "totalOtherIncomeExpensesNet": -21529000,
        "incomeBeforeTax": 104108000,
        "incomeBeforeTaxRatio": 0.2292446079,
        "incomeTaxExpense": 39883000,
        "netIncome": 64499000,
        "netIncomeRatio": 0.1420260495,
        "eps": 0.8,
        "epsdiluted": 0.78,
        "weightedAverageShsOut": 80612303,
        "weightedAverageShsOutDil": 82172649,
        "link": "https://www.sec.gov/Archives/edgar/data/70145/000095012310009187/0000950123-10-009187-index.htm",
        "finalLink": "https://www.sec.gov/Archives/edgar/data/70145/000095012310009187/l38727e10vq.htm"
    },
    {
        "date": "2009-09-30",
        "symbol": "NFG",
        "reportedCurrency": "USD",
        "cik": "0000070145",
        "fillingDate": "2009-11-25",
        "acceptedDate": "2009-11-25 15:34:13",
        "calendarYear": "2009",
        "period": "Q4",
        "revenue": 278933000,
        "costOfRevenue": 60611000,
        "grossProfit": 218322000,
        "grossProfitRatio": 0.7827040902,
        "researchAndDevelopmentExpenses": 0,
        "generalAndAdministrativeExpenses": 0,
        "sellingAndMarketingExpenses": 0,
        "sellingGeneralAndAdministrativeExpenses": 0,
        "otherExpenses": 153400000,
        "operatingExpenses": 153400000,
        "costAndExpenses": 214011000,
        "interestIncome": 1418000,
        "interestExpense": 24546000,
        "depreciationAndAmortization": 45695000,
        "ebitda": 112799000,
        "ebitdaratio": 0.4043946037,
        "operatingIncome": 64922000,
        "operatingIncomeRatio": 0.2327512342,
        "totalOtherIncomeExpensesNet": -22364000,
        "incomeBeforeTax": 42558000,
        "incomeBeforeTaxRatio": 0.1525742741,
        "incomeTaxExpense": 15560000,
        "netIncome": 26998000,
        "netIncomeRatio": 0.0967902686,
        "eps": 0.34,
        "epsdiluted": 0.34,
        "weightedAverageShsOut": 79600580,
        "weightedAverageShsOutDil": 80510044,
        "link": "https://www.sec.gov/Archives/edgar/data/70145/000095012309066226/0000950123-09-066226-index.htm",
        "finalLink": "https://www.sec.gov/Archives/edgar/data/70145/000095012309066226/l37851e10vk.htm"
    },
    {
        "date": "2009-06-30",
        "symbol": "NFG",
        "reportedCurrency": "USD",
        "cik": "0000070145",
        "fillingDate": "2009-08-07",
        "acceptedDate": "2009-08-07 16:07:44",
        "calendarYear": "2009",
        "period": "Q3",
        "revenue": 367111000,
        "costOfRevenue": 126969000,
        "grossProfit": 240142000,
        "grossProfitRatio": 0.6541400285,
        "researchAndDevelopmentExpenses": 0,
        "generalAndAdministrativeExpenses": 17576000,
        "sellingAndMarketingExpenses": 0,
        "sellingGeneralAndAdministrativeExpenses": 0,
        "otherExpenses": 152914000,
        "operatingExpenses": 152914000,
        "costAndExpenses": 279883000,
        "interestIncome": 1460000,
        "interestExpense": 24295000,
        "depreciationAndAmortization": 43659000,
        "ebitda": 134496000,
        "ebitdaratio": 0.366363307,
        "operatingIncome": 87228000,
        "operatingIncomeRatio": 0.2376066094,
        "totalOtherIncomeExpensesNet": -20686000,
        "incomeBeforeTax": 66542000,
        "incomeBeforeTaxRatio": 0.1812585294,
        "incomeTaxExpense": 23638000,
        "netIncome": 42904000,
        "netIncomeRatio": 0.1168692848,
        "eps": 0.54,
        "epsdiluted": 0.53,
        "weightedAverageShsOut": 79551195,
        "weightedAverageShsOutDil": 80391402,
        "link": "https://www.sec.gov/Archives/edgar/data/70145/000095012309032091/0000950123-09-032091-index.htm",
        "finalLink": "https://www.sec.gov/Archives/edgar/data/70145/000095012309032091/l37203e10vq.htm"
    },
    {
        "date": "2009-03-31",
        "symbol": "NFG",
        "reportedCurrency": "USD",
        "cik": "0000070145",
        "fillingDate": "2009-05-01",
        "acceptedDate": "2009-05-01 15:50:51",
        "calendarYear": "2009",
        "period": "Q2",
        "revenue": 804645000,
        "costOfRevenue": 485468000,
        "grossProfit": 319177000,
        "grossProfitRatio": 0.3966680959,
        "researchAndDevelopmentExpenses": 0,
        "generalAndAdministrativeExpenses": 0,
        "sellingAndMarketingExpenses": 0,
        "sellingGeneralAndAdministrativeExpenses": 0,
        "otherExpenses": 181014000,
        "operatingExpenses": 181014000,
        "costAndExpenses": 666482000,
        "interestIncome": 1005000,
        "interestExpense": 20394000,
        "depreciationAndAmortization": 41714000,
        "ebitda": 182803000,
        "ebitdaratio": 0.2271846591,
        "operatingIncome": 138163000,
        "operatingIncomeRatio": 0.1717067775,
        "totalOtherIncomeExpensesNet": -17468000,
        "incomeBeforeTax": 120695000,
        "incomeBeforeTaxRatio": 0.1499978251,
        "incomeTaxExpense": 47211000,
        "netIncome": 73484000,
        "netIncomeRatio": 0.0913247457,
        "eps": 0.92,
        "epsdiluted": 0.92,
        "weightedAverageShsOut": 79514793,
        "weightedAverageShsOutDil": 80129743,
        "link": "https://www.sec.gov/Archives/edgar/data/70145/000095015209004562/0000950152-09-004562-index.htm",
        "finalLink": "https://www.sec.gov/Archives/edgar/data/70145/000095015209004562/l36296ae10vq.htm"
    },
    {
        "date": "2008-12-31",
        "symbol": "NFG",
        "reportedCurrency": "USD",
        "cik": "0000070145",
        "fillingDate": "2009-02-06",
        "acceptedDate": "2009-02-06 16:37:50",
        "calendarYear": "2009",
        "period": "Q1",
        "revenue": 607163000,
        "costOfRevenue": 328733000,
        "grossProfit": 278430000,
        "grossProfitRatio": 0.4585753743,
        "researchAndDevelopmentExpenses": 0,
        "generalAndAdministrativeExpenses": 0,
        "sellingAndMarketingExpenses": 0,
        "sellingGeneralAndAdministrativeExpenses": 0,
        "otherExpenses": 344802000,
        "operatingExpenses": 344802000,
        "costAndExpenses": 673535000,
        "interestIncome": 1892000,
        "interestExpense": 18431000,
        "depreciationAndAmortization": 42342000,
        "ebitda": -17194000,
        "ebitdaratio": -0.0283185899,
        "operatingIncome": -66372000,
        "operatingIncomeRatio": -0.1093149616,
        "totalOtherIncomeExpensesNet": -11595000,
        "incomeBeforeTax": -77967000,
        "incomeBeforeTaxRatio": -0.128411975,
        "incomeTaxExpense": -35289000,
        "netIncome": -42678000,
        "netIncomeRatio": -0.0702908445,
        "eps": -0.54,
        "epsdiluted": -0.53,
        "weightedAverageShsOut": 79289005,
        "weightedAverageShsOutDil": 80167893,
        "link": "https://www.sec.gov/Archives/edgar/data/70145/000095015209001066/0000950152-09-001066-index.htm",
        "finalLink": "https://www.sec.gov/Archives/edgar/data/70145/000095015209001066/l35368ae10vq.htm"
    },
    {
        "date": "2008-09-30",
        "symbol": "NFG",
        "reportedCurrency": "USD",
        "cik": "0000070145",
        "fillingDate": "2009-01-06",
        "acceptedDate": "2009-01-06 17:23:07",
        "calendarYear": "2008",
        "period": "Q4",
        "revenue": 397858000,
        "costOfRevenue": 152817000,
        "grossProfit": 245041000,
        "grossProfitRatio": 0.615900648,
        "researchAndDevelopmentExpenses": 0,
        "generalAndAdministrativeExpenses": 0,
        "sellingAndMarketingExpenses": 0,
        "sellingGeneralAndAdministrativeExpenses": 0,
        "otherExpenses": 165894000,
        "operatingExpenses": 165894000,
        "costAndExpenses": 318711000,
        "interestIncome": 0,
        "interestExpense": 0,
        "depreciationAndAmortization": 41286000,
        "ebitda": 120433000,
        "ebitdaratio": 0.3027034771,
        "operatingIncome": 79147000,
        "operatingIncomeRatio": 0.1989327851,
        "totalOtherIncomeExpensesNet": -11425000,
        "incomeBeforeTax": 67722000,
        "incomeBeforeTaxRatio": 0.1702165094,
        "incomeTaxExpense": 24457000,
        "netIncome": 43265000,
        "netIncomeRatio": 0.1087448286,
        "eps": 0.55,
        "epsdiluted": 0.55,
        "weightedAverageShsOut": 79289005,
        "weightedAverageShsOutDil": 79289005,
        "link": "https://www.sec.gov/Archives/edgar/data/70145/000095015209000056/0000950152-09-000056-index.htm",
        "finalLink": "https://www.sec.gov/Archives/edgar/data/70145/000095015209000056/l35007ae10vkza.htm"
    },
    {
        "date": "2008-06-30",
        "symbol": "NFG",
        "reportedCurrency": "USD",
        "cik": "0000070145",
        "fillingDate": "2008-08-08",
        "acceptedDate": "2008-08-08 14:15:13",
        "calendarYear": "2008",
        "period": "Q3",
        "revenue": 548382000,
        "costOfRevenue": 272893000,
        "grossProfit": 275489000,
        "grossProfitRatio": 0.5023669632,
        "researchAndDevelopmentExpenses": 0,
        "generalAndAdministrativeExpenses": 0,
        "sellingAndMarketingExpenses": 0,
        "sellingGeneralAndAdministrativeExpenses": 0,
        "otherExpenses": 164541000,
        "operatingExpenses": 164541000,
        "costAndExpenses": 437434000,
        "interestIncome": 3086000,
        "interestExpense": 20667000,
        "depreciationAndAmortization": 42804000,
        "ebitda": 160048000,
        "ebitdaratio": 0.2918549478,
        "operatingIncome": 110948000,
        "operatingIncomeRatio": 0.2023188216,
        "totalOtherIncomeExpensesNet": -14371000,
        "incomeBeforeTax": 96577000,
        "incomeBeforeTaxRatio": 0.1761126368,
        "incomeTaxExpense": 36722000,
        "netIncome": 59855000,
        "netIncomeRatio": 0.1091483674,
        "eps": 0.74,
        "epsdiluted": 0.72,
        "weightedAverageShsOut": 81342788,
        "weightedAverageShsOutDil": 83712193,
        "link": "https://www.sec.gov/Archives/edgar/data/70145/000095015208006233/0000950152-08-006233-index.htm",
        "finalLink": "https://www.sec.gov/Archives/edgar/data/70145/000095015208006233/l32720ae10vq.htm"
    },
    {
        "date": "2008-03-31",
        "symbol": "NFG",
        "reportedCurrency": "USD",
        "cik": "0000070145",
        "fillingDate": "2008-05-02",
        "acceptedDate": "2008-05-02 15:32:28",
        "calendarYear": "2008",
        "period": "Q2",
        "revenue": 885853000,
        "costOfRevenue": 531438000,
        "grossProfit": 354415000,
        "grossProfitRatio": 0.4000833095,
        "researchAndDevelopmentExpenses": 0,
        "generalAndAdministrativeExpenses": 0,
        "sellingAndMarketingExpenses": 0,
        "sellingGeneralAndAdministrativeExpenses": 0,
        "otherExpenses": 184394000,
        "operatingExpenses": 184394000,
        "costAndExpenses": 715832000,
        "interestIncome": 0,
        "interestExpense": 0,
        "depreciationAndAmortization": 42412000,
        "ebitda": 212433000,
        "ebitdaratio": 0.2398061529,
        "operatingIncome": 170021000,
        "operatingIncomeRatio": 0.191929135,
        "totalOtherIncomeExpensesNet": -13287000,
        "incomeBeforeTax": 156734000,
        "incomeBeforeTaxRatio": 0.1769300324,
        "incomeTaxExpense": 61730000,
        "netIncome": 95004000,
        "netIncomeRatio": 0.1072457846,
        "eps": 1.14,
        "epsdiluted": 1.11,
        "weightedAverageShsOut": 83406242,
        "weightedAverageShsOutDil": 85385944,
        "link": "https://www.sec.gov/Archives/edgar/data/70145/000095015208003366/0000950152-08-003366-index.htm",
        "finalLink": "https://www.sec.gov/Archives/edgar/data/70145/000095015208003366/l31225ae10vq.htm"
    },
    {
        "date": "2007-12-31",
        "symbol": "NFG",
        "reportedCurrency": "USD",
        "cik": "0000070145",
        "fillingDate": "2008-02-08",
        "acceptedDate": "2008-02-08 17:26:19",
        "calendarYear": "2008",
        "period": "Q1",
        "revenue": 568268000,
        "costOfRevenue": 278010000,
        "grossProfit": 290258000,
        "grossProfitRatio": 0.5107766054,
        "researchAndDevelopmentExpenses": 0,
        "generalAndAdministrativeExpenses": 0,
        "sellingAndMarketingExpenses": 0,
        "sellingGeneralAndAdministrativeExpenses": 0,
        "otherExpenses": 164248000,
        "operatingExpenses": 164248000,
        "costAndExpenses": 442258000,
        "interestIncome": 0,
        "interestExpense": 0,
        "depreciationAndAmortization": 44121000,
        "ebitda": 170131000,
        "ebitdaratio": 0.2993851493,
        "operatingIncome": 126010000,
        "operatingIncomeRatio": 0.2217439659,
        "totalOtherIncomeExpensesNet": -10392000,
        "incomeBeforeTax": 115618000,
        "incomeBeforeTaxRatio": 0.2034568197,
        "incomeTaxExpense": 45014000,
        "netIncome": 70604000,
        "netIncomeRatio": 0.1242441946,
        "eps": 0.84,
        "epsdiluted": 0.82,
        "weightedAverageShsOut": 83611177,
        "weightedAverageShsOutDil": 85819534,
        "link": "https://www.sec.gov/Archives/edgar/data/70145/000095015208000938/0000950152-08-000938-index.htm",
        "finalLink": "https://www.sec.gov/Archives/edgar/data/70145/000095015208000938/l29893ae10vq.htm"
    },
    {
        "date": "2007-09-30",
        "symbol": "NFG",
        "reportedCurrency": "USD",
        "cik": "0000070145",
        "fillingDate": "2007-11-29",
        "acceptedDate": "2007-11-29 16:40:26",
        "calendarYear": "2007",
        "period": "Q4",
        "revenue": 260025000,
        "costOfRevenue": 79163000,
        "grossProfit": 180862000,
        "grossProfitRatio": 0.6955561965,
        "researchAndDevelopmentExpenses": 0,
        "generalAndAdministrativeExpenses": 0,
        "sellingAndMarketingExpenses": 0,
        "sellingGeneralAndAdministrativeExpenses": 0,
        "otherExpenses": 122157000,
        "operatingExpenses": 122157000,
        "costAndExpenses": 201320000,
        "interestIncome": 0,
        "interestExpense": 0,
        "depreciationAndAmortization": 44817000,
        "ebitda": 103522000,
        "ebitdaratio": 0.3981232574,
        "operatingIncome": 58705000,
        "operatingIncomeRatio": 0.2257667532,
        "totalOtherIncomeExpensesNet": -16999000,
        "incomeBeforeTax": 41706000,
        "incomeBeforeTaxRatio": 0.16039227,
        "incomeTaxExpense": 19796000,
        "netIncome": 157690000,
        "netIncomeRatio": 0.6064416883,
        "eps": 1.89,
        "epsdiluted": 1.84,
        "weightedAverageShsOut": 83376409,
        "weightedAverageShsOutDil": 85560448,
        "link": "https://www.sec.gov/Archives/edgar/data/70145/000095015207009346/0000950152-07-009346-index.htm",
        "finalLink": "https://www.sec.gov/Archives/edgar/data/70145/000095015207009346/l28879ae10vk.htm"
    },
    {
        "date": "2007-06-30",
        "symbol": "NFG",
        "reportedCurrency": "USD",
        "cik": "0000070145",
        "fillingDate": "2007-08-03",
        "acceptedDate": "2007-08-03 15:00:39",
        "calendarYear": "2007",
        "period": "Q3",
        "revenue": 448779000,
        "costOfRevenue": 219075000,
        "grossProfit": 229704000,
        "grossProfitRatio": 0.5118421317,
        "researchAndDevelopmentExpenses": 0,
        "generalAndAdministrativeExpenses": 0,
        "sellingAndMarketingExpenses": 0,
        "sellingGeneralAndAdministrativeExpenses": 0,
        "otherExpenses": 145771000,
        "operatingExpenses": 145771000,
        "costAndExpenses": 364846000,
        "interestIncome": 0,
        "interestExpense": 0,
        "depreciationAndAmortization": 41100000,
        "ebitda": 125033000,
        "ebitdaratio": 0.2786070649,
        "operatingIncome": 83933000,
        "operatingIncomeRatio": 0.1870252396,
        "totalOtherIncomeExpensesNet": -16648000,
        "incomeBeforeTax": 67285000,
        "incomeBeforeTaxRatio": 0.1499290297,
        "incomeTaxExpense": 26073000,
        "netIncome": 46798000,
        "netIncomeRatio": 0.1042784979,
        "eps": 0.56,
        "epsdiluted": 0.55,
        "weightedAverageShsOut": 83483718,
        "weightedAverageShsOutDil": 85668055,
        "link": "https://www.sec.gov/Archives/edgar/data/70145/000095015207006368/0000950152-07-006368-index.htm",
        "finalLink": "https://www.sec.gov/Archives/edgar/data/70145/000095015207006368/l26684ae10vq.htm"
    },
    {
        "date": "2007-03-31",
        "symbol": "NFG",
        "reportedCurrency": "USD",
        "cik": "0000070145",
        "fillingDate": "2007-05-08",
        "acceptedDate": "2007-05-08 15:39:47",
        "calendarYear": "2007",
        "period": "Q2",
        "revenue": 798100000,
        "costOfRevenue": 476904000,
        "grossProfit": 321196000,
        "grossProfitRatio": 0.4024508207,
        "researchAndDevelopmentExpenses": 0,
        "generalAndAdministrativeExpenses": 0,
        "sellingAndMarketingExpenses": 0,
        "sellingGeneralAndAdministrativeExpenses": 0,
        "otherExpenses": 178792000,
        "operatingExpenses": 178792000,
        "costAndExpenses": 655696000,
        "interestIncome": 0,
        "interestExpense": 0,
        "depreciationAndAmortization": 42061000,
        "ebitda": 184465000,
        "ebitdaratio": 0.2311301842,
        "operatingIncome": 142404000,
        "operatingIncomeRatio": 0.1784287683,
        "totalOtherIncomeExpensesNet": -15300000,
        "incomeBeforeTax": 132368000,
        "incomeBeforeTaxRatio": 0.165853903,
        "incomeTaxExpense": 51624000,
        "netIncome": 78447000,
        "netIncomeRatio": 0.098292194,
        "eps": 0.95,
        "epsdiluted": 0.92,
        "weightedAverageShsOut": 82895087,
        "weightedAverageShsOutDil": 85033127,
        "link": "https://www.sec.gov/Archives/edgar/data/70145/000095015207004074/0000950152-07-004074-index.htm",
        "finalLink": "https://www.sec.gov/Archives/edgar/data/70145/000095015207004074/l25991ae10vq.htm"
    },
    {
        "date": "2006-12-31",
        "symbol": "NFG",
        "reportedCurrency": "USD",
        "cik": "0000070145",
        "fillingDate": "2007-02-06",
        "acceptedDate": "2007-02-06 15:52:33",
        "calendarYear": "2007",
        "period": "Q1",
        "revenue": 490659000,
        "costOfRevenue": 242939000,
        "grossProfit": 247720000,
        "grossProfitRatio": 0.5048720191,
        "researchAndDevelopmentExpenses": 0,
        "generalAndAdministrativeExpenses": 0,
        "sellingAndMarketingExpenses": 0,
        "sellingGeneralAndAdministrativeExpenses": 0,
        "otherExpenses": 151063000,
        "operatingExpenses": 151063000,
        "costAndExpenses": 394002000,
        "interestIncome": 0,
        "interestExpense": 0,
        "depreciationAndAmortization": 42825000,
        "ebitda": 139482000,
        "ebitdaratio": 0.2842748222,
        "operatingIncome": 96657000,
        "operatingIncomeRatio": 0.1969942465,
        "totalOtherIncomeExpensesNet": -14861000,
        "incomeBeforeTax": 81796000,
        "incomeBeforeTaxRatio": 0.1667064091,
        "incomeTaxExpense": 31108000,
        "netIncome": 54520000,
        "netIncomeRatio": 0.1111158666,
        "eps": 0.66,
        "epsdiluted": 0.64,
        "weightedAverageShsOut": 82679343,
        "weightedAverageShsOutDil": 84730910,
        "link": "https://www.sec.gov/Archives/edgar/data/70145/000095015207000792/0000950152-07-000792-index.htm",
        "finalLink": "https://www.sec.gov/Archives/edgar/data/70145/000095015207000792/l24230ae10vq.htm"
    },
    {
        "date": "2006-09-30",
        "symbol": "NFG",
        "reportedCurrency": "USD",
        "cik": "0000070145",
        "fillingDate": "2006-12-08",
        "acceptedDate": "2006-12-08 16:11:37",
        "calendarYear": "2006",
        "period": "Q4",
        "revenue": 294470000,
        "costOfRevenue": 79610000,
        "grossProfit": 214860000,
        "grossProfitRatio": 0.7296498794,
        "researchAndDevelopmentExpenses": 0,
        "generalAndAdministrativeExpenses": 0,
        "sellingAndMarketingExpenses": 0,
        "sellingGeneralAndAdministrativeExpenses": 0,
        "otherExpenses": 196416000,
        "operatingExpenses": 196416000,
        "costAndExpenses": 276026000,
        "interestIncome": 0,
        "interestExpense": 0,
        "depreciationAndAmortization": 45348000,
        "ebitda": 63792000,
        "ebitdaratio": 0.2166332733,
        "operatingIncome": 18444000,
        "operatingIncomeRatio": 0.0626345638,
        "totalOtherIncomeExpensesNet": -11165000,
        "incomeBeforeTax": 7279000,
        "incomeBeforeTaxRatio": 0.0247189867,
        "incomeTaxExpense": 5311000,
        "netIncome": 1968000,
        "netIncomeRatio": 0.0066831935,
        "eps": 0.0238,
        "epsdiluted": 0.0238,
        "weightedAverageShsOut": 82679343,
        "weightedAverageShsOutDil": 82679343,
        "link": "https://www.sec.gov/Archives/edgar/data/70145/000095015206009990/0000950152-06-009990-index.htm",
        "finalLink": "https://www.sec.gov/Archives/edgar/data/70145/000095015206009990/l22614ae10vk.htm"
    },
    {
        "date": "2006-06-30",
        "symbol": "NFG",
        "reportedCurrency": "USD",
        "cik": "0000070145",
        "fillingDate": "2006-08-04",
        "acceptedDate": "2006-08-04 15:08:29",
        "calendarYear": "2006",
        "period": "Q3",
        "revenue": 415452000,
        "costOfRevenue": 184635000,
        "grossProfit": 230817000,
        "grossProfitRatio": 0.5555804281,
        "researchAndDevelopmentExpenses": 0,
        "generalAndAdministrativeExpenses": 0,
        "sellingAndMarketingExpenses": 0,
        "sellingGeneralAndAdministrativeExpenses": 0,
        "otherExpenses": 222276000,
        "operatingExpenses": 222276000,
        "costAndExpenses": 406911000,
        "interestIncome": 0,
        "interestExpense": 0,
        "depreciationAndAmortization": 46943000,
        "ebitda": 55484000,
        "ebitdaratio": 0.1335509277,
        "operatingIncome": 8541000,
        "operatingIncomeRatio": 0.0205583316,
        "totalOtherIncomeExpensesNet": -16197000,
        "incomeBeforeTax": -7656000,
        "incomeBeforeTaxRatio": -0.0184281217,
        "incomeTaxExpense": -7767000,
        "netIncome": 111000,
        "netIncomeRatio": 0.0002671789,
        "eps": 0.0013,
        "epsdiluted": 0.0013,
        "weightedAverageShsOut": 84013556,
        "weightedAverageShsOutDil": 86016131,
        "link": "https://www.sec.gov/Archives/edgar/data/70145/000007014506000060/0000070145-06-000060-index.htm",
        "finalLink": "https://www.sec.gov/Archives/edgar/data/70145/000007014506000060/form10qjune.htm"
    },
    {
        "date": "2006-03-31",
        "symbol": "NFG",
        "reportedCurrency": "USD",
        "cik": "0000070145",
        "fillingDate": "2006-05-05",
        "acceptedDate": "2006-05-05 16:46:28",
        "calendarYear": "2006",
        "period": "Q2",
        "revenue": 890981000,
        "costOfRevenue": 566540000,
        "grossProfit": 324441000,
        "grossProfitRatio": 0.3641390782,
        "researchAndDevelopmentExpenses": 0,
        "generalAndAdministrativeExpenses": 0,
        "sellingAndMarketingExpenses": 0,
        "sellingGeneralAndAdministrativeExpenses": 0,
        "otherExpenses": 185474000,
        "operatingExpenses": 185474000,
        "costAndExpenses": 752014000,
        "interestIncome": 0,
        "interestExpense": 0,
        "depreciationAndAmortization": 44278000,
        "ebitda": 183245000,
        "ebitdaratio": 0.205666563,
        "operatingIncome": 138967000,
        "operatingIncomeRatio": 0.1559707783,
        "totalOtherIncomeExpensesNet": -17681000,
        "incomeBeforeTax": 121286000,
        "incomeBeforeTaxRatio": 0.1361263596,
        "incomeTaxExpense": 42692000,
        "netIncome": 78594000,
        "netIncomeRatio": 0.0882106352,
        "eps": 0.93,
        "epsdiluted": 0.91,
        "weightedAverageShsOut": 84346733,
        "weightedAverageShsOutDil": 86253597,
        "link": "https://www.sec.gov/Archives/edgar/data/70145/000007014506000036/0000070145-06-000036-index.htm",
        "finalLink": "https://www.sec.gov/Archives/edgar/data/70145/000007014506000036/form10qmar2006.htm"
    },
    {
        "date": "2005-12-31",
        "symbol": "NFG",
        "reportedCurrency": "USD",
        "cik": "0000070145",
        "fillingDate": "2006-02-09",
        "acceptedDate": "2006-02-09 16:05:40",
        "calendarYear": "2006",
        "period": "Q1",
        "revenue": 710756000,
        "costOfRevenue": 436778000,
        "grossProfit": 273978000,
        "grossProfitRatio": 0.3854740586,
        "researchAndDevelopmentExpenses": 0,
        "generalAndAdministrativeExpenses": 0,
        "sellingAndMarketingExpenses": 0,
        "sellingGeneralAndAdministrativeExpenses": 0,
        "otherExpenses": 163855000,
        "operatingExpenses": 163855000,
        "costAndExpenses": 600633000,
        "interestIncome": 0,
        "interestExpense": 0,
        "depreciationAndAmortization": 43046000,
        "ebitda": 153169000,
        "ebitdaratio": 0.2155015223,
        "operatingIncome": 110123000,
        "operatingIncomeRatio": 0.1549378408,
        "totalOtherIncomeExpensesNet": -16854000,
        "incomeBeforeTax": 93269000,
        "incomeBeforeTaxRatio": 0.1312250618,
        "incomeTaxExpense": 35850000,
        "netIncome": 57419000,
        "netIncomeRatio": 0.0807858112,
        "eps": 0.68,
        "epsdiluted": 0.67,
        "weightedAverageShsOut": 84422717,
        "weightedAverageShsOutDil": 86256862,
        "link": "https://www.sec.gov/Archives/edgar/data/70145/000007014506000016/0000070145-06-000016-index.htm",
        "finalLink": "https://www.sec.gov/Archives/edgar/data/70145/000007014506000016/form10qdec2005.htm"
    },
    {
        "date": "2005-09-30",
        "symbol": "NFG",
        "reportedCurrency": "USD",
        "cik": "0000070145",
        "fillingDate": "2005-12-12",
        "acceptedDate": "2005-12-12 17:07:33",
        "calendarYear": "2005",
        "period": "Q4",
        "revenue": 287065000,
        "costOfRevenue": 82317000,
        "grossProfit": 204748000,
        "grossProfitRatio": 0.7132461289,
        "researchAndDevelopmentExpenses": 0,
        "generalAndAdministrativeExpenses": 0,
        "sellingAndMarketingExpenses": 0,
        "sellingGeneralAndAdministrativeExpenses": 0,
        "otherExpenses": 173980000,
        "operatingExpenses": 173980000,
        "costAndExpenses": 256297000,
        "interestIncome": 0,
        "interestExpense": 0,
        "depreciationAndAmortization": 47330000,
        "ebitda": 78098000,
        "ebitdaratio": 0.2720568512,
        "operatingIncome": 30768000,
        "operatingIncomeRatio": 0.1071813004,
        "totalOtherIncomeExpensesNet": -5487000,
        "incomeBeforeTax": 25281000,
        "incomeBeforeTaxRatio": 0.0880671625,
        "incomeTaxExpense": 6969000,
        "netIncome": 49212000,
        "netIncomeRatio": 0.1714315573,
        "eps": 0.59,
        "epsdiluted": 0.58,
        "weightedAverageShsOut": 83883214,
        "weightedAverageShsOutDil": 85514133,
        "link": "https://www.sec.gov/Archives/edgar/data/70145/000095015205009904/0000950152-05-009904-index.htm",
        "finalLink": "https://www.sec.gov/Archives/edgar/data/70145/000095015205009904/l16251ae10vk.htm"
    },
    {
        "date": "2005-06-30",
        "symbol": "NFG",
        "reportedCurrency": "USD",
        "cik": "0000070145",
        "fillingDate": "2005-08-09",
        "acceptedDate": "2005-08-09 15:54:19",
        "calendarYear": "2005",
        "period": "Q3",
        "revenue": 400359000,
        "costOfRevenue": 181100000,
        "grossProfit": 219259000,
        "grossProfitRatio": 0.5476559788,
        "researchAndDevelopmentExpenses": 0,
        "generalAndAdministrativeExpenses": 0,
        "sellingAndMarketingExpenses": 0,
        "sellingGeneralAndAdministrativeExpenses": 0,
        "otherExpenses": 156231000,
        "operatingExpenses": 156231000,
        "costAndExpenses": 337331000,
        "interestIncome": 0,
        "interestExpense": 0,
        "depreciationAndAmortization": 49529000,
        "ebitda": 112557000,
        "ebitdaratio": 0.2811401767,
        "operatingIncome": 63028000,
        "operatingIncomeRatio": 0.1574287077,
        "totalOtherIncomeExpensesNet": -21082000,
        "incomeBeforeTax": 41946000,
        "incomeBeforeTaxRatio": 0.1047709681,
        "incomeTaxExpense": 15553000,
        "netIncome": 19156000,
        "netIncomeRatio": 0.0478470573,
        "eps": 0.23,
        "epsdiluted": 0.23,
        "weightedAverageShsOut": 83568251,
        "weightedAverageShsOutDil": 84897466,
        "link": "https://www.sec.gov/Archives/edgar/data/70145/000007014505000094/0000070145-05-000094-index.htm",
        "finalLink": "https://www.sec.gov/Archives/edgar/data/70145/000007014505000094/form10qjune2005.htm"
    },
    {
        "date": "2005-03-31",
        "symbol": "NFG",
        "reportedCurrency": "USD",
        "cik": "0000070145",
        "fillingDate": "2005-05-10",
        "acceptedDate": "2005-05-10 15:59:01",
        "calendarYear": "2005",
        "period": "Q2",
        "revenue": 791329000,
        "costOfRevenue": 466446000,
        "grossProfit": 324883000,
        "grossProfitRatio": 0.4105536382,
        "researchAndDevelopmentExpenses": 0,
        "generalAndAdministrativeExpenses": 0,
        "sellingAndMarketingExpenses": 0,
        "sellingGeneralAndAdministrativeExpenses": 0,
        "otherExpenses": 186601000,
        "operatingExpenses": 186601000,
        "costAndExpenses": 653047000,
        "interestIncome": 0,
        "interestExpense": 0,
        "depreciationAndAmortization": 49345000,
        "ebitda": 187627000,
        "ebitdaratio": 0.2371036573,
        "operatingIncome": 138282000,
        "operatingIncomeRatio": 0.174746534,
        "totalOtherIncomeExpensesNet": -16198000,
        "incomeBeforeTax": 122084000,
        "incomeBeforeTaxRatio": 0.1542771717,
        "incomeTaxExpense": 51401000,
        "netIncome": 70683000,
        "netIncomeRatio": 0.0893218876,
        "eps": 0.85,
        "epsdiluted": 0.83,
        "weightedAverageShsOut": 83313191,
        "weightedAverageShsOutDil": 84770068,
        "link": "https://www.sec.gov/Archives/edgar/data/70145/000007014505000054/0000070145-05-000054-index.htm",
        "finalLink": "https://www.sec.gov/Archives/edgar/data/70145/000007014505000054/form10qmarch2005.htm"
    },
    {
        "date": "2004-12-31",
        "symbol": "NFG",
        "reportedCurrency": "USD",
        "cik": "0000070145",
        "fillingDate": "2005-02-09",
        "acceptedDate": "2005-02-09 13:48:24",
        "calendarYear": "2005",
        "period": "Q1",
        "revenue": 500283000,
        "costOfRevenue": 256156000,
        "grossProfit": 244127000,
        "grossProfitRatio": 0.4879778046,
        "researchAndDevelopmentExpenses": 0,
        "generalAndAdministrativeExpenses": 0,
        "sellingAndMarketingExpenses": 0,
        "sellingGeneralAndAdministrativeExpenses": 0,
        "otherExpenses": 152388000,
        "operatingExpenses": 152388000,
        "costAndExpenses": 408544000,
        "interestIncome": 0,
        "interestExpense": 0,
        "depreciationAndAmortization": 46940000,
        "ebitda": 138679000,
        "ebitdaratio": 0.2772011042,
        "operatingIncome": 91739000,
        "operatingIncomeRatio": 0.1833742102,
        "totalOtherIncomeExpensesNet": -19184000,
        "incomeBeforeTax": 72555000,
        "incomeBeforeTaxRatio": 0.1450279142,
        "incomeTaxExpense": 27725000,
        "netIncome": 50438000,
        "netIncomeRatio": 0.1008189365,
        "eps": 0.61,
        "epsdiluted": 0.6,
        "weightedAverageShsOut": 83150086,
        "weightedAverageShsOutDil": 84638106,
        "link": "https://www.sec.gov/Archives/edgar/data/70145/000007014505000020/0000070145-05-000020-index.htm",
        "finalLink": "https://www.sec.gov/Archives/edgar/data/70145/000007014505000020/dec200410q.htm"
    },
    {
        "date": "2004-09-30",
        "symbol": "NFG",
        "reportedCurrency": "USD",
        "cik": "0000070145",
        "fillingDate": "2004-12-14",
        "acceptedDate": "2004-12-14 15:15:46",
        "calendarYear": "2004",
        "period": "Q4",
        "revenue": 278196000,
        "costOfRevenue": 85554000,
        "grossProfit": 192642000,
        "grossProfitRatio": 0.6924686192,
        "researchAndDevelopmentExpenses": 0,
        "generalAndAdministrativeExpenses": 0,
        "sellingAndMarketingExpenses": 0,
        "sellingGeneralAndAdministrativeExpenses": 0,
        "otherExpenses": 164967000,
        "operatingExpenses": 164967000,
        "costAndExpenses": 250521000,
        "interestIncome": 0,
        "interestExpense": 0,
        "depreciationAndAmortization": 47770000,
        "ebitda": 75445000,
        "ebitdaratio": 0.2711936908,
        "operatingIncome": 27675000,
        "operatingIncomeRatio": 0.0994802226,
        "totalOtherIncomeExpensesNet": -17687000,
        "incomeBeforeTax": 9988000,
        "incomeBeforeTaxRatio": 0.0359027448,
        "incomeTaxExpense": 2234000,
        "netIncome": 7754000,
        "netIncomeRatio": 0.0278724353,
        "eps": 0.0933,
        "epsdiluted": 0.0933,
        "weightedAverageShsOut": 81848043,
        "weightedAverageShsOutDil": 83150086,
        "link": "https://www.sec.gov/Archives/edgar/data/70145/000095015204008951/0000950152-04-008951-index.htm",
        "finalLink": "https://www.sec.gov/Archives/edgar/data/70145/000095015204008951/l10155ae10vk.htm"
    },
    {
        "date": "2004-06-30",
        "symbol": "NFG",
        "reportedCurrency": "USD",
        "cik": "0000070145",
        "fillingDate": "2004-08-09",
        "acceptedDate": "2004-08-09 16:07:52",
        "calendarYear": "2004",
        "period": "Q3",
        "revenue": 396884000,
        "costOfRevenue": 174907000,
        "grossProfit": 221977000,
        "grossProfitRatio": 0.5592994427,
        "researchAndDevelopmentExpenses": 0,
        "generalAndAdministrativeExpenses": 0,
        "sellingAndMarketingExpenses": 0,
        "sellingGeneralAndAdministrativeExpenses": 0,
        "otherExpenses": 148295000,
        "operatingExpenses": 148295000,
        "costAndExpenses": 323202000,
        "interestIncome": 0,
        "interestExpense": 0,
        "depreciationAndAmortization": 47352000,
        "ebitda": 121034000,
        "ebitdaratio": 0.3049606434,
        "operatingIncome": 73682000,
        "operatingIncomeRatio": 0.185651223,
        "totalOtherIncomeExpensesNet": -20180000,
        "incomeBeforeTax": 53502000,
        "incomeBeforeTaxRatio": 0.134805132,
        "incomeTaxExpense": 20681000,
        "netIncome": 32563000,
        "netIncomeRatio": 0.0820466434,
        "eps": 0.4,
        "epsdiluted": 0.39,
        "weightedAverageShsOut": 82178424,
        "weightedAverageShsOutDil": 83119373,
        "link": "https://www.sec.gov/Archives/edgar/data/70145/000007014504000093/0000070145-04-000093-index.htm",
        "finalLink": "https://www.sec.gov/Archives/edgar/data/70145/000007014504000093/form10qjune2004.htm"
    },
    {
        "date": "2004-03-31",
        "symbol": "NFG",
        "reportedCurrency": "USD",
        "cik": "0000070145",
        "fillingDate": "2004-05-13",
        "acceptedDate": "2004-05-13 17:00:49",
        "calendarYear": "2004",
        "period": "Q2",
        "revenue": 801678000,
        "costOfRevenue": 469962000,
        "grossProfit": 331716000,
        "grossProfitRatio": 0.4137771025,
        "researchAndDevelopmentExpenses": 0,
        "generalAndAdministrativeExpenses": 0,
        "sellingAndMarketingExpenses": 0,
        "sellingGeneralAndAdministrativeExpenses": 0,
        "otherExpenses": 183161000,
        "operatingExpenses": 183161000,
        "costAndExpenses": 653123000,
        "interestIncome": 0,
        "interestExpense": 0,
        "depreciationAndAmortization": 47958000,
        "ebitda": 196513000,
        "ebitdaratio": 0.2451270959,
        "operatingIncome": 148555000,
        "operatingIncomeRatio": 0.1853050726,
        "totalOtherIncomeExpensesNet": -23527000,
        "incomeBeforeTax": 125028000,
        "incomeBeforeTaxRatio": 0.1559578784,
        "incomeTaxExpense": 47973000,
        "netIncome": 77055000,
        "netIncomeRatio": 0.0961171443,
        "eps": 0.94,
        "epsdiluted": 0.93,
        "weightedAverageShsOut": 81796698,
        "weightedAverageShsOutDil": 82985451,
        "link": "https://www.sec.gov/Archives/edgar/data/70145/000007014504000067/0000070145-04-000067-index.htm",
        "finalLink": "https://www.sec.gov/Archives/edgar/data/70145/000007014504000067/form10qmarch2004.htm"
    },
    {
        "date": "2003-12-31",
        "symbol": "NFG",
        "reportedCurrency": "USD",
        "cik": "0000070145",
        "fillingDate": "2004-02-17",
        "acceptedDate": "2004-02-17 11:42:50",
        "calendarYear": "2004",
        "period": "Q1",
        "revenue": 532513000,
        "costOfRevenue": 271833000,
        "grossProfit": 260680000,
        "grossProfitRatio": 0.4895279552,
        "researchAndDevelopmentExpenses": 0,
        "generalAndAdministrativeExpenses": 0,
        "sellingAndMarketingExpenses": 0,
        "sellingGeneralAndAdministrativeExpenses": 0,
        "otherExpenses": 164863000,
        "operatingExpenses": 164863000,
        "costAndExpenses": 436696000,
        "interestIncome": 0,
        "interestExpense": 0,
        "depreciationAndAmortization": 46458000,
        "ebitda": 142275000,
        "ebitdaratio": 0.267176576,
        "operatingIncome": 95817000,
        "operatingIncomeRatio": 0.1799336354,
        "totalOtherIncomeExpensesNet": -25036000,
        "incomeBeforeTax": 70781000,
        "incomeBeforeTaxRatio": 0.1329188208,
        "incomeTaxExpense": 21567000,
        "netIncome": 49214000,
        "netIncomeRatio": 0.0924184011,
        "eps": 0.6,
        "epsdiluted": 0.6,
        "weightedAverageShsOut": 81572025,
        "weightedAverageShsOutDil": 82307835,
        "link": "https://www.sec.gov/Archives/edgar/data/70145/000007014504000026/0000070145-04-000026-index.htm",
        "finalLink": "https://www.sec.gov/Archives/edgar/data/70145/000007014504000026/form10qdec2003.htm"
    },
    {
        "date": "2003-09-30",
        "symbol": "NFG",
        "reportedCurrency": "USD",
        "cik": "0000070145",
        "fillingDate": "2003-12-29",
        "acceptedDate": "2003-12-29 16:40:11",
        "calendarYear": "2003",
        "period": "Q4",
        "revenue": 297169000,
        "costOfRevenue": 101592000,
        "grossProfit": 195577000,
        "grossProfitRatio": 0.6581339238,
        "researchAndDevelopmentExpenses": 0,
        "generalAndAdministrativeExpenses": 0,
        "sellingAndMarketingExpenses": 0,
        "sellingGeneralAndAdministrativeExpenses": 0,
        "otherExpenses": 183219000,
        "operatingExpenses": 183219000,
        "costAndExpenses": 284811000,
        "interestIncome": 0,
        "interestExpense": 0,
        "depreciationAndAmortization": 53058000,
        "ebitda": 65416000,
        "ebitdaratio": 0.2201306327,
        "operatingIncome": 12358000,
        "operatingIncomeRatio": 0.0415857643,
        "totalOtherIncomeExpensesNet": 86886000,
        "incomeBeforeTax": 99244000,
        "incomeBeforeTaxRatio": 0.3339648483,
        "incomeTaxExpense": 41099000,
        "netIncome": 58145000,
        "netIncomeRatio": 0.1956630739,
        "eps": 0.71,
        "epsdiluted": 0.71,
        "weightedAverageShsOut": 80627319,
        "weightedAverageShsOutDil": 81572025,
        "link": "https://www.sec.gov/Archives/edgar/data/70145/000007014503000112/0000070145-03-000112-index.htm",
        "finalLink": "https://www.sec.gov/Archives/edgar/data/70145/000007014503000112/form10k.htm"
    },
    {
        "date": "2003-06-30",
        "symbol": "NFG",
        "reportedCurrency": "USD",
        "cik": "0000070145",
        "fillingDate": "2003-08-14",
        "acceptedDate": "2003-08-14 15:43:54",
        "calendarYear": "2003",
        "period": "Q3",
        "revenue": 449530000,
        "costOfRevenue": 223683000,
        "grossProfit": 225847000,
        "grossProfitRatio": 0.5024069584,
        "researchAndDevelopmentExpenses": 0,
        "generalAndAdministrativeExpenses": 0,
        "sellingAndMarketingExpenses": 0,
        "sellingGeneralAndAdministrativeExpenses": 0,
        "otherExpenses": 190436000,
        "operatingExpenses": 190436000,
        "costAndExpenses": 414119000,
        "interestIncome": 0,
        "interestExpense": 0,
        "depreciationAndAmortization": 47259000,
        "ebitda": 82670000,
        "ebitdaratio": 0.1839031878,
        "operatingIncome": 35411000,
        "operatingIncomeRatio": 0.0787733855,
        "totalOtherIncomeExpensesNet": -24042000,
        "incomeBeforeTax": 11369000,
        "incomeBeforeTaxRatio": 0.0252908593,
        "incomeTaxExpense": 9150000,
        "netIncome": 2219000,
        "netIncomeRatio": 0.0049362668,
        "eps": 0.03,
        "epsdiluted": 0.03,
        "weightedAverageShsOut": 80890982,
        "weightedAverageShsOutDil": 81914060,
        "link": "https://www.sec.gov/Archives/edgar/data/70145/000007014503000064/0000070145-03-000064-index.htm",
        "finalLink": "https://www.sec.gov/Archives/edgar/data/70145/000007014503000064/form10q63003.htm"
    },
    {
        "date": "2003-03-31",
        "symbol": "NFG",
        "reportedCurrency": "USD",
        "cik": "0000070145",
        "fillingDate": "2003-05-15",
        "acceptedDate": "2003-05-15 14:13:19",
        "calendarYear": "2003",
        "period": "Q2",
        "revenue": 809065000,
        "costOfRevenue": 474540000,
        "grossProfit": 334525000,
        "grossProfitRatio": 0.4134711055,
        "researchAndDevelopmentExpenses": 0,
        "generalAndAdministrativeExpenses": 0,
        "sellingAndMarketingExpenses": 0,
        "sellingGeneralAndAdministrativeExpenses": 0,
        "otherExpenses": 177822000,
        "operatingExpenses": 177822000,
        "costAndExpenses": 652362000,
        "interestIncome": 0,
        "interestExpense": 0,
        "depreciationAndAmortization": 49261000,
        "ebitda": 205964000,
        "ebitdaratio": 0.2545703992,
        "operatingIncome": 156703000,
        "operatingIncomeRatio": 0.1936840674,
        "totalOtherIncomeExpensesNet": -25866000,
        "incomeBeforeTax": 130837000,
        "incomeBeforeTaxRatio": 0.1617138302,
        "incomeTaxExpense": 50299000,
        "netIncome": 80538000,
        "netIncomeRatio": 0.099544536,
        "eps": 1,
        "epsdiluted": 0.99,
        "weightedAverageShsOut": 80588927,
        "weightedAverageShsOutDil": 80999321,
        "link": "https://www.sec.gov/Archives/edgar/data/70145/000007014503000033/0000070145-03-000033-index.htm",
        "finalLink": "https://www.sec.gov/Archives/edgar/data/70145/000007014503000033/form10q.htm"
    },
    {
        "date": "2002-12-31",
        "symbol": "NFG",
        "reportedCurrency": "USD",
        "cik": "0000070145",
        "fillingDate": "2003-02-11",
        "acceptedDate": "2003-02-11 12:21:25",
        "calendarYear": "2003",
        "period": "Q1",
        "revenue": 479706000,
        "costOfRevenue": 224781000,
        "grossProfit": 254925000,
        "grossProfitRatio": 0.5314192443,
        "researchAndDevelopmentExpenses": 0,
        "generalAndAdministrativeExpenses": 0,
        "sellingAndMarketingExpenses": 0,
        "sellingGeneralAndAdministrativeExpenses": 0,
        "otherExpenses": 155297000,
        "operatingExpenses": 155297000,
        "costAndExpenses": 380078000,
        "interestIncome": 0,
        "interestExpense": 0,
        "depreciationAndAmortization": 45648000,
        "ebitda": 145276000,
        "ebitdaratio": 0.3028438252,
        "operatingIncome": 99628000,
        "operatingIncomeRatio": 0.2076855407,
        "totalOtherIncomeExpensesNet": -25082000,
        "incomeBeforeTax": 74546000,
        "incomeBeforeTaxRatio": 0.1553993488,
        "incomeTaxExpense": 27612000,
        "netIncome": 38041000,
        "netIncomeRatio": 0.079300655,
        "eps": 0.47,
        "epsdiluted": 0.47,
        "weightedAverageShsOut": 80404086,
        "weightedAverageShsOutDil": 80803868,
        "link": "https://www.sec.gov/Archives/edgar/data/70145/000007014503000010/0000070145-03-000010-index.htm",
        "finalLink": "https://www.sec.gov/Archives/edgar/data/70145/000007014503000010/form10q.htm"
    },
    {
        "date": "2002-09-30",
        "symbol": "NFG",
        "reportedCurrency": "USD",
        "cik": "0000070145",
        "fillingDate": "2002-12-16",
        "acceptedDate": "2002-12-16 17:24:57",
        "calendarYear": "2002",
        "period": "Q4",
        "revenue": 244609000,
        "costOfRevenue": 57007000,
        "grossProfit": 187602000,
        "grossProfitRatio": 0.7669464329,
        "researchAndDevelopmentExpenses": 0,
        "generalAndAdministrativeExpenses": 0,
        "sellingAndMarketingExpenses": 0,
        "sellingGeneralAndAdministrativeExpenses": 0,
        "otherExpenses": 159335000,
        "operatingExpenses": 159335000,
        "costAndExpenses": 216342000,
        "interestIncome": 0,
        "interestExpense": 0,
        "depreciationAndAmortization": 48692000,
        "ebitda": 76959000,
        "ebitdaratio": 0.3146204759,
        "operatingIncome": 28267000,
        "operatingIncomeRatio": 0.1155599344,
        "totalOtherIncomeExpensesNet": -21633000,
        "incomeBeforeTax": 6634000,
        "incomeBeforeTaxRatio": 0.0271208337,
        "incomeTaxExpense": 1760000,
        "netIncome": 4874000,
        "netIncomeRatio": 0.0199256773,
        "eps": 0.0606,
        "epsdiluted": 0.0606,
        "weightedAverageShsOut": 80185714,
        "weightedAverageShsOutDil": 80404086,
        "link": "https://www.sec.gov/Archives/edgar/data/70145/000007014502000097/0000070145-02-000097-index.htm",
        "finalLink": "https://www.sec.gov/Archives/edgar/data/70145/000007014502000097/form10k.htm"
    },
    {
        "date": "2002-06-30",
        "symbol": "NFG",
        "reportedCurrency": "USD",
        "cik": "0000070145",
        "fillingDate": "2002-08-13",
        "acceptedDate": "2002-08-13 15:36:45",
        "calendarYear": "2002",
        "period": "Q3",
        "revenue": 350123000,
        "costOfRevenue": 121316000,
        "grossProfit": 228807000,
        "grossProfitRatio": 0.6535046255,
        "researchAndDevelopmentExpenses": 0,
        "generalAndAdministrativeExpenses": 0,
        "sellingAndMarketingExpenses": 0,
        "sellingGeneralAndAdministrativeExpenses": 0,
        "otherExpenses": 172861000,
        "operatingExpenses": 172861000,
        "costAndExpenses": 294177000,
        "interestIncome": 0,
        "interestExpense": 0,
        "depreciationAndAmortization": 44817000,
        "ebitda": 100763000,
        "ebitdaratio": 0.287793147,
        "operatingIncome": 55946000,
        "operatingIncomeRatio": 0.1597895597,
        "totalOtherIncomeExpensesNet": -24514000,
        "incomeBeforeTax": 31432000,
        "incomeBeforeTaxRatio": 0.0897741651,
        "incomeTaxExpense": 13756000,
        "netIncome": 17676000,
        "netIncomeRatio": 0.0504851152,
        "eps": 0.22,
        "epsdiluted": 0.22,
        "weightedAverageShsOut": 79966075,
        "weightedAverageShsOutDil": 80840436,
        "link": "https://www.sec.gov/Archives/edgar/data/70145/000007014502000060/0000070145-02-000060-index.htm",
        "finalLink": "https://www.sec.gov/Archives/edgar/data/70145/000007014502000060/form10-q.htm"
    },
    {
        "date": "2002-03-31",
        "symbol": "NFG",
        "reportedCurrency": "USD",
        "cik": "0000070145",
        "fillingDate": "2002-05-15",
        "acceptedDate": "2002-05-15 11:37:53",
        "calendarYear": "2002",
        "period": "Q2",
        "revenue": 482932000,
        "costOfRevenue": 195641000,
        "grossProfit": 287291000,
        "grossProfitRatio": 0.5948891355,
        "researchAndDevelopmentExpenses": 0,
        "generalAndAdministrativeExpenses": 0,
        "sellingAndMarketingExpenses": 0,
        "sellingGeneralAndAdministrativeExpenses": 0,
        "otherExpenses": 164155000,
        "operatingExpenses": 164155000,
        "costAndExpenses": 359796000,
        "interestIncome": 0,
        "interestExpense": 0,
        "depreciationAndAmortization": 43114000,
        "ebitda": 166250000,
        "ebitdaratio": 0.3442513646,
        "operatingIncome": 123136000,
        "operatingIncomeRatio": 0.2549758558,
        "totalOtherIncomeExpensesNet": -27404000,
        "incomeBeforeTax": 95732000,
        "incomeBeforeTaxRatio": 0.1982308068,
        "incomeTaxExpense": 33808000,
        "netIncome": 61924000,
        "netIncomeRatio": 0.1282250917,
        "eps": 0.78,
        "epsdiluted": 0.77,
        "weightedAverageShsOut": 79664218,
        "weightedAverageShsOutDil": 80776274,
        "link": "https://www.sec.gov/Archives/edgar/data/70145/000007014502000036/0000070145-02-000036-index.htm",
        "finalLink": "https://www.sec.gov/Archives/edgar/data/70145/000007014502000036/form10q-mar.htm"
    },
    {
        "date": "2001-12-31",
        "symbol": "NFG",
        "reportedCurrency": "USD",
        "cik": "0000070145",
        "fillingDate": "2002-02-14",
        "acceptedDate": "2002-02-14 00:00:00",
        "calendarYear": "2002",
        "period": "Q1",
        "revenue": 392327000,
        "costOfRevenue": 145024000,
        "grossProfit": 247303000,
        "grossProfitRatio": 0.630349173,
        "researchAndDevelopmentExpenses": 0,
        "generalAndAdministrativeExpenses": 0,
        "sellingAndMarketingExpenses": 0,
        "sellingGeneralAndAdministrativeExpenses": 0,
        "otherExpenses": 165796000,
        "operatingExpenses": 165796000,
        "costAndExpenses": 310820000,
        "interestIncome": 0,
        "interestExpense": 0,
        "depreciationAndAmortization": 44045000,
        "ebitda": 125552000,
        "ebitdaratio": 0.3200187599,
        "operatingIncome": 81507000,
        "operatingIncomeRatio": 0.2077527165,
        "totalOtherIncomeExpensesNet": -25591000,
        "incomeBeforeTax": 55916000,
        "incomeBeforeTaxRatio": 0.142523966,
        "incomeTaxExpense": 22709000,
        "netIncome": 33207000,
        "netIncomeRatio": 0.0846411284,
        "eps": 0.42,
        "epsdiluted": 0.41,
        "weightedAverageShsOut": 79471820,
        "weightedAverageShsOutDil": 80417092,
        "link": "https://www.sec.gov/Archives/edgar/data/70145/000007014502000013/0000070145-02-000013-index.htm",
        "finalLink": "https://www.sec.gov/Archives/edgar/data/70145/000007014502000013/form10q-dec.htm"
    },
    {
        "date": "2001-09-30",
        "symbol": "NFG",
        "reportedCurrency": "USD",
        "cik": "0000070145",
        "fillingDate": "2001-12-17",
        "acceptedDate": "2001-12-17 00:00:00",
        "calendarYear": "2001",
        "period": "Q4",
        "revenue": 254485000,
        "costOfRevenue": 67094000,
        "grossProfit": 187391000,
        "grossProfitRatio": 0.7363538126,
        "researchAndDevelopmentExpenses": 0,
        "generalAndAdministrativeExpenses": 0,
        "sellingAndMarketingExpenses": 0,
        "sellingGeneralAndAdministrativeExpenses": 0,
        "otherExpenses": 340663000,
        "operatingExpenses": 340663000,
        "costAndExpenses": 407757000,
        "interestIncome": 0,
        "interestExpense": 0,
        "depreciationAndAmortization": 51221000,
        "ebitda": -102051000,
        "ebitdaratio": -0.4010098827,
        "operatingIncome": -153272000,
        "operatingIncomeRatio": -0.6022830422,
        "totalOtherIncomeExpensesNet": -19812000,
        "incomeBeforeTax": -173084000,
        "incomeBeforeTaxRatio": -0.6801343891,
        "incomeTaxExpense": -73705000,
        "netIncome": -99379000,
        "netIncomeRatio": -0.3905102462,
        "eps": -1.09,
        "epsdiluted": -1.08,
        "weightedAverageShsOut": 91476535,
        "weightedAverageShsOutDil": 92218581,
        "link": "https://www.sec.gov/Archives/edgar/data/70145/000007014501500105/0000070145-01-500105-index.htm",
        "finalLink": "https://www.sec.gov/Archives/edgar/data/70145/000007014501500105/form10k.htm"
    },
    {
        "date": "2001-06-30",
        "symbol": "NFG",
        "reportedCurrency": "USD",
        "cik": "0000070145",
        "fillingDate": "2001-08-14",
        "acceptedDate": "2001-08-14 00:00:00",
        "calendarYear": "2001",
        "period": "Q3",
        "revenue": 393007000,
        "costOfRevenue": 164752000,
        "grossProfit": 228255000,
        "grossProfitRatio": 0.5807911818,
        "researchAndDevelopmentExpenses": 0,
        "generalAndAdministrativeExpenses": 0,
        "sellingAndMarketingExpenses": 0,
        "sellingGeneralAndAdministrativeExpenses": 0,
        "otherExpenses": 143109000,
        "operatingExpenses": 143109000,
        "costAndExpenses": 307861000,
        "interestIncome": 0,
        "interestExpense": 0,
        "depreciationAndAmortization": 42592000,
        "ebitda": 127739000,
        "ebitdaratio": 0.3250298341,
        "operatingIncome": 85146000,
        "operatingIncomeRatio": 0.2166526296,
        "totalOtherIncomeExpensesNet": -23594000,
        "incomeBeforeTax": 61552000,
        "incomeBeforeTaxRatio": 0.1566180755,
        "incomeTaxExpense": 24934000,
        "netIncome": 36618000,
        "netIncomeRatio": 0.0931739129,
        "eps": 0.46,
        "epsdiluted": 0.45,
        "weightedAverageShsOut": 79150144,
        "weightedAverageShsOutDil": 80565610,
        "link": "https://www.sec.gov/Archives/edgar/data/70145/000007014501500059/0000070145-01-500059-index.htm",
        "finalLink": "https://www.sec.gov/Archives/edgar/data/70145/000007014501500059/form10q-jun.htm"
    },
    {
        "date": "2001-03-31",
        "symbol": "NFG",
        "reportedCurrency": "USD",
        "cik": "0000070145",
        "fillingDate": "2001-05-15",
        "acceptedDate": "2001-05-15 00:00:00",
        "calendarYear": "2001",
        "period": "Q2",
        "revenue": 864715000,
        "costOfRevenue": 550532000,
        "grossProfit": 314183000,
        "grossProfitRatio": 0.3633370532,
        "researchAndDevelopmentExpenses": 0,
        "generalAndAdministrativeExpenses": 0,
        "sellingAndMarketingExpenses": 0,
        "sellingGeneralAndAdministrativeExpenses": 0,
        "otherExpenses": 158093000,
        "operatingExpenses": 158093000,
        "costAndExpenses": 708625000,
        "interestIncome": 0,
        "interestExpense": 0,
        "depreciationAndAmortization": 41965000,
        "ebitda": 198055000,
        "ebitdaratio": 0.2290407822,
        "operatingIncome": 156090000,
        "operatingIncomeRatio": 0.1805103416,
        "totalOtherIncomeExpensesNet": -28297000,
        "incomeBeforeTax": 127793000,
        "incomeBeforeTaxRatio": 0.1477862648,
        "incomeTaxExpense": 52518000,
        "netIncome": 75275000,
        "netIncomeRatio": 0.0870518032,
        "eps": 0.95,
        "epsdiluted": 0.94,
        "weightedAverageShsOut": 78978266,
        "weightedAverageShsOutDil": 80302664,
        "link": "https://www.sec.gov/Archives/edgar/data/70145/000007014501500023/0000070145-01-500023-index.htm",
        "finalLink": "https://www.sec.gov/Archives/edgar/data/70145/000007014501500023/form10q2001-mar.htm"
    },
    {
        "date": "2000-12-30",
        "symbol": "NFG",
        "reportedCurrency": "USD",
        "cik": "0000070145",
        "fillingDate": "2001-02-14",
        "acceptedDate": "2001-02-14 00:00:00",
        "calendarYear": "2001",
        "period": "Q1",
        "revenue": 559504000,
        "costOfRevenue": 289144000,
        "grossProfit": 270360000,
        "grossProfitRatio": 0.4832137036,
        "researchAndDevelopmentExpenses": 0,
        "generalAndAdministrativeExpenses": 0,
        "sellingAndMarketingExpenses": 0,
        "sellingGeneralAndAdministrativeExpenses": 0,
        "otherExpenses": 161880000,
        "operatingExpenses": 161880000,
        "costAndExpenses": 451024000,
        "interestIncome": 0,
        "interestExpense": 0,
        "depreciationAndAmortization": 39136000,
        "ebitda": 147616000,
        "ebitdaratio": 0.2638336813,
        "operatingIncome": 108480000,
        "operatingIncomeRatio": 0.1938860133,
        "totalOtherIncomeExpensesNet": -22137000,
        "incomeBeforeTax": 86343000,
        "incomeBeforeTaxRatio": 0.1543206125,
        "incomeTaxExpense": 33359000,
        "netIncome": 52984000,
        "netIncomeRatio": 0.0946981612,
        "eps": 0.68,
        "epsdiluted": 0.66,
        "weightedAverageShsOut": 78760226,
        "weightedAverageShsOutDil": 80346348,
        "link": "https://www.sec.gov/Archives/edgar/data/70145/000007014501000008/0000070145-01-000008-index.htm",
        "finalLink": "https://www.sec.gov/Archives/edgar/data/70145/000007014501000008/0000070145-01-000008-0001.htm"
    },
    {
        "date": "2000-09-30",
        "symbol": "NFG",
        "reportedCurrency": "USD",
        "cik": "0000070145",
        "fillingDate": "2000-12-15",
        "acceptedDate": "2000-12-15 00:00:00",
        "calendarYear": "2000",
        "period": "Q4",
        "revenue": 240722000,
        "costOfRevenue": 70035000,
        "grossProfit": 170687000,
        "grossProfitRatio": 0.7090627363,
        "researchAndDevelopmentExpenses": 0,
        "generalAndAdministrativeExpenses": 0,
        "sellingAndMarketingExpenses": 0,
        "sellingGeneralAndAdministrativeExpenses": 0,
        "otherExpenses": 149100000,
        "operatingExpenses": 149100000,
        "costAndExpenses": 219135000,
        "interestIncome": 0,
        "interestExpense": 0,
        "depreciationAndAmortization": 39485000,
        "ebitda": 61072000,
        "ebitdaratio": 0.2537034421,
        "operatingIncome": 21587000,
        "operatingIncomeRatio": 0.0896760579,
        "totalOtherIncomeExpensesNet": -24696000,
        "incomeBeforeTax": -3109000,
        "incomeBeforeTaxRatio": -0.0129153131,
        "incomeTaxExpense": 71000,
        "netIncome": -3180000,
        "netIncomeRatio": -0.0132102591,
        "eps": -0.0405,
        "epsdiluted": -0.0404,
        "weightedAverageShsOut": 78584428,
        "weightedAverageShsOutDil": 78760226,
        "link": "https://www.sec.gov/Archives/edgar/data/70145/000007014500000049/0000070145-00-000049-index.htm",
        "finalLink": "https://www.sec.gov/Archives/edgar/data/70145/000007014500000049/0000070145-00-000049-0001.htm"
    },
    {
        "date": "2000-06-30",
        "symbol": "NFG",
        "reportedCurrency": "USD",
        "cik": "0000070145",
        "fillingDate": "2000-11-14",
        "acceptedDate": "2000-11-14 00:00:00",
        "calendarYear": "2000",
        "period": "Q3",
        "revenue": 281201000,
        "costOfRevenue": 104779000,
        "grossProfit": 176422000,
        "grossProfitRatio": 0.6273875271,
        "researchAndDevelopmentExpenses": 0,
        "generalAndAdministrativeExpenses": 0,
        "sellingAndMarketingExpenses": 0,
        "sellingGeneralAndAdministrativeExpenses": 0,
        "otherExpenses": 135056000,
        "operatingExpenses": 135056000,
        "costAndExpenses": 239835000,
        "interestIncome": 0,
        "interestExpense": 0,
        "depreciationAndAmortization": 35083000,
        "ebitda": 76449000,
        "ebitdaratio": 0.2718660318,
        "operatingIncome": 41366000,
        "operatingIncomeRatio": 0.14710474,
        "totalOtherIncomeExpensesNet": -20973000,
        "incomeBeforeTax": 20393000,
        "incomeBeforeTaxRatio": 0.0725210792,
        "incomeTaxExpense": 11323000,
        "netIncome": 9070000,
        "netIncomeRatio": 0.0322545083,
        "eps": 0.12,
        "epsdiluted": 0.12,
        "weightedAverageShsOut": 78354296,
        "weightedAverageShsOutDil": 79355818,
        "link": "https://www.sec.gov/Archives/edgar/data/70145/000007014500500004/0000070145-00-500004-index.htm",
        "finalLink": "https://www.sec.gov/Archives/edgar/data/70145/000007014500500004/nfgc6302000_1.txt"
    },
    {
        "date": "2000-03-31",
        "symbol": "NFG",
        "reportedCurrency": "USD",
        "cik": "0000070145",
        "fillingDate": "2000-05-15",
        "acceptedDate": "2000-05-15 00:00:00",
        "calendarYear": "2000",
        "period": "Q2",
        "revenue": 517810000,
        "costOfRevenue": 237826000,
        "grossProfit": 279984000,
        "grossProfitRatio": 0.5407079817,
        "researchAndDevelopmentExpenses": 0,
        "generalAndAdministrativeExpenses": 0,
        "sellingAndMarketingExpenses": 0,
        "sellingGeneralAndAdministrativeExpenses": 0,
        "otherExpenses": 148089000,
        "operatingExpenses": 148089000,
        "costAndExpenses": 385915000,
        "interestIncome": 0,
        "interestExpense": 0,
        "depreciationAndAmortization": 0,
        "ebitda": 165781000,
        "ebitdaratio": 0.320157973,
        "operatingIncome": 131895000,
        "operatingIncomeRatio": 0.2547169811,
        "totalOtherIncomeExpensesNet": -20066000,
        "incomeBeforeTax": 111829000,
        "incomeBeforeTaxRatio": 0.2159653155,
        "incomeTaxExpense": 40778000,
        "netIncome": 71051000,
        "netIncomeRatio": 0.1372144223,
        "eps": 0.91,
        "epsdiluted": 0.91,
        "weightedAverageShsOut": 78153336,
        "weightedAverageShsOutDil": 78695884,
        "link": "https://www.sec.gov/Archives/edgar/data/70145/000007014500000019/0000070145-00-000019-index.html",
        "finalLink": "https://www.sec.gov/Archives/edgar/data/70145/000007014500000019/"
    },
    {
        "date": "1999-12-31",
        "symbol": "NFG",
        "reportedCurrency": "USD",
        "cik": "0000070145",
        "fillingDate": "2000-02-14",
        "acceptedDate": "2000-02-14 00:00:00",
        "calendarYear": "2000",
        "period": "Q1",
        "revenue": 377000000,
        "costOfRevenue": 145900000,
        "grossProfit": 231100000,
        "grossProfitRatio": 0.6129973475,
        "researchAndDevelopmentExpenses": 0,
        "generalAndAdministrativeExpenses": 0,
        "sellingAndMarketingExpenses": 0,
        "sellingGeneralAndAdministrativeExpenses": 0,
        "otherExpenses": 139200000,
        "operatingExpenses": 139200000,
        "costAndExpenses": 285100000,
        "interestIncome": 0,
        "interestExpense": 0,
        "depreciationAndAmortization": 0,
        "ebitda": 126000000,
        "ebitdaratio": 0.3342175066,
        "operatingIncome": 91900000,
        "operatingIncomeRatio": 0.2437665782,
        "totalOtherIncomeExpensesNet": -25300000,
        "incomeBeforeTax": 66600000,
        "incomeBeforeTaxRatio": 0.1766578249,
        "incomeTaxExpense": 21700000,
        "netIncome": 44900000,
        "netIncomeRatio": 0.1190981432,
        "eps": 0.57,
        "epsdiluted": 0.57,
        "weightedAverageShsOut": 77846282,
        "weightedAverageShsOutDil": 78826016,
        "link": "https://www.sec.gov/Archives/edgar/data/70145/000007014500000005/0000070145-00-000005-index.html",
        "finalLink": "https://www.sec.gov/Archives/edgar/data/70145/000007014500000005/"
    },
    {
        "date": "1999-09-30",
        "symbol": "NFG",
        "reportedCurrency": "USD",
        "cik": "0000070145",
        "fillingDate": "1999-12-21",
        "acceptedDate": "1999-12-21 00:00:00",
        "calendarYear": "1999",
        "period": "Q4",
        "revenue": 190800000,
        "costOfRevenue": 37100000,
        "grossProfit": 153700000,
        "grossProfitRatio": 0.8055555556,
        "researchAndDevelopmentExpenses": 0,
        "generalAndAdministrativeExpenses": 0,
        "sellingAndMarketingExpenses": 0,
        "sellingGeneralAndAdministrativeExpenses": 0,
        "otherExpenses": 128700000,
        "operatingExpenses": 128700000,
        "costAndExpenses": 165800000,
        "interestIncome": 0,
        "interestExpense": 0,
        "depreciationAndAmortization": 0,
        "ebitda": 58200000,
        "ebitdaratio": 0.3050314465,
        "operatingIncome": 25000000,
        "operatingIncomeRatio": 0.1310272537,
        "totalOtherIncomeExpensesNet": -16100000,
        "incomeBeforeTax": 8900000,
        "incomeBeforeTaxRatio": 0.0466457023,
        "incomeTaxExpense": 4500000,
        "netIncome": 4400000,
        "netIncomeRatio": 0.0230607966,
        "eps": 0.0565,
        "epsdiluted": 0.0565,
        "weightedAverageShsOut": 77597128,
        "weightedAverageShsOutDil": 77846282,
        "link": "https://www.sec.gov/Archives/edgar/data/70145/000007014599000100/0000070145-99-000100-index.html",
        "finalLink": "https://www.sec.gov/Archives/edgar/data/70145/000007014599000100/"
    },
    {
        "date": "1999-06-30",
        "symbol": "NFG",
        "reportedCurrency": "USD",
        "cik": "0000070145",
        "fillingDate": "1999-08-13",
        "acceptedDate": "1999-08-13 00:00:00",
        "calendarYear": "1999",
        "period": "Q3",
        "revenue": 248658000,
        "costOfRevenue": 73979000,
        "grossProfit": 174679000,
        "grossProfitRatio": 0.7024869499,
        "researchAndDevelopmentExpenses": 0,
        "generalAndAdministrativeExpenses": 0,
        "sellingAndMarketingExpenses": 0,
        "sellingGeneralAndAdministrativeExpenses": 0,
        "otherExpenses": 135613000,
        "operatingExpenses": 135613000,
        "costAndExpenses": 209592000,
        "interestIncome": 0,
        "interestExpense": 0,
        "depreciationAndAmortization": 29220000,
        "ebitda": 71051000,
        "ebitdaratio": 0.2857378407,
        "operatingIncome": 39066000,
        "operatingIncomeRatio": 0.1571073523,
        "totalOtherIncomeExpensesNet": -19479000,
        "incomeBeforeTax": 19587000,
        "incomeBeforeTaxRatio": 0.0787708419,
        "incomeTaxExpense": 7747000,
        "netIncome": 11840000,
        "netIncomeRatio": 0.0476156005,
        "eps": 0.16,
        "epsdiluted": 0.15,
        "weightedAverageShsOut": 77325456,
        "weightedAverageShsOutDil": 78001106,
        "link": "https://www.sec.gov/Archives/edgar/data/70145/000007014599000070/0000070145-99-000070-index.html",
        "finalLink": "https://www.sec.gov/Archives/edgar/data/70145/000007014599000070/"
    },
    {
        "date": "1999-03-31",
        "symbol": "NFG",
        "reportedCurrency": "USD",
        "cik": "0000070145",
        "fillingDate": "1999-05-14",
        "acceptedDate": "1999-05-14 00:00:00",
        "calendarYear": "1999",
        "period": "Q2",
        "revenue": 483404000,
        "costOfRevenue": 219600000,
        "grossProfit": 263804000,
        "grossProfitRatio": 0.5457215911,
        "researchAndDevelopmentExpenses": 0,
        "generalAndAdministrativeExpenses": 0,
        "sellingAndMarketingExpenses": 0,
        "sellingGeneralAndAdministrativeExpenses": 0,
        "otherExpenses": 145600000,
        "operatingExpenses": 145600000,
        "costAndExpenses": 365200000,
        "interestIncome": 0,
        "interestExpense": 0,
        "depreciationAndAmortization": 0,
        "ebitda": 149904000,
        "ebitdaratio": 0.310100868,
        "operatingIncome": 118204000,
        "operatingIncomeRatio": 0.2445242489,
        "totalOtherIncomeExpensesNet": -22404000,
        "incomeBeforeTax": 95800000,
        "incomeBeforeTaxRatio": 0.1981779216,
        "incomeTaxExpense": 34700000,
        "netIncome": 61100000,
        "netIncomeRatio": 0.1263953132,
        "eps": 0.79,
        "epsdiluted": 0.79,
        "weightedAverageShsOut": 77341772,
        "weightedAverageShsOutDil": 77834395,
        "link": "https://www.sec.gov/Archives/edgar/data/70145/000007014599000034/0000070145-99-000034-index.html",
        "finalLink": "https://www.sec.gov/Archives/edgar/data/70145/"
    },
    {
        "date": "1998-12-31",
        "symbol": "NFG",
        "reportedCurrency": "USD",
        "cik": "0000070145",
        "fillingDate": "1999-02-16",
        "acceptedDate": "1999-02-16 00:00:00",
        "calendarYear": "1999",
        "period": "Q1",
        "revenue": 340400000,
        "costOfRevenue": 131000000,
        "grossProfit": 209400000,
        "grossProfitRatio": 0.6151586369,
        "researchAndDevelopmentExpenses": 0,
        "generalAndAdministrativeExpenses": 0,
        "sellingAndMarketingExpenses": 0,
        "sellingGeneralAndAdministrativeExpenses": 0,
        "otherExpenses": 134700000,
        "operatingExpenses": 134700000,
        "costAndExpenses": 265700000,
        "interestIncome": 0,
        "interestExpense": 0,
        "depreciationAndAmortization": 0,
        "ebitda": 104800000,
        "ebitdaratio": 0.3078730905,
        "operatingIncome": 74700000,
        "operatingIncomeRatio": 0.2194477086,
        "totalOtherIncomeExpensesNet": -19200000,
        "incomeBeforeTax": 55500000,
        "incomeBeforeTaxRatio": 0.1630434783,
        "incomeTaxExpense": 17900000,
        "netIncome": 37600000,
        "netIncomeRatio": 0.1104582844,
        "eps": 0.49,
        "epsdiluted": 0.49,
        "weightedAverageShsOut": 76734694,
        "weightedAverageShsOutDil": 77525773,
        "link": "https://www.sec.gov/Archives/edgar/data/70145/000007014599000011/0000070145-99-000011-index.html",
        "finalLink": "https://www.sec.gov/Archives/edgar/data/70145/"
    },
    {
        "date": "1998-09-30",
        "symbol": "NFG",
        "reportedCurrency": "USD",
        "cik": "0000070145",
        "fillingDate": "1998-12-21",
        "acceptedDate": "1998-12-21 00:00:00",
        "calendarYear": "1998",
        "period": "Q4",
        "revenue": 171900000,
        "costOfRevenue": 35100000,
        "grossProfit": 136800000,
        "grossProfitRatio": 0.7958115183,
        "researchAndDevelopmentExpenses": 0,
        "generalAndAdministrativeExpenses": 0,
        "sellingAndMarketingExpenses": 0,
        "sellingGeneralAndAdministrativeExpenses": 0,
        "otherExpenses": 123700000,
        "operatingExpenses": 123700000,
        "costAndExpenses": 158800000,
        "interestIncome": 0,
        "interestExpense": 0,
        "depreciationAndAmortization": 0,
        "ebitda": 43100000,
        "ebitdaratio": 0.250727167,
        "operatingIncome": 13100000,
        "operatingIncomeRatio": 0.0762070971,
        "totalOtherIncomeExpensesNet": -17300000,
        "incomeBeforeTax": -4200000,
        "incomeBeforeTaxRatio": -0.0244328098,
        "incomeTaxExpense": -1100000,
        "netIncome": -3100000,
        "netIncomeRatio": -0.0180337405,
        "eps": -0.0404,
        "epsdiluted": -0.0404,
        "weightedAverageShsOut": 76734694,
        "weightedAverageShsOutDil": 76734694,
        "link": "https://www.sec.gov/Archives/edgar/data/70145/000007014598000104/0000070145-98-000104-index.html",
        "finalLink": "https://www.sec.gov/Archives/edgar/data/70145/"
    },
    {
        "date": "1998-06-30",
        "symbol": "NFG",
        "reportedCurrency": "USD",
        "cik": "0000070145",
        "fillingDate": "1998-08-14",
        "acceptedDate": "1998-08-14 00:00:00",
        "calendarYear": "1998",
        "period": "Q3",
        "revenue": 243100000,
        "costOfRevenue": 76700000,
        "grossProfit": 166400000,
        "grossProfitRatio": 0.6844919786,
        "researchAndDevelopmentExpenses": 0,
        "generalAndAdministrativeExpenses": 0,
        "sellingAndMarketingExpenses": 0,
        "sellingGeneralAndAdministrativeExpenses": 0,
        "otherExpenses": 120800000,
        "operatingExpenses": 120800000,
        "costAndExpenses": 197500000,
        "interestIncome": 0,
        "interestExpense": 0,
        "depreciationAndAmortization": 0,
        "ebitda": 76600000,
        "ebitdaratio": 0.315096668,
        "operatingIncome": 45600000,
        "operatingIncomeRatio": 0.1875771288,
        "totalOtherIncomeExpensesNet": -14600000,
        "incomeBeforeTax": 31000000,
        "incomeBeforeTaxRatio": 0.1275195393,
        "incomeTaxExpense": 11900000,
        "netIncome": 19100000,
        "netIncomeRatio": 0.0785684903,
        "eps": 0.25,
        "epsdiluted": 0.25,
        "weightedAverageShsOut": 76400000,
        "weightedAverageShsOutDil": 77959184,
        "link": "https://www.sec.gov/Archives/edgar/data/70145/000007014598000071/0000070145-98-000071-index.html",
        "finalLink": "https://www.sec.gov/Archives/edgar/data/70145/"
    },
    {
        "date": "1998-03-31",
        "symbol": "NFG",
        "reportedCurrency": "USD",
        "cik": "0000070145",
        "fillingDate": "1998-05-14",
        "acceptedDate": "1998-05-14 00:00:00",
        "calendarYear": "1998",
        "period": "Q2",
        "revenue": 456400000,
        "costOfRevenue": 203100000,
        "grossProfit": 253300000,
        "grossProfitRatio": 0.5549956179,
        "researchAndDevelopmentExpenses": 0,
        "generalAndAdministrativeExpenses": 0,
        "sellingAndMarketingExpenses": 0,
        "sellingGeneralAndAdministrativeExpenses": 0,
        "otherExpenses": 279400000,
        "operatingExpenses": 279400000,
        "costAndExpenses": 482500000,
        "interestIncome": 0,
        "interestExpense": 0,
        "depreciationAndAmortization": 0,
        "ebitda": -500000,
        "ebitdaratio": -0.0010955302,
        "operatingIncome": -26100000,
        "operatingIncomeRatio": -0.0571866784,
        "totalOtherIncomeExpensesNet": -4900000,
        "incomeBeforeTax": -31000000,
        "incomeBeforeTaxRatio": -0.0679228747,
        "incomeTaxExpense": -9700000,
        "netIncome": -21300000,
        "netIncomeRatio": -0.0466695881,
        "eps": -0.28,
        "epsdiluted": -0.28,
        "weightedAverageShsOut": 76071429,
        "weightedAverageShsOutDil": 76071429,
        "link": "https://www.sec.gov/Archives/edgar/data/70145/000007014598000054/0000070145-98-000054-index.html",
        "finalLink": "https://www.sec.gov/Archives/edgar/data/70145/"
    },
    {
        "date": "1997-12-31",
        "symbol": "NFG",
        "reportedCurrency": "USD",
        "cik": "0000070145",
        "fillingDate": "1998-03-02",
        "acceptedDate": "1998-03-02 00:00:00",
        "calendarYear": "1998",
        "period": "Q1",
        "revenue": 371000000,
        "costOfRevenue": 168600000,
        "grossProfit": 202400000,
        "grossProfitRatio": 0.5455525606,
        "researchAndDevelopmentExpenses": 0,
        "generalAndAdministrativeExpenses": 0,
        "sellingAndMarketingExpenses": 0,
        "sellingGeneralAndAdministrativeExpenses": 0,
        "otherExpenses": 127200000,
        "operatingExpenses": 127200000,
        "costAndExpenses": 295800000,
        "interestIncome": 0,
        "interestExpense": 0,
        "depreciationAndAmortization": 0,
        "ebitda": 106300000,
        "ebitdaratio": 0.2865229111,
        "operatingIncome": 75200000,
        "operatingIncomeRatio": 0.2026954178,
        "totalOtherIncomeExpensesNet": -14700000,
        "incomeBeforeTax": 60500000,
        "incomeBeforeTaxRatio": 0.1630727763,
        "incomeTaxExpense": 23000000,
        "netIncome": 28400000,
        "netIncomeRatio": 0.0765498652,
        "eps": 0.48,
        "epsdiluted": 0.48,
        "weightedAverageShsOut": 59166667,
        "weightedAverageShsOutDil": 59789474,
        "link": "https://www.sec.gov/Archives/edgar/data/70145/000007014598000039/0000070145-98-000039-index.html",
        "finalLink": "https://www.sec.gov/Archives/edgar/data/70145/0000070145-98-000039.txt"
    },
    {
        "date": "1997-09-30",
        "symbol": "NFG",
        "reportedCurrency": "USD",
        "cik": "0000070145",
        "fillingDate": "1997-12-23",
        "acceptedDate": "1997-12-23 00:00:00",
        "calendarYear": "1997",
        "period": "Q4",
        "revenue": 157600000,
        "costOfRevenue": 30000000,
        "grossProfit": 127600000,
        "grossProfitRatio": 0.8096446701,
        "researchAndDevelopmentExpenses": 0,
        "generalAndAdministrativeExpenses": 0,
        "sellingAndMarketingExpenses": 0,
        "sellingGeneralAndAdministrativeExpenses": 0,
        "otherExpenses": 114500000,
        "operatingExpenses": 114500000,
        "costAndExpenses": 144500000,
        "interestIncome": 0,
        "interestExpense": 0,
        "depreciationAndAmortization": 0,
        "ebitda": 39800000,
        "ebitdaratio": 0.2525380711,
        "operatingIncome": 13100000,
        "operatingIncomeRatio": 0.0831218274,
        "totalOtherIncomeExpensesNet": -14000000,
        "incomeBeforeTax": -900000,
        "incomeBeforeTaxRatio": -0.0057106599,
        "incomeTaxExpense": -1000000,
        "netIncome": 100000,
        "netIncomeRatio": 0.0006345178,
        "eps": 0.0013,
        "epsdiluted": 0.0013,
        "weightedAverageShsOut": 76411960,
        "weightedAverageShsOutDil": 76666667,
        "link": "https://www.sec.gov/Archives/edgar/data/70145/000007014597000072/0000070145-97-000072-index.html",
        "finalLink": "https://www.sec.gov/Archives/edgar/data/70145/"
    },
    {
        "date": "1997-06-30",
        "symbol": "NFG",
        "reportedCurrency": "USD",
        "cik": "0000070145",
        "fillingDate": "1997-08-06",
        "acceptedDate": "1997-08-06 00:00:00",
        "calendarYear": "1997",
        "period": "Q3",
        "revenue": 246100000,
        "costOfRevenue": 83200000,
        "grossProfit": 162900000,
        "grossProfitRatio": 0.6619260463,
        "researchAndDevelopmentExpenses": 0,
        "generalAndAdministrativeExpenses": 0,
        "sellingAndMarketingExpenses": 0,
        "sellingGeneralAndAdministrativeExpenses": 0,
        "otherExpenses": 118300000,
        "operatingExpenses": 118300000,
        "costAndExpenses": 201500000,
        "interestIncome": 0,
        "interestExpense": 0,
        "depreciationAndAmortization": 0,
        "ebitda": 73900000,
        "ebitdaratio": 0.3002844372,
        "operatingIncome": 44600000,
        "operatingIncomeRatio": 0.1812271434,
        "totalOtherIncomeExpensesNet": -12400000,
        "incomeBeforeTax": 32200000,
        "incomeBeforeTaxRatio": 0.1308411215,
        "incomeTaxExpense": 13300000,
        "netIncome": 18900000,
        "netIncomeRatio": 0.0767980496,
        "eps": 0.25,
        "epsdiluted": 0.25,
        "weightedAverageShsOut": 75600000,
        "weightedAverageShsOutDil": 75600000,
        "link": "https://www.sec.gov/Archives/edgar/data/70145/000007014597000046/0000070145-97-000046-index.html",
        "finalLink": "https://www.sec.gov/Archives/edgar/data/70145/"
    },
    {
        "date": "1997-03-31",
        "symbol": "NFG",
        "reportedCurrency": "USD",
        "cik": "0000070145",
        "fillingDate": "1997-05-15",
        "acceptedDate": "1997-05-15 00:00:00",
        "calendarYear": "1997",
        "period": "Q2",
        "revenue": 498700000,
        "costOfRevenue": 252200000,
        "grossProfit": 246500000,
        "grossProfitRatio": 0.4942851414,
        "researchAndDevelopmentExpenses": 0,
        "generalAndAdministrativeExpenses": 0,
        "sellingAndMarketingExpenses": 0,
        "sellingGeneralAndAdministrativeExpenses": 0,
        "otherExpenses": 141600000,
        "operatingExpenses": 141600000,
        "costAndExpenses": 393800000,
        "interestIncome": 0,
        "interestExpense": 0,
        "depreciationAndAmortization": 0,
        "ebitda": 134000000,
        "ebitdaratio": 0.2686986164,
        "operatingIncome": 104900000,
        "operatingIncomeRatio": 0.2103469019,
        "totalOtherIncomeExpensesNet": -13600000,
        "incomeBeforeTax": 91300000,
        "incomeBeforeTaxRatio": 0.1830759976,
        "incomeTaxExpense": 34200000,
        "netIncome": 57100000,
        "netIncomeRatio": 0.114497694,
        "eps": 0.75,
        "epsdiluted": 0.75,
        "weightedAverageShsOut": 76133333,
        "weightedAverageShsOutDil": 76133333,
        "link": "https://www.sec.gov/Archives/edgar/data/70145/000007014597000036/0000070145-97-000036-index.html",
        "finalLink": "https://www.sec.gov/Archives/edgar/data/70145/"
    },
    {
        "date": "1996-12-31",
        "symbol": "NFG",
        "reportedCurrency": "USD",
        "cik": "0000070145",
        "fillingDate": "1997-02-14",
        "acceptedDate": "1997-02-14 00:00:00",
        "calendarYear": "1997",
        "period": "Q1",
        "revenue": 363500000,
        "costOfRevenue": 164100000,
        "grossProfit": 199400000,
        "grossProfitRatio": 0.5485557084,
        "researchAndDevelopmentExpenses": 0,
        "generalAndAdministrativeExpenses": 0,
        "sellingAndMarketingExpenses": 0,
        "sellingGeneralAndAdministrativeExpenses": 0,
        "otherExpenses": 125100000,
        "operatingExpenses": 125100000,
        "costAndExpenses": 289200000,
        "interestIncome": 0,
        "interestExpense": 0,
        "depreciationAndAmortization": 0,
        "ebitda": 100900000,
        "ebitdaratio": 0.2775790922,
        "operatingIncome": 74300000,
        "operatingIncomeRatio": 0.2044016506,
        "totalOtherIncomeExpensesNet": -13500000,
        "incomeBeforeTax": 60800000,
        "incomeBeforeTaxRatio": 0.1672627235,
        "incomeTaxExpense": 22200000,
        "netIncome": 38600000,
        "netIncomeRatio": 0.1061898212,
        "eps": 0.51,
        "epsdiluted": 0.51,
        "weightedAverageShsOut": 75686275,
        "weightedAverageShsOutDil": 75686275,
        "link": "https://www.sec.gov/Archives/edgar/data/70145/000007014597000015/0000070145-97-000015-index.html",
        "finalLink": "https://www.sec.gov/Archives/edgar/data/70145/"
    },
    {
        "date": "1996-09-30",
        "symbol": "NFG",
        "reportedCurrency": "USD",
        "cik": "0000070145",
        "fillingDate": "1996-12-18",
        "acceptedDate": "1996-12-18 00:00:00",
        "calendarYear": "1996",
        "period": "Q4",
        "revenue": 160000000,
        "costOfRevenue": 17400000,
        "grossProfit": 142600000,
        "grossProfitRatio": 0.89125,
        "researchAndDevelopmentExpenses": 0,
        "generalAndAdministrativeExpenses": 0,
        "sellingAndMarketingExpenses": 0,
        "sellingGeneralAndAdministrativeExpenses": 0,
        "otherExpenses": 126800000,
        "operatingExpenses": 126800000,
        "costAndExpenses": 144200000,
        "interestIncome": 0,
        "interestExpense": 0,
        "depreciationAndAmortization": 0,
        "ebitda": 41900000,
        "ebitdaratio": 0.261875,
        "operatingIncome": 15800000,
        "operatingIncomeRatio": 0.09875,
        "totalOtherIncomeExpensesNet": -12500000,
        "incomeBeforeTax": 3300000,
        "incomeBeforeTaxRatio": 0.020625,
        "incomeTaxExpense": 4000000,
        "netIncome": -700000,
        "netIncomeRatio": -0.004375,
        "eps": -0.0092,
        "epsdiluted": -0.0092,
        "weightedAverageShsOut": 75686275,
        "weightedAverageShsOutDil": 75686275,
        "link": "https://www.sec.gov/Archives/edgar/data/70145/000007014596000082/0000070145-96-000082-index.html",
        "finalLink": "https://www.sec.gov/Archives/edgar/data/70145/"
    },
    {
        "date": "1996-06-30",
        "symbol": "NFG",
        "reportedCurrency": "USD",
        "cik": "0000070145",
        "fillingDate": "1996-08-09",
        "acceptedDate": "1996-08-09 00:00:00",
        "calendarYear": "1996",
        "period": "Q3",
        "revenue": 239300000,
        "costOfRevenue": 80100000,
        "grossProfit": 159200000,
        "grossProfitRatio": 0.665273715,
        "researchAndDevelopmentExpenses": 0,
        "generalAndAdministrativeExpenses": 0,
        "sellingAndMarketingExpenses": 0,
        "sellingGeneralAndAdministrativeExpenses": 0,
        "otherExpenses": 119900000,
        "operatingExpenses": 119900000,
        "costAndExpenses": 200000000,
        "interestIncome": 0,
        "interestExpense": 0,
        "depreciationAndAmortization": 0,
        "ebitda": 65800000,
        "ebitdaratio": 0.2749686586,
        "operatingIncome": 39300000,
        "operatingIncomeRatio": 0.1642290013,
        "totalOtherIncomeExpensesNet": -12300000,
        "incomeBeforeTax": 27000000,
        "incomeBeforeTaxRatio": 0.1128290848,
        "incomeTaxExpense": 9700000,
        "netIncome": 17300000,
        "netIncomeRatio": 0.0722941914,
        "eps": 0.23,
        "epsdiluted": 0.23,
        "weightedAverageShsOut": 75217391,
        "weightedAverageShsOutDil": 75217391,
        "link": "https://www.sec.gov/Archives/edgar/data/70145/000007014596000059/0000070145-96-000059-index.html",
        "finalLink": "https://www.sec.gov/Archives/edgar/data/70145/"
    },
    {
        "date": "1996-03-31",
        "symbol": "NFG",
        "reportedCurrency": "USD",
        "cik": "0000070145",
        "fillingDate": "1996-05-15",
        "acceptedDate": "1996-05-15 00:00:00",
        "calendarYear": "1996",
        "period": "Q2",
        "revenue": 492400000,
        "costOfRevenue": 247000000,
        "grossProfit": 245400000,
        "grossProfitRatio": 0.4983753046,
        "researchAndDevelopmentExpenses": 0,
        "generalAndAdministrativeExpenses": 0,
        "sellingAndMarketingExpenses": 0,
        "sellingGeneralAndAdministrativeExpenses": 0,
        "otherExpenses": 142100000,
        "operatingExpenses": 142100000,
        "costAndExpenses": 389100000,
        "interestIncome": 0,
        "interestExpense": 0,
        "depreciationAndAmortization": 0,
        "ebitda": 127300000,
        "ebitdaratio": 0.2585296507,
        "operatingIncome": 103300000,
        "operatingIncomeRatio": 0.2097887896,
        "totalOtherIncomeExpensesNet": -13900000,
        "incomeBeforeTax": 89400000,
        "incomeBeforeTaxRatio": 0.1815597076,
        "incomeTaxExpense": 33700000,
        "netIncome": 55700000,
        "netIncomeRatio": 0.1131194151,
        "eps": 0.74,
        "epsdiluted": 0.74,
        "weightedAverageShsOut": 75270270,
        "weightedAverageShsOutDil": 75270270,
        "link": "https://www.sec.gov/Archives/edgar/data/70145/000007014596000031/0000070145-96-000031-index.html",
        "finalLink": "https://www.sec.gov/Archives/edgar/data/70145/"
    },
    {
        "date": "1995-12-31",
        "symbol": "NFG",
        "reportedCurrency": "USD",
        "cik": "0000070145",
        "fillingDate": "1996-02-14",
        "acceptedDate": "1996-02-14 00:00:00",
        "calendarYear": "1996",
        "period": "Q1",
        "revenue": 316300000,
        "costOfRevenue": 133000000,
        "grossProfit": 183300000,
        "grossProfitRatio": 0.5795131205,
        "researchAndDevelopmentExpenses": 0,
        "generalAndAdministrativeExpenses": 0,
        "sellingAndMarketingExpenses": 0,
        "sellingGeneralAndAdministrativeExpenses": 0,
        "otherExpenses": 118200000,
        "operatingExpenses": 118200000,
        "costAndExpenses": 251200000,
        "interestIncome": 0,
        "interestExpense": 0,
        "depreciationAndAmortization": 0,
        "ebitda": 86700000,
        "ebitdaratio": 0.2741068606,
        "operatingIncome": 65100000,
        "operatingIncomeRatio": 0.2058172621,
        "totalOtherIncomeExpensesNet": -13900000,
        "incomeBeforeTax": 51200000,
        "incomeBeforeTaxRatio": 0.1618716408,
        "incomeTaxExpense": 18800000,
        "netIncome": 32400000,
        "netIncomeRatio": 0.1024343977,
        "eps": 0.44,
        "epsdiluted": 0.44,
        "weightedAverageShsOut": 74482759,
        "weightedAverageShsOutDil": 74482759,
        "link": "https://www.sec.gov/Archives/edgar/data/70145/000007014596000014/0000070145-96-000014-index.html",
        "finalLink": "https://www.sec.gov/Archives/edgar/data/70145/"
    },
    {
        "date": "1995-09-30",
        "symbol": "NFG",
        "reportedCurrency": "USD",
        "cik": "0000070145",
        "fillingDate": "1996-02-16",
        "acceptedDate": "1996-02-16 00:00:00",
        "calendarYear": "1995",
        "period": "Q4",
        "revenue": 135800000,
        "costOfRevenue": 21800000,
        "grossProfit": 114000000,
        "grossProfitRatio": 0.8394698085,
        "researchAndDevelopmentExpenses": 0,
        "generalAndAdministrativeExpenses": 0,
        "sellingAndMarketingExpenses": 0,
        "sellingGeneralAndAdministrativeExpenses": 0,
        "otherExpenses": 104000000,
        "operatingExpenses": 104000000,
        "costAndExpenses": 125800000,
        "interestIncome": 0,
        "interestExpense": 0,
        "depreciationAndAmortization": 0,
        "ebitda": 28000000,
        "ebitdaratio": 0.206185567,
        "operatingIncome": 10000000,
        "operatingIncomeRatio": 0.0736377025,
        "totalOtherIncomeExpensesNet": -12600000,
        "incomeBeforeTax": -2600000,
        "incomeBeforeTaxRatio": -0.0191458027,
        "incomeTaxExpense": -2800000,
        "netIncome": 200000,
        "netIncomeRatio": 0.0014727541,
        "eps": 0.0027,
        "epsdiluted": 0.0027,
        "weightedAverageShsOut": 74482759,
        "weightedAverageShsOutDil": 74482759,
        "link": "https://www.sec.gov/Archives/edgar/data/70145/000007014596000016/0000070145-96-000016-index.html",
        "finalLink": "https://www.sec.gov/Archives/edgar/data/70145/0000070145-96-000016.txt"
    },
    {
        "date": "1995-06-30",
        "symbol": "NFG",
        "reportedCurrency": "USD",
        "cik": "0000070145",
        "fillingDate": "1995-08-11",
        "acceptedDate": "1995-08-11 00:00:00",
        "calendarYear": "1995",
        "period": "Q3",
        "revenue": 193500000,
        "costOfRevenue": 60200000,
        "grossProfit": 133300000,
        "grossProfitRatio": 0.6888888889,
        "researchAndDevelopmentExpenses": 0,
        "generalAndAdministrativeExpenses": 0,
        "sellingAndMarketingExpenses": 0,
        "sellingGeneralAndAdministrativeExpenses": 0,
        "otherExpenses": 108100000,
        "operatingExpenses": 108100000,
        "costAndExpenses": 168300000,
        "interestIncome": 0,
        "interestExpense": 0,
        "depreciationAndAmortization": 0,
        "ebitda": 43100000,
        "ebitdaratio": 0.2227390181,
        "operatingIncome": 25200000,
        "operatingIncomeRatio": 0.1302325581,
        "totalOtherIncomeExpensesNet": -10000000,
        "incomeBeforeTax": 15200000,
        "incomeBeforeTaxRatio": 0.0785529716,
        "incomeTaxExpense": 6200000,
        "netIncome": 9000000,
        "netIncomeRatio": 0.0465116279,
        "eps": 0.11,
        "epsdiluted": 0.11,
        "weightedAverageShsOut": 85714286,
        "weightedAverageShsOutDil": 85714286,
        "link": "https://www.sec.gov/Archives/edgar/data/70145/000007014595000066/0000070145-95-000066-index.html",
        "finalLink": "https://www.sec.gov/Archives/edgar/data/70145/"
    },
    {
        "date": "1995-03-31",
        "symbol": "NFG",
        "reportedCurrency": "USD",
        "cik": "0000070145",
        "fillingDate": "1995-05-12",
        "acceptedDate": "1995-05-12 00:00:00",
        "calendarYear": "1995",
        "period": "Q2",
        "revenue": 378800000,
        "costOfRevenue": 165800000,
        "grossProfit": 213000000,
        "grossProfitRatio": 0.5623020063,
        "researchAndDevelopmentExpenses": 0,
        "generalAndAdministrativeExpenses": 0,
        "sellingAndMarketingExpenses": 0,
        "sellingGeneralAndAdministrativeExpenses": 0,
        "otherExpenses": 129900000,
        "operatingExpenses": 129900000,
        "costAndExpenses": 295700000,
        "interestIncome": 0,
        "interestExpense": 0,
        "depreciationAndAmortization": 0,
        "ebitda": 100600000,
        "ebitdaratio": 0.2655755016,
        "operatingIncome": 83100000,
        "operatingIncomeRatio": 0.2193769799,
        "totalOtherIncomeExpensesNet": -13200000,
        "incomeBeforeTax": 69900000,
        "incomeBeforeTaxRatio": 0.184530095,
        "incomeTaxExpense": 26600000,
        "netIncome": 43300000,
        "netIncomeRatio": 0.1143083421,
        "eps": 0.56,
        "epsdiluted": 0.56,
        "weightedAverageShsOut": 77321429,
        "weightedAverageShsOutDil": 77321429,
        "link": "https://www.sec.gov/Archives/edgar/data/70145/000007014595000036/0000070145-95-000036-index.html",
        "finalLink": "https://www.sec.gov/Archives/edgar/data/70145/"
    },
    {
        "date": "1994-12-30",
        "symbol": "NFG",
        "reportedCurrency": "USD",
        "cik": "0000070145",
        "fillingDate": "1995-02-10",
        "acceptedDate": "1995-02-10 00:00:00",
        "calendarYear": "1995",
        "period": "Q1",
        "revenue": 279300000,
        "costOfRevenue": 103400000,
        "grossProfit": 175900000,
        "grossProfitRatio": 0.6297887576,
        "researchAndDevelopmentExpenses": 0,
        "generalAndAdministrativeExpenses": 0,
        "sellingAndMarketingExpenses": 0,
        "sellingGeneralAndAdministrativeExpenses": 0,
        "otherExpenses": 114100000,
        "operatingExpenses": 114100000,
        "costAndExpenses": 217500000,
        "interestIncome": 0,
        "interestExpense": 0,
        "depreciationAndAmortization": 0,
        "ebitda": 80100000,
        "ebitdaratio": 0.2867883996,
        "operatingIncome": 61800000,
        "operatingIncomeRatio": 0.2212674544,
        "totalOtherIncomeExpensesNet": -12700000,
        "incomeBeforeTax": 49100000,
        "incomeBeforeTaxRatio": 0.1757966344,
        "incomeTaxExpense": 18500000,
        "netIncome": 30600000,
        "netIncomeRatio": 0.1095596133,
        "eps": 0.35,
        "epsdiluted": 0.35,
        "weightedAverageShsOut": 88695652,
        "weightedAverageShsOutDil": 88695652,
        "link": "https://www.sec.gov/Archives/edgar/data/70145/000007014595000018/0000070145-95-000018-index.html",
        "finalLink": "https://www.sec.gov/Archives/edgar/data/70145/"
    },
    {
        "date": "1994-09-30",
        "symbol": "NFG",
        "reportedCurrency": "USD",
        "cik": "0000070145",
        "fillingDate": "1994-12-22",
        "acceptedDate": "1994-12-22 00:00:00",
        "calendarYear": "1994",
        "period": "Q4",
        "revenue": 141200000,
        "costOfRevenue": 25200000,
        "grossProfit": 116000000,
        "grossProfitRatio": 0.821529745,
        "researchAndDevelopmentExpenses": 0,
        "generalAndAdministrativeExpenses": 0,
        "sellingAndMarketingExpenses": 0,
        "sellingGeneralAndAdministrativeExpenses": 0,
        "otherExpenses": 105700000,
        "operatingExpenses": 105700000,
        "costAndExpenses": 130900000,
        "interestIncome": 0,
        "interestExpense": 0,
        "depreciationAndAmortization": 0,
        "ebitda": 29300000,
        "ebitdaratio": 0.2075070822,
        "operatingIncome": 10300000,
        "operatingIncomeRatio": 0.0729461756,
        "totalOtherIncomeExpensesNet": -11600000,
        "incomeBeforeTax": -1300000,
        "incomeBeforeTaxRatio": -0.0092067989,
        "incomeTaxExpense": -2300000,
        "netIncome": 400000,
        "netIncomeRatio": 0.0028328612,
        "eps": 0.0053,
        "epsdiluted": 0.0053,
        "weightedAverageShsOut": 75072464,
        "weightedAverageShsOutDil": 75072464,
        "link": "https://www.sec.gov/Archives/edgar/data/70145/000007014594000086/0000070145-94-000086-index.html",
        "finalLink": "https://www.sec.gov/Archives/edgar/data/70145/"
    },
    {
        "date": "1994-06-30",
        "symbol": "NFG",
        "reportedCurrency": "USD",
        "cik": "0000070145",
        "fillingDate": "1994-08-12",
        "acceptedDate": "1994-08-12 00:00:00",
        "calendarYear": "1994",
        "period": "Q3",
        "revenue": 216300000,
        "costOfRevenue": 76300000,
        "grossProfit": 140000000,
        "grossProfitRatio": 0.6472491909,
        "researchAndDevelopmentExpenses": 0,
        "generalAndAdministrativeExpenses": 0,
        "sellingAndMarketingExpenses": 0,
        "sellingGeneralAndAdministrativeExpenses": 0,
        "otherExpenses": 115100000,
        "operatingExpenses": 115100000,
        "costAndExpenses": 191400000,
        "interestIncome": 0,
        "interestExpense": 0,
        "depreciationAndAmortization": 0,
        "ebitda": 44100000,
        "ebitdaratio": 0.2038834951,
        "operatingIncome": 24900000,
        "operatingIncomeRatio": 0.1151178918,
        "totalOtherIncomeExpensesNet": -10000000,
        "incomeBeforeTax": 14900000,
        "incomeBeforeTaxRatio": 0.0688858067,
        "incomeTaxExpense": 5100000,
        "netIncome": 9800000,
        "netIncomeRatio": 0.0453074434,
        "eps": 0.13,
        "epsdiluted": 0.13,
        "weightedAverageShsOut": 75384615,
        "weightedAverageShsOutDil": 75384615,
        "link": "https://www.sec.gov/Archives/edgar/data/70145/000007014594000068/0000070145-94-000068-index.html",
        "finalLink": "https://www.sec.gov/Archives/edgar/data/70145/"
    },
    {
        "date": "1994-03-31",
        "symbol": "NFG",
        "reportedCurrency": "USD",
        "cik": "0000070145",
        "fillingDate": "1994-05-12",
        "acceptedDate": "1994-05-12 00:00:00",
        "calendarYear": "1994",
        "period": "Q2",
        "revenue": 473700000,
        "costOfRevenue": 252000000,
        "grossProfit": 221700000,
        "grossProfitRatio": 0.4680177327,
        "researchAndDevelopmentExpenses": 0,
        "generalAndAdministrativeExpenses": 0,
        "sellingAndMarketingExpenses": 0,
        "sellingGeneralAndAdministrativeExpenses": 0,
        "otherExpenses": 137100000,
        "operatingExpenses": 137100000,
        "costAndExpenses": 389100000,
        "interestIncome": 0,
        "interestExpense": 0,
        "depreciationAndAmortization": 0,
        "ebitda": 103300000,
        "ebitdaratio": 0.2180705088,
        "operatingIncome": 84600000,
        "operatingIncomeRatio": 0.1785940469,
        "totalOtherIncomeExpensesNet": -10900000,
        "incomeBeforeTax": 73700000,
        "incomeBeforeTaxRatio": 0.1555837028,
        "incomeTaxExpense": 29900000,
        "netIncome": 43800000,
        "netIncomeRatio": 0.0924635845,
        "eps": 0.59,
        "epsdiluted": 0.59,
        "weightedAverageShsOut": 74237288,
        "weightedAverageShsOutDil": 74237288,
        "link": "https://www.sec.gov/Archives/edgar/data/70145/000007014594000042/0000070145-94-000042-index.html",
        "finalLink": "https://www.sec.gov/Archives/edgar/data/70145/"
    },
    {
        "date": "1993-12-31",
        "symbol": "NFG",
        "reportedCurrency": "USD",
        "cik": "0000070145",
        "fillingDate": "1994-02-14",
        "acceptedDate": "1994-02-14 00:00:00",
        "calendarYear": "1994",
        "period": "Q1",
        "revenue": 310100000,
        "costOfRevenue": 144200000,
        "grossProfit": 165900000,
        "grossProfitRatio": 0.5349887133,
        "researchAndDevelopmentExpenses": 0,
        "generalAndAdministrativeExpenses": 0,
        "sellingAndMarketingExpenses": 0,
        "sellingGeneralAndAdministrativeExpenses": 0,
        "otherExpenses": 112200000,
        "operatingExpenses": 112200000,
        "costAndExpenses": 256400000,
        "interestIncome": 0,
        "interestExpense": 0,
        "depreciationAndAmortization": 0,
        "ebitda": 71600000,
        "ebitdaratio": 0.2308932602,
        "operatingIncome": 53700000,
        "operatingIncomeRatio": 0.1731699452,
        "totalOtherIncomeExpensesNet": -10800000,
        "incomeBeforeTax": 42900000,
        "incomeBeforeTaxRatio": 0.1383424702,
        "incomeTaxExpense": 15100000,
        "netIncome": 31600000,
        "netIncomeRatio": 0.1019026121,
        "eps": 0.43,
        "epsdiluted": 0.43,
        "weightedAverageShsOut": 73488372,
        "weightedAverageShsOutDil": 73488372,
        "link": "https://www.sec.gov/Archives/edgar/data/70145/000007014594000017/0000070145-94-000017-index.html",
        "finalLink": "https://www.sec.gov/Archives/edgar/data/70145/"
    },
    {
        "date": "1993-09-30",
        "symbol": "NFG",
        "reportedCurrency": "USD",
        "cik": "0000070145",
        "fillingDate": "1994-01-10",
        "acceptedDate": "1994-01-10 00:00:00",
        "calendarYear": "1993",
        "period": "Q4",
        "revenue": 149700000,
        "costOfRevenue": 0,
        "grossProfit": 0,
        "grossProfitRatio": 0,
        "researchAndDevelopmentExpenses": 0,
        "generalAndAdministrativeExpenses": 0,
        "sellingAndMarketingExpenses": 0,
        "sellingGeneralAndAdministrativeExpenses": 0,
        "otherExpenses": 149700000,
        "operatingExpenses": 149700000,
        "costAndExpenses": 149700000,
        "interestIncome": 0,
        "interestExpense": 0,
        "depreciationAndAmortization": 0,
        "ebitda": 149700000,
        "ebitdaratio": 1,
        "operatingIncome": 149700000,
        "operatingIncomeRatio": 1,
        "totalOtherIncomeExpensesNet": -149700000,
        "incomeBeforeTax": 0,
        "incomeBeforeTaxRatio": 0,
        "incomeTaxExpense": -900000,
        "netIncome": 900000,
        "netIncomeRatio": 0.006012024,
        "eps": 0.0127,
        "epsdiluted": 0.0127,
        "weightedAverageShsOut": 71111111,
        "weightedAverageShsOutDil": 71111111,
        "link": "https://www.sec.gov/Archives/edgar/data/70145/000007014594000003/0000070145-94-000003-index.html",
        "finalLink": "https://www.sec.gov/Archives/edgar/data/70145/"
    },
    {
        "date": "1993-06-30",
        "symbol": "NFG",
        "reportedCurrency": "USD",
        "cik": "0000070145",
        "fillingDate": "1993-06-30",
        "acceptedDate": "1993-06-29 20:00:00",
        "calendarYear": "1993",
        "period": "Q3",
        "revenue": 185300000,
        "costOfRevenue": 0,
        "grossProfit": 0,
        "grossProfitRatio": 0,
        "researchAndDevelopmentExpenses": 0,
        "generalAndAdministrativeExpenses": 0,
        "sellingAndMarketingExpenses": 0,
        "sellingGeneralAndAdministrativeExpenses": 0,
        "otherExpenses": 185300000,
        "operatingExpenses": 185300000,
        "costAndExpenses": 185300000,
        "interestIncome": 0,
        "interestExpense": 0,
        "depreciationAndAmortization": 0,
        "ebitda": 185300000,
        "ebitdaratio": 1,
        "operatingIncome": 185300000,
        "operatingIncomeRatio": 1,
        "totalOtherIncomeExpensesNet": -185300000,
        "incomeBeforeTax": 0,
        "incomeBeforeTaxRatio": 0,
        "incomeTaxExpense": -3200000,
        "netIncome": 3200000,
        "netIncomeRatio": 0.017269293,
        "eps": 0.045,
        "epsdiluted": 0.045,
        "weightedAverageShsOut": 71111111,
        "weightedAverageShsOutDil": 71111111,
        "link": "",
        "finalLink": ""
    },
    {
        "date": "1993-03-31",
        "symbol": "NFG",
        "reportedCurrency": "USD",
        "cik": "0000070145",
        "fillingDate": "1993-03-31",
        "acceptedDate": "1993-03-30 19:00:00",
        "calendarYear": "1993",
        "period": "Q2",
        "revenue": 391400000,
        "costOfRevenue": 0,
        "grossProfit": 0,
        "grossProfitRatio": 0,
        "researchAndDevelopmentExpenses": 0,
        "generalAndAdministrativeExpenses": 0,
        "sellingAndMarketingExpenses": 0,
        "sellingGeneralAndAdministrativeExpenses": 0,
        "otherExpenses": 391400000,
        "operatingExpenses": 391400000,
        "costAndExpenses": 391400000,
        "interestIncome": 0,
        "interestExpense": 0,
        "depreciationAndAmortization": 0,
        "ebitda": 391400000,
        "ebitdaratio": 1,
        "operatingIncome": 391400000,
        "operatingIncomeRatio": 1,
        "totalOtherIncomeExpensesNet": -391400000,
        "incomeBeforeTax": 0,
        "incomeBeforeTaxRatio": 0,
        "incomeTaxExpense": -45200000,
        "netIncome": 45200000,
        "netIncomeRatio": 0.115482882,
        "eps": 0.67,
        "epsdiluted": 0.67,
        "weightedAverageShsOut": 67969925,
        "weightedAverageShsOutDil": 67969925,
        "link": "",
        "finalLink": ""
    },
    {
        "date": "1992-12-31",
        "symbol": "NFG",
        "reportedCurrency": "USD",
        "cik": "0000070145",
        "fillingDate": "1992-12-31",
        "acceptedDate": "1992-12-30 19:00:00",
        "calendarYear": "1993",
        "period": "Q1",
        "revenue": 294000000,
        "costOfRevenue": 0,
        "grossProfit": 0,
        "grossProfitRatio": 0,
        "researchAndDevelopmentExpenses": 0,
        "generalAndAdministrativeExpenses": 0,
        "sellingAndMarketingExpenses": 0,
        "sellingGeneralAndAdministrativeExpenses": 0,
        "otherExpenses": 294000000,
        "operatingExpenses": 294000000,
        "costAndExpenses": 294000000,
        "interestIncome": 0,
        "interestExpense": 0,
        "depreciationAndAmortization": 0,
        "ebitda": 294000000,
        "ebitdaratio": 1,
        "operatingIncome": 294000000,
        "operatingIncomeRatio": 1,
        "totalOtherIncomeExpensesNet": -294000000,
        "incomeBeforeTax": 0,
        "incomeBeforeTaxRatio": 0,
        "incomeTaxExpense": -25900000,
        "netIncome": 25900000,
        "netIncomeRatio": 0.0880952381,
        "eps": 0.39,
        "epsdiluted": 0.39,
        "weightedAverageShsOut": 67272727,
        "weightedAverageShsOutDil": 67272727,
        "link": "",
        "finalLink": ""
    },
    {
        "date": "1992-09-30",
        "symbol": "NFG",
        "reportedCurrency": "USD",
        "cik": "0000070145",
        "fillingDate": "1992-09-30",
        "acceptedDate": "1992-09-29 20:00:00",
        "calendarYear": "1992",
        "period": "Q4",
        "revenue": 124900000,
        "costOfRevenue": 0,
        "grossProfit": 0,
        "grossProfitRatio": 0,
        "researchAndDevelopmentExpenses": 0,
        "generalAndAdministrativeExpenses": 0,
        "sellingAndMarketingExpenses": 0,
        "sellingGeneralAndAdministrativeExpenses": 0,
        "otherExpenses": 124900000,
        "operatingExpenses": 124900000,
        "costAndExpenses": 124900000,
        "interestIncome": 0,
        "interestExpense": 0,
        "depreciationAndAmortization": 0,
        "ebitda": 124900000,
        "ebitdaratio": 1,
        "operatingIncome": 124900000,
        "operatingIncomeRatio": 1,
        "totalOtherIncomeExpensesNet": -124900000,
        "incomeBeforeTax": 0,
        "incomeBeforeTaxRatio": 0,
        "incomeTaxExpense": 8800000,
        "netIncome": -8800000,
        "netIncomeRatio": -0.0704563651,
        "eps": -0.13,
        "epsdiluted": -0.13,
        "weightedAverageShsOut": 66666667,
        "weightedAverageShsOutDil": 66666667,
        "link": "",
        "finalLink": ""
    },
    {
        "date": "1992-06-30",
        "symbol": "NFG",
        "reportedCurrency": "USD",
        "cik": "0000070145",
        "fillingDate": "1992-06-30",
        "acceptedDate": "1992-06-29 20:00:00",
        "calendarYear": "1992",
        "period": "Q3",
        "revenue": 176500000,
        "costOfRevenue": 0,
        "grossProfit": 0,
        "grossProfitRatio": 0,
        "researchAndDevelopmentExpenses": 0,
        "generalAndAdministrativeExpenses": 0,
        "sellingAndMarketingExpenses": 0,
        "sellingGeneralAndAdministrativeExpenses": 0,
        "otherExpenses": 176500000,
        "operatingExpenses": 176500000,
        "costAndExpenses": 176500000,
        "interestIncome": 0,
        "interestExpense": 0,
        "depreciationAndAmortization": 0,
        "ebitda": 176500000,
        "ebitdaratio": 1,
        "operatingIncome": 176500000,
        "operatingIncomeRatio": 1,
        "totalOtherIncomeExpensesNet": -176500000,
        "incomeBeforeTax": 0,
        "incomeBeforeTaxRatio": 0,
        "incomeTaxExpense": -2000000,
        "netIncome": 2000000,
        "netIncomeRatio": 0.0113314448,
        "eps": 0.03,
        "epsdiluted": 0.03,
        "weightedAverageShsOut": 66666667,
        "weightedAverageShsOutDil": 66666667,
        "link": "",
        "finalLink": ""
    },
    {
        "date": "1992-03-31",
        "symbol": "NFG",
        "reportedCurrency": "USD",
        "cik": "0000070145",
        "fillingDate": "1992-03-31",
        "acceptedDate": "1992-03-30 19:00:00",
        "calendarYear": "1992",
        "period": "Q2",
        "revenue": 346100000,
        "costOfRevenue": 0,
        "grossProfit": 0,
        "grossProfitRatio": 0,
        "researchAndDevelopmentExpenses": 0,
        "generalAndAdministrativeExpenses": 0,
        "sellingAndMarketingExpenses": 0,
        "sellingGeneralAndAdministrativeExpenses": 0,
        "otherExpenses": 346100000,
        "operatingExpenses": 346100000,
        "costAndExpenses": 346100000,
        "interestIncome": 0,
        "interestExpense": 0,
        "depreciationAndAmortization": 0,
        "ebitda": 346100000,
        "ebitdaratio": 1,
        "operatingIncome": 346100000,
        "operatingIncomeRatio": 1,
        "totalOtherIncomeExpensesNet": -346100000,
        "incomeBeforeTax": 0,
        "incomeBeforeTaxRatio": 0,
        "incomeTaxExpense": -40000000,
        "netIncome": 40000000,
        "netIncomeRatio": 0.1155735337,
        "eps": 0.65,
        "epsdiluted": 0.65,
        "weightedAverageShsOut": 62015504,
        "weightedAverageShsOutDil": 62015504,
        "link": "",
        "finalLink": ""
    },
    {
        "date": "1991-12-31",
        "symbol": "NFG",
        "reportedCurrency": "USD",
        "cik": "0000070145",
        "fillingDate": "1991-12-31",
        "acceptedDate": "1991-12-30 19:00:00",
        "calendarYear": "1992",
        "period": "Q1",
        "revenue": 272300000,
        "costOfRevenue": 0,
        "grossProfit": 0,
        "grossProfitRatio": 0,
        "researchAndDevelopmentExpenses": 0,
        "generalAndAdministrativeExpenses": 0,
        "sellingAndMarketingExpenses": 0,
        "sellingGeneralAndAdministrativeExpenses": 0,
        "otherExpenses": 272300000,
        "operatingExpenses": 272300000,
        "costAndExpenses": 272300000,
        "interestIncome": 0,
        "interestExpense": 0,
        "depreciationAndAmortization": 0,
        "ebitda": 272300000,
        "ebitdaratio": 1,
        "operatingIncome": 272300000,
        "operatingIncomeRatio": 1,
        "totalOtherIncomeExpensesNet": -272300000,
        "incomeBeforeTax": 0,
        "incomeBeforeTaxRatio": 0,
        "incomeTaxExpense": -27000000,
        "netIncome": 27000000,
        "netIncomeRatio": 0.0991553434,
        "eps": 0.44,
        "epsdiluted": 0.44,
        "weightedAverageShsOut": 62068966,
        "weightedAverageShsOutDil": 62068966,
        "link": "",
        "finalLink": ""
    },
    {
        "date": "1991-09-30",
        "symbol": "NFG",
        "reportedCurrency": "USD",
        "cik": "0000070145",
        "fillingDate": "1991-09-30",
        "acceptedDate": "1991-09-29 20:00:00",
        "calendarYear": "1991",
        "period": "Q4",
        "revenue": 118100000,
        "costOfRevenue": 0,
        "grossProfit": 0,
        "grossProfitRatio": 0,
        "researchAndDevelopmentExpenses": 0,
        "generalAndAdministrativeExpenses": 0,
        "sellingAndMarketingExpenses": 0,
        "sellingGeneralAndAdministrativeExpenses": 0,
        "otherExpenses": 118100000,
        "operatingExpenses": 118100000,
        "costAndExpenses": 118100000,
        "interestIncome": 0,
        "interestExpense": 0,
        "depreciationAndAmortization": 0,
        "ebitda": 118100000,
        "ebitdaratio": 1,
        "operatingIncome": 118100000,
        "operatingIncomeRatio": 1,
        "totalOtherIncomeExpensesNet": -118100000,
        "incomeBeforeTax": 0,
        "incomeBeforeTaxRatio": 0,
        "incomeTaxExpense": 6900000,
        "netIncome": -6900000,
        "netIncomeRatio": -0.0584250635,
        "eps": -0.11,
        "epsdiluted": -0.11,
        "weightedAverageShsOut": 60000000,
        "weightedAverageShsOutDil": 60000000,
        "link": "",
        "finalLink": ""
    },
    {
        "date": "1991-06-30",
        "symbol": "NFG",
        "reportedCurrency": "USD",
        "cik": "0000070145",
        "fillingDate": "1991-06-30",
        "acceptedDate": "1991-06-29 20:00:00",
        "calendarYear": "1991",
        "period": "Q3",
        "revenue": 146700000,
        "costOfRevenue": 0,
        "grossProfit": 0,
        "grossProfitRatio": 0,
        "researchAndDevelopmentExpenses": 0,
        "generalAndAdministrativeExpenses": 0,
        "sellingAndMarketingExpenses": 0,
        "sellingGeneralAndAdministrativeExpenses": 0,
        "otherExpenses": 146700000,
        "operatingExpenses": 146700000,
        "costAndExpenses": 146700000,
        "interestIncome": 0,
        "interestExpense": 0,
        "depreciationAndAmortization": 0,
        "ebitda": 146700000,
        "ebitdaratio": 1,
        "operatingIncome": 146700000,
        "operatingIncomeRatio": 1,
        "totalOtherIncomeExpensesNet": -146700000,
        "incomeBeforeTax": 0,
        "incomeBeforeTaxRatio": 0,
        "incomeTaxExpense": 1200000,
        "netIncome": -1200000,
        "netIncomeRatio": -0.0081799591,
        "eps": -0.02,
        "epsdiluted": -0.02,
        "weightedAverageShsOut": 60000000,
        "weightedAverageShsOutDil": 60000000,
        "link": "",
        "finalLink": ""
    },
    {
        "date": "1991-03-31",
        "symbol": "NFG",
        "reportedCurrency": "USD",
        "cik": "0000070145",
        "fillingDate": "1991-03-31",
        "acceptedDate": "1991-03-30 19:00:00",
        "calendarYear": "1991",
        "period": "Q2",
        "revenue": 337800000,
        "costOfRevenue": 0,
        "grossProfit": 0,
        "grossProfitRatio": 0,
        "researchAndDevelopmentExpenses": 0,
        "generalAndAdministrativeExpenses": 0,
        "sellingAndMarketingExpenses": 0,
        "sellingGeneralAndAdministrativeExpenses": 0,
        "otherExpenses": 337800000,
        "operatingExpenses": 337800000,
        "costAndExpenses": 337800000,
        "interestIncome": 0,
        "interestExpense": 0,
        "depreciationAndAmortization": 0,
        "ebitda": 337800000,
        "ebitdaratio": 1,
        "operatingIncome": 337800000,
        "operatingIncomeRatio": 1,
        "totalOtherIncomeExpensesNet": -337800000,
        "incomeBeforeTax": 0,
        "incomeBeforeTaxRatio": 0,
        "incomeTaxExpense": -36000000,
        "netIncome": 36000000,
        "netIncomeRatio": 0.1065719361,
        "eps": 0.61,
        "epsdiluted": 0.61,
        "weightedAverageShsOut": 59504132,
        "weightedAverageShsOutDil": 59504132,
        "link": "",
        "finalLink": ""
    },
    {
        "date": "1990-12-31",
        "symbol": "NFG",
        "reportedCurrency": "USD",
        "cik": "0000070145",
        "fillingDate": "1990-12-31",
        "acceptedDate": "1990-12-30 19:00:00",
        "calendarYear": "1991",
        "period": "Q1",
        "revenue": 262500000,
        "costOfRevenue": 0,
        "grossProfit": 0,
        "grossProfitRatio": 0,
        "researchAndDevelopmentExpenses": 0,
        "generalAndAdministrativeExpenses": 0,
        "sellingAndMarketingExpenses": 0,
        "sellingGeneralAndAdministrativeExpenses": 0,
        "otherExpenses": 262500000,
        "operatingExpenses": 262500000,
        "costAndExpenses": 262500000,
        "interestIncome": 0,
        "interestExpense": 0,
        "depreciationAndAmortization": 0,
        "ebitda": 262500000,
        "ebitdaratio": 1,
        "operatingIncome": 262500000,
        "operatingIncomeRatio": 1,
        "totalOtherIncomeExpensesNet": -262500000,
        "incomeBeforeTax": 0,
        "incomeBeforeTaxRatio": 0,
        "incomeTaxExpense": -21200000,
        "netIncome": 21200000,
        "netIncomeRatio": 0.0807619048,
        "eps": 0.37,
        "epsdiluted": 0.37,
        "weightedAverageShsOut": 57297297,
        "weightedAverageShsOutDil": 57297297,
        "link": "",
        "finalLink": ""
    },
    {
        "date": "1990-09-30",
        "symbol": "NFG",
        "reportedCurrency": "USD",
        "cik": "0000070145",
        "fillingDate": "1990-09-30",
        "acceptedDate": "1990-09-29 20:00:00",
        "calendarYear": "1990",
        "period": "Q4",
        "revenue": 120900000,
        "costOfRevenue": 0,
        "grossProfit": 0,
        "grossProfitRatio": 0,
        "researchAndDevelopmentExpenses": 0,
        "generalAndAdministrativeExpenses": 0,
        "sellingAndMarketingExpenses": 0,
        "sellingGeneralAndAdministrativeExpenses": 0,
        "otherExpenses": 120900000,
        "operatingExpenses": 120900000,
        "costAndExpenses": 120900000,
        "interestIncome": 0,
        "interestExpense": 0,
        "depreciationAndAmortization": 0,
        "ebitda": 120900000,
        "ebitdaratio": 1,
        "operatingIncome": 120900000,
        "operatingIncomeRatio": 1,
        "totalOtherIncomeExpensesNet": -120900000,
        "incomeBeforeTax": 0,
        "incomeBeforeTaxRatio": 0,
        "incomeTaxExpense": -400000,
        "netIncome": 400000,
        "netIncomeRatio": 0.0033085194,
        "eps": 0.0071,
        "epsdiluted": 0.0071,
        "weightedAverageShsOut": 56721311,
        "weightedAverageShsOutDil": 56721311,
        "link": "",
        "finalLink": ""
    },
    {
        "date": "1990-06-30",
        "symbol": "NFG",
        "reportedCurrency": "USD",
        "cik": "0000070145",
        "fillingDate": "1990-06-30",
        "acceptedDate": "1990-06-29 20:00:00",
        "calendarYear": "1990",
        "period": "Q3",
        "revenue": 155400000,
        "costOfRevenue": 0,
        "grossProfit": 0,
        "grossProfitRatio": 0,
        "researchAndDevelopmentExpenses": 0,
        "generalAndAdministrativeExpenses": 0,
        "sellingAndMarketingExpenses": 0,
        "sellingGeneralAndAdministrativeExpenses": 0,
        "otherExpenses": 155400000,
        "operatingExpenses": 155400000,
        "costAndExpenses": 155400000,
        "interestIncome": 0,
        "interestExpense": 0,
        "depreciationAndAmortization": 0,
        "ebitda": 155400000,
        "ebitdaratio": 1,
        "operatingIncome": 155400000,
        "operatingIncomeRatio": 1,
        "totalOtherIncomeExpensesNet": -155400000,
        "incomeBeforeTax": 0,
        "incomeBeforeTaxRatio": 0,
        "incomeTaxExpense": 400000,
        "netIncome": -400000,
        "netIncomeRatio": -0.0025740026,
        "eps": -0.0071,
        "epsdiluted": -0.0071,
        "weightedAverageShsOut": 56721311,
        "weightedAverageShsOutDil": 56721311,
        "link": "",
        "finalLink": ""
    },
    {
        "date": "1990-03-31",
        "symbol": "NFG",
        "reportedCurrency": "USD",
        "cik": "0000070145",
        "fillingDate": "1990-03-31",
        "acceptedDate": "1990-03-30 19:00:00",
        "calendarYear": "1990",
        "period": "Q2",
        "revenue": 324700000,
        "costOfRevenue": 0,
        "grossProfit": 0,
        "grossProfitRatio": 0,
        "researchAndDevelopmentExpenses": 0,
        "generalAndAdministrativeExpenses": 0,
        "sellingAndMarketingExpenses": 0,
        "sellingGeneralAndAdministrativeExpenses": 0,
        "otherExpenses": 324700000,
        "operatingExpenses": 324700000,
        "costAndExpenses": 324700000,
        "interestIncome": 0,
        "interestExpense": 0,
        "depreciationAndAmortization": 0,
        "ebitda": 324700000,
        "ebitdaratio": 1,
        "operatingIncome": 324700000,
        "operatingIncomeRatio": 1,
        "totalOtherIncomeExpensesNet": -324700000,
        "incomeBeforeTax": 0,
        "incomeBeforeTaxRatio": 0,
        "incomeTaxExpense": -27500000,
        "netIncome": 27500000,
        "netIncomeRatio": 0.0846935633,
        "eps": 0.49,
        "epsdiluted": 0.49,
        "weightedAverageShsOut": 56701031,
        "weightedAverageShsOutDil": 56701031,
        "link": "",
        "finalLink": ""
    },
    {
        "date": "1989-12-31",
        "symbol": "NFG",
        "reportedCurrency": "USD",
        "cik": "0000070145",
        "fillingDate": "1989-12-31",
        "acceptedDate": "1989-12-30 19:00:00",
        "calendarYear": "1990",
        "period": "Q1",
        "revenue": 291100000,
        "costOfRevenue": 0,
        "grossProfit": 0,
        "grossProfitRatio": 0,
        "researchAndDevelopmentExpenses": 0,
        "generalAndAdministrativeExpenses": 0,
        "sellingAndMarketingExpenses": 0,
        "sellingGeneralAndAdministrativeExpenses": 0,
        "otherExpenses": 291100000,
        "operatingExpenses": 291100000,
        "costAndExpenses": 291100000,
        "interestIncome": 0,
        "interestExpense": 0,
        "depreciationAndAmortization": 0,
        "ebitda": 291100000,
        "ebitdaratio": 1,
        "operatingIncome": 291100000,
        "operatingIncomeRatio": 1,
        "totalOtherIncomeExpensesNet": -291100000,
        "incomeBeforeTax": 0,
        "incomeBeforeTaxRatio": 0,
        "incomeTaxExpense": -24400000,
        "netIncome": 24400000,
        "netIncomeRatio": 0.0838199931,
        "eps": 0.43,
        "epsdiluted": 0.43,
        "weightedAverageShsOut": 56744186,
        "weightedAverageShsOutDil": 56744186,
        "link": "",
        "finalLink": ""
    },
    {
        "date": "1989-09-30",
        "symbol": "NFG",
        "reportedCurrency": "USD",
        "cik": "0000070145",
        "fillingDate": "1989-09-30",
        "acceptedDate": "1989-09-29 20:00:00",
        "calendarYear": "1989",
        "period": "Q4",
        "revenue": 119900000,
        "costOfRevenue": 0,
        "grossProfit": 0,
        "grossProfitRatio": 0,
        "researchAndDevelopmentExpenses": 0,
        "generalAndAdministrativeExpenses": 0,
        "sellingAndMarketingExpenses": 0,
        "sellingGeneralAndAdministrativeExpenses": 0,
        "otherExpenses": 119900000,
        "operatingExpenses": 119900000,
        "costAndExpenses": 119900000,
        "interestIncome": 0,
        "interestExpense": 0,
        "depreciationAndAmortization": 0,
        "ebitda": 119900000,
        "ebitdaratio": 1,
        "operatingIncome": 119900000,
        "operatingIncomeRatio": 1,
        "totalOtherIncomeExpensesNet": -119900000,
        "incomeBeforeTax": 0,
        "incomeBeforeTaxRatio": 0,
        "incomeTaxExpense": 4900000,
        "netIncome": -4900000,
        "netIncomeRatio": -0.0408673895,
        "eps": -0.0919,
        "epsdiluted": -0.0919,
        "weightedAverageShsOut": 53333333,
        "weightedAverageShsOutDil": 53333333,
        "link": "",
        "finalLink": ""
    },
    {
        "date": "1989-06-30",
        "symbol": "NFG",
        "reportedCurrency": "USD",
        "cik": "0000070145",
        "fillingDate": "1989-06-30",
        "acceptedDate": "1989-06-29 20:00:00",
        "calendarYear": "1989",
        "period": "Q3",
        "revenue": 148100000,
        "costOfRevenue": 0,
        "grossProfit": 0,
        "grossProfitRatio": 0,
        "researchAndDevelopmentExpenses": 0,
        "generalAndAdministrativeExpenses": 0,
        "sellingAndMarketingExpenses": 0,
        "sellingGeneralAndAdministrativeExpenses": 0,
        "otherExpenses": 148100000,
        "operatingExpenses": 148100000,
        "costAndExpenses": 148100000,
        "interestIncome": 0,
        "interestExpense": 0,
        "depreciationAndAmortization": 0,
        "ebitda": 148100000,
        "ebitdaratio": 1,
        "operatingIncome": 148100000,
        "operatingIncomeRatio": 1,
        "totalOtherIncomeExpensesNet": -148100000,
        "incomeBeforeTax": 0,
        "incomeBeforeTaxRatio": 0,
        "incomeTaxExpense": -800000,
        "netIncome": 800000,
        "netIncomeRatio": 0.0054017556,
        "eps": 0.015,
        "epsdiluted": 0.015,
        "weightedAverageShsOut": 53333333,
        "weightedAverageShsOutDil": 53333333,
        "link": "",
        "finalLink": ""
    },
    {
        "date": "1989-03-31",
        "symbol": "NFG",
        "reportedCurrency": "USD",
        "cik": "0000070145",
        "fillingDate": "1989-03-31",
        "acceptedDate": "1989-03-30 19:00:00",
        "calendarYear": "1989",
        "period": "Q2",
        "revenue": 336300000,
        "costOfRevenue": 0,
        "grossProfit": 0,
        "grossProfitRatio": 0,
        "researchAndDevelopmentExpenses": 0,
        "generalAndAdministrativeExpenses": 0,
        "sellingAndMarketingExpenses": 0,
        "sellingGeneralAndAdministrativeExpenses": 0,
        "otherExpenses": 336300000,
        "operatingExpenses": 336300000,
        "costAndExpenses": 336300000,
        "interestIncome": 0,
        "interestExpense": 0,
        "depreciationAndAmortization": 0,
        "ebitda": 336300000,
        "ebitdaratio": 1,
        "operatingIncome": 336300000,
        "operatingIncomeRatio": 1,
        "totalOtherIncomeExpensesNet": -336300000,
        "incomeBeforeTax": 0,
        "incomeBeforeTaxRatio": 0,
        "incomeTaxExpense": -37200000,
        "netIncome": 37200000,
        "netIncomeRatio": 0.1106155219,
        "eps": 0.71,
        "epsdiluted": 0.71,
        "weightedAverageShsOut": 56090000,
        "weightedAverageShsOutDil": 56090000,
        "link": "",
        "finalLink": ""
    },
    {
        "date": "1988-12-31",
        "symbol": "NFG",
        "reportedCurrency": "USD",
        "cik": "0000070145",
        "fillingDate": "1988-12-31",
        "acceptedDate": "1988-12-30 19:00:00",
        "calendarYear": "1989",
        "period": "Q1",
        "revenue": 251500000,
        "costOfRevenue": 0,
        "grossProfit": 0,
        "grossProfitRatio": 0,
        "researchAndDevelopmentExpenses": 0,
        "generalAndAdministrativeExpenses": 0,
        "sellingAndMarketingExpenses": 0,
        "sellingGeneralAndAdministrativeExpenses": 0,
        "otherExpenses": 251500000,
        "operatingExpenses": 251500000,
        "costAndExpenses": 251500000,
        "interestIncome": 0,
        "interestExpense": 0,
        "depreciationAndAmortization": 0,
        "ebitda": 251500000,
        "ebitdaratio": 1,
        "operatingIncome": 251500000,
        "operatingIncomeRatio": 1,
        "totalOtherIncomeExpensesNet": -251500000,
        "incomeBeforeTax": 0,
        "incomeBeforeTaxRatio": 0,
        "incomeTaxExpense": -19300000,
        "netIncome": 19300000,
        "netIncomeRatio": 0.0767395626,
        "eps": 0.37,
        "epsdiluted": 0.37,
        "weightedAverageShsOut": 51860000,
        "weightedAverageShsOutDil": 51860000,
        "link": "",
        "finalLink": ""
    },
    {
        "date": "1988-09-30",
        "symbol": "NFG",
        "reportedCurrency": "USD",
        "cik": "0000070145",
        "fillingDate": "1988-09-30",
        "acceptedDate": "1988-09-29 20:00:00",
        "calendarYear": "1988",
        "period": "Q4",
        "revenue": 94900000,
        "costOfRevenue": 0,
        "grossProfit": 0,
        "grossProfitRatio": 0,
        "researchAndDevelopmentExpenses": 0,
        "generalAndAdministrativeExpenses": 0,
        "sellingAndMarketingExpenses": 0,
        "sellingGeneralAndAdministrativeExpenses": 0,
        "otherExpenses": 94900000,
        "operatingExpenses": 94900000,
        "costAndExpenses": 94900000,
        "interestIncome": 0,
        "interestExpense": 0,
        "depreciationAndAmortization": 0,
        "ebitda": 94900000,
        "ebitdaratio": 1,
        "operatingIncome": 94900000,
        "operatingIncomeRatio": 1,
        "totalOtherIncomeExpensesNet": -94900000,
        "incomeBeforeTax": 0,
        "incomeBeforeTaxRatio": 0,
        "incomeTaxExpense": 8600000,
        "netIncome": -8600000,
        "netIncomeRatio": -0.0906217071,
        "eps": -0.16,
        "epsdiluted": -0.16,
        "weightedAverageShsOut": 51752000,
        "weightedAverageShsOutDil": 51752000,
        "link": "",
        "finalLink": ""
    },
    {
        "date": "1988-06-30",
        "symbol": "NFG",
        "reportedCurrency": "USD",
        "cik": "0000070145",
        "fillingDate": "1988-06-30",
        "acceptedDate": "1988-06-29 20:00:00",
        "calendarYear": "1988",
        "period": "Q3",
        "revenue": 133900000,
        "costOfRevenue": 0,
        "grossProfit": 0,
        "grossProfitRatio": 0,
        "researchAndDevelopmentExpenses": 0,
        "generalAndAdministrativeExpenses": 0,
        "sellingAndMarketingExpenses": 0,
        "sellingGeneralAndAdministrativeExpenses": 0,
        "otherExpenses": 133900000,
        "operatingExpenses": 133900000,
        "costAndExpenses": 133900000,
        "interestIncome": 0,
        "interestExpense": 0,
        "depreciationAndAmortization": 0,
        "ebitda": 133900000,
        "ebitdaratio": 1,
        "operatingIncome": 133900000,
        "operatingIncomeRatio": 1,
        "totalOtherIncomeExpensesNet": -133900000,
        "incomeBeforeTax": 0,
        "incomeBeforeTaxRatio": 0,
        "incomeTaxExpense": -1300000,
        "netIncome": 1300000,
        "netIncomeRatio": 0.0097087379,
        "eps": 0.025,
        "epsdiluted": 0.025,
        "weightedAverageShsOut": 51752000,
        "weightedAverageShsOutDil": 51752000,
        "link": "",
        "finalLink": ""
    },
    {
        "date": "1988-03-31",
        "symbol": "NFG",
        "reportedCurrency": "USD",
        "cik": "0000070145",
        "fillingDate": "1988-03-31",
        "acceptedDate": "1988-03-30 19:00:00",
        "calendarYear": "1988",
        "period": "Q2",
        "revenue": 317900000,
        "costOfRevenue": 0,
        "grossProfit": 0,
        "grossProfitRatio": 0,
        "researchAndDevelopmentExpenses": 0,
        "generalAndAdministrativeExpenses": 0,
        "sellingAndMarketingExpenses": 0,
        "sellingGeneralAndAdministrativeExpenses": 0,
        "otherExpenses": 317900000,
        "operatingExpenses": 317900000,
        "costAndExpenses": 317900000,
        "interestIncome": 0,
        "interestExpense": 0,
        "depreciationAndAmortization": 0,
        "ebitda": 317900000,
        "ebitdaratio": 1,
        "operatingIncome": 317900000,
        "operatingIncomeRatio": 1,
        "totalOtherIncomeExpensesNet": -317900000,
        "incomeBeforeTax": 0,
        "incomeBeforeTaxRatio": 0,
        "incomeTaxExpense": -25000000,
        "netIncome": 25000000,
        "netIncomeRatio": 0.0786410821,
        "eps": 0.68,
        "epsdiluted": 0.68,
        "weightedAverageShsOut": 51728000,
        "weightedAverageShsOutDil": 51728000,
        "link": "",
        "finalLink": ""
    },
    {
        "date": "1987-12-31",
        "symbol": "NFG",
        "reportedCurrency": "USD",
        "cik": "0000070145",
        "fillingDate": "1987-12-31",
        "acceptedDate": "1987-12-30 19:00:00",
        "calendarYear": "1988",
        "period": "Q1",
        "revenue": 222300000,
        "costOfRevenue": 0,
        "grossProfit": 0,
        "grossProfitRatio": 0,
        "researchAndDevelopmentExpenses": 0,
        "generalAndAdministrativeExpenses": 0,
        "sellingAndMarketingExpenses": 0,
        "sellingGeneralAndAdministrativeExpenses": 0,
        "otherExpenses": 222300000,
        "operatingExpenses": 222300000,
        "costAndExpenses": 222300000,
        "interestIncome": 0,
        "interestExpense": 0,
        "depreciationAndAmortization": 0,
        "ebitda": 222300000,
        "ebitdaratio": 1,
        "operatingIncome": 222300000,
        "operatingIncomeRatio": 1,
        "totalOtherIncomeExpensesNet": -222300000,
        "incomeBeforeTax": 0,
        "incomeBeforeTaxRatio": 0,
        "incomeTaxExpense": -15000000,
        "netIncome": 15000000,
        "netIncomeRatio": 0.0674763833,
        "eps": 0.29,
        "epsdiluted": 0.29,
        "weightedAverageShsOut": 51722000,
        "weightedAverageShsOutDil": 51722000,
        "link": "",
        "finalLink": ""
    },
    {
        "date": "1987-09-30",
        "symbol": "NFG",
        "reportedCurrency": "USD",
        "cik": "0000070145",
        "fillingDate": "1987-09-30",
        "acceptedDate": "1987-09-29 20:00:00",
        "calendarYear": "1987",
        "period": "Q4",
        "revenue": 87400000,
        "costOfRevenue": 0,
        "grossProfit": 0,
        "grossProfitRatio": 0,
        "researchAndDevelopmentExpenses": 0,
        "generalAndAdministrativeExpenses": 0,
        "sellingAndMarketingExpenses": 0,
        "sellingGeneralAndAdministrativeExpenses": 0,
        "otherExpenses": 87400000,
        "operatingExpenses": 87400000,
        "costAndExpenses": 87400000,
        "interestIncome": 0,
        "interestExpense": 0,
        "depreciationAndAmortization": 0,
        "ebitda": 87400000,
        "ebitdaratio": 1,
        "operatingIncome": 87400000,
        "operatingIncomeRatio": 1,
        "totalOtherIncomeExpensesNet": -87400000,
        "incomeBeforeTax": 0,
        "incomeBeforeTaxRatio": 0,
        "incomeTaxExpense": 8700000,
        "netIncome": -8700000,
        "netIncomeRatio": -0.0995423341,
        "eps": -0.19,
        "epsdiluted": -0.19,
        "weightedAverageShsOut": 47712000,
        "weightedAverageShsOutDil": 47712000,
        "link": "",
        "finalLink": ""
    },
    {
        "date": "1987-06-30",
        "symbol": "NFG",
        "reportedCurrency": "USD",
        "cik": "0000070145",
        "fillingDate": "1987-06-30",
        "acceptedDate": "1987-06-29 20:00:00",
        "calendarYear": "1987",
        "period": "Q3",
        "revenue": 130100000,
        "costOfRevenue": 0,
        "grossProfit": 0,
        "grossProfitRatio": 0,
        "researchAndDevelopmentExpenses": 0,
        "generalAndAdministrativeExpenses": 0,
        "sellingAndMarketingExpenses": 0,
        "sellingGeneralAndAdministrativeExpenses": 0,
        "otherExpenses": 130100000,
        "operatingExpenses": 130100000,
        "costAndExpenses": 130100000,
        "interestIncome": 0,
        "interestExpense": 0,
        "depreciationAndAmortization": 0,
        "ebitda": 130100000,
        "ebitdaratio": 1,
        "operatingIncome": 130100000,
        "operatingIncomeRatio": 1,
        "totalOtherIncomeExpensesNet": -130100000,
        "incomeBeforeTax": 0,
        "incomeBeforeTaxRatio": 0,
        "incomeTaxExpense": -3900000,
        "netIncome": 3900000,
        "netIncomeRatio": 0.0299769408,
        "eps": 0.08,
        "epsdiluted": 0.08,
        "weightedAverageShsOut": 47712000,
        "weightedAverageShsOutDil": 47712000,
        "link": "",
        "finalLink": ""
    },
    {
        "date": "1987-03-31",
        "symbol": "NFG",
        "reportedCurrency": "USD",
        "cik": "0000070145",
        "fillingDate": "1987-03-31",
        "acceptedDate": "1987-03-30 19:00:00",
        "calendarYear": "1987",
        "period": "Q2",
        "revenue": 295200000,
        "costOfRevenue": 0,
        "grossProfit": 0,
        "grossProfitRatio": 0,
        "researchAndDevelopmentExpenses": 0,
        "generalAndAdministrativeExpenses": 0,
        "sellingAndMarketingExpenses": 0,
        "sellingGeneralAndAdministrativeExpenses": 0,
        "otherExpenses": 295200000,
        "operatingExpenses": 295200000,
        "costAndExpenses": 295200000,
        "interestIncome": 0,
        "interestExpense": 0,
        "depreciationAndAmortization": 0,
        "ebitda": 295200000,
        "ebitdaratio": 1,
        "operatingIncome": 295200000,
        "operatingIncomeRatio": 1,
        "totalOtherIncomeExpensesNet": -295200000,
        "incomeBeforeTax": 0,
        "incomeBeforeTaxRatio": 0,
        "incomeTaxExpense": -26900000,
        "netIncome": 26900000,
        "netIncomeRatio": 0.0911246612,
        "eps": 0.56,
        "epsdiluted": 0.56,
        "weightedAverageShsOut": 47712000,
        "weightedAverageShsOutDil": 47712000,
        "link": "",
        "finalLink": ""
    },
    {
        "date": "1986-12-31",
        "symbol": "NFG",
        "reportedCurrency": "USD",
        "cik": "0000070145",
        "fillingDate": "1986-12-31",
        "acceptedDate": "1986-12-30 19:00:00",
        "calendarYear": "1987",
        "period": "Q1",
        "revenue": 224600000,
        "costOfRevenue": 0,
        "grossProfit": 0,
        "grossProfitRatio": 0,
        "researchAndDevelopmentExpenses": 0,
        "generalAndAdministrativeExpenses": 0,
        "sellingAndMarketingExpenses": 0,
        "sellingGeneralAndAdministrativeExpenses": 0,
        "otherExpenses": 224600000,
        "operatingExpenses": 224600000,
        "costAndExpenses": 224600000,
        "interestIncome": 0,
        "interestExpense": 0,
        "depreciationAndAmortization": 0,
        "ebitda": 224600000,
        "ebitdaratio": 1,
        "operatingIncome": 224600000,
        "operatingIncomeRatio": 1,
        "totalOtherIncomeExpensesNet": -224600000,
        "incomeBeforeTax": 0,
        "incomeBeforeTaxRatio": 0,
        "incomeTaxExpense": -13800000,
        "netIncome": 13800000,
        "netIncomeRatio": 0.0614425646,
        "eps": 0.29,
        "epsdiluted": 0.29,
        "weightedAverageShsOut": 47680000,
        "weightedAverageShsOutDil": 47680000,
        "link": "",
        "finalLink": ""
    },
    {
        "date": "1986-09-30",
        "symbol": "NFG",
        "reportedCurrency": "USD",
        "cik": "0000070145",
        "fillingDate": "1986-09-30",
        "acceptedDate": "1986-09-29 20:00:00",
        "calendarYear": "1986",
        "period": "Q4",
        "revenue": 97200000,
        "costOfRevenue": 0,
        "grossProfit": 0,
        "grossProfitRatio": 0,
        "researchAndDevelopmentExpenses": 0,
        "generalAndAdministrativeExpenses": 0,
        "sellingAndMarketingExpenses": 0,
        "sellingGeneralAndAdministrativeExpenses": 0,
        "otherExpenses": 97200000,
        "operatingExpenses": 97200000,
        "costAndExpenses": 97200000,
        "interestIncome": 0,
        "interestExpense": 0,
        "depreciationAndAmortization": 0,
        "ebitda": 97200000,
        "ebitdaratio": 1,
        "operatingIncome": 97200000,
        "operatingIncomeRatio": 1,
        "totalOtherIncomeExpensesNet": -97200000,
        "incomeBeforeTax": 0,
        "incomeBeforeTaxRatio": 0,
        "incomeTaxExpense": 1700000,
        "netIncome": -1700000,
        "netIncomeRatio": -0.0174897119,
        "eps": -0.04,
        "epsdiluted": -0.04,
        "weightedAverageShsOut": 47680000,
        "weightedAverageShsOutDil": 47680000,
        "link": "",
        "finalLink": ""
    },
    {
        "date": "1986-06-30",
        "symbol": "NFG",
        "reportedCurrency": "USD",
        "cik": "0000070145",
        "fillingDate": "1986-06-30",
        "acceptedDate": "1986-06-29 20:00:00",
        "calendarYear": "1986",
        "period": "Q3",
        "revenue": 155500000,
        "costOfRevenue": 0,
        "grossProfit": 0,
        "grossProfitRatio": 0,
        "researchAndDevelopmentExpenses": 0,
        "generalAndAdministrativeExpenses": 0,
        "sellingAndMarketingExpenses": 0,
        "sellingGeneralAndAdministrativeExpenses": 0,
        "otherExpenses": 155500000,
        "operatingExpenses": 155500000,
        "costAndExpenses": 155500000,
        "interestIncome": 0,
        "interestExpense": 0,
        "depreciationAndAmortization": 0,
        "ebitda": 155500000,
        "ebitdaratio": 1,
        "operatingIncome": 155500000,
        "operatingIncomeRatio": 1,
        "totalOtherIncomeExpensesNet": -155500000,
        "incomeBeforeTax": 0,
        "incomeBeforeTaxRatio": 0,
        "incomeTaxExpense": -2100000,
        "netIncome": 2100000,
        "netIncomeRatio": 0.0135048232,
        "eps": 0.03,
        "epsdiluted": 0.03,
        "weightedAverageShsOut": 47680000,
        "weightedAverageShsOutDil": 47680000,
        "link": "",
        "finalLink": ""
    },
    {
        "date": "1986-03-31",
        "symbol": "NFG",
        "reportedCurrency": "USD",
        "cik": "0000070145",
        "fillingDate": "1986-03-31",
        "acceptedDate": "1986-03-30 19:00:00",
        "calendarYear": "1986",
        "period": "Q2",
        "revenue": 391600000,
        "costOfRevenue": 0,
        "grossProfit": 0,
        "grossProfitRatio": 0,
        "researchAndDevelopmentExpenses": 0,
        "generalAndAdministrativeExpenses": 0,
        "sellingAndMarketingExpenses": 0,
        "sellingGeneralAndAdministrativeExpenses": 0,
        "otherExpenses": 391600000,
        "operatingExpenses": 391600000,
        "costAndExpenses": 391600000,
        "interestIncome": 0,
        "interestExpense": 0,
        "depreciationAndAmortization": 0,
        "ebitda": 391600000,
        "ebitdaratio": 1,
        "operatingIncome": 391600000,
        "operatingIncomeRatio": 1,
        "totalOtherIncomeExpensesNet": -391600000,
        "incomeBeforeTax": 0,
        "incomeBeforeTaxRatio": 0,
        "incomeTaxExpense": -27900000,
        "netIncome": 27900000,
        "netIncomeRatio": 0.0712461696,
        "eps": 0.57,
        "epsdiluted": 0.57,
        "weightedAverageShsOut": 47396000,
        "weightedAverageShsOutDil": 47396000,
        "link": "",
        "finalLink": ""
    },
    {
        "date": "1985-12-31",
        "symbol": "NFG",
        "reportedCurrency": "USD",
        "cik": "0000070145",
        "fillingDate": "1985-12-31",
        "acceptedDate": "1985-12-30 19:00:00",
        "calendarYear": "1986",
        "period": "Q1",
        "revenue": 261500000,
        "costOfRevenue": 0,
        "grossProfit": 0,
        "grossProfitRatio": 0,
        "researchAndDevelopmentExpenses": 0,
        "generalAndAdministrativeExpenses": 0,
        "sellingAndMarketingExpenses": 0,
        "sellingGeneralAndAdministrativeExpenses": 0,
        "otherExpenses": 261500000,
        "operatingExpenses": 261500000,
        "costAndExpenses": 261500000,
        "interestIncome": 0,
        "interestExpense": 0,
        "depreciationAndAmortization": 0,
        "ebitda": 261500000,
        "ebitdaratio": 1,
        "operatingIncome": 261500000,
        "operatingIncomeRatio": 1,
        "totalOtherIncomeExpensesNet": -261500000,
        "incomeBeforeTax": 0,
        "incomeBeforeTaxRatio": 0,
        "incomeTaxExpense": -15100000,
        "netIncome": 15100000,
        "netIncomeRatio": 0.0577437859,
        "eps": 0.31,
        "epsdiluted": 0.31,
        "weightedAverageShsOut": 47396000,
        "weightedAverageShsOutDil": 47396000,
        "link": "",
        "finalLink": ""
    },
    {
        "date": "1985-09-30",
        "symbol": "NFG",
        "reportedCurrency": "USD",
        "cik": "0000070145",
        "fillingDate": "1985-09-30",
        "acceptedDate": "1985-09-29 20:00:00",
        "calendarYear": "1985",
        "period": "Q4",
        "revenue": 116700000,
        "costOfRevenue": 0,
        "grossProfit": 0,
        "grossProfitRatio": 0,
        "researchAndDevelopmentExpenses": 0,
        "generalAndAdministrativeExpenses": 0,
        "sellingAndMarketingExpenses": 0,
        "sellingGeneralAndAdministrativeExpenses": 0,
        "otherExpenses": 116700000,
        "operatingExpenses": 116700000,
        "costAndExpenses": 116700000,
        "interestIncome": 0,
        "interestExpense": 0,
        "depreciationAndAmortization": 0,
        "ebitda": 116700000,
        "ebitdaratio": 1,
        "operatingIncome": 116700000,
        "operatingIncomeRatio": 1,
        "totalOtherIncomeExpensesNet": -116700000,
        "incomeBeforeTax": 0,
        "incomeBeforeTaxRatio": 0,
        "incomeTaxExpense": 1100000,
        "netIncome": -1100000,
        "netIncomeRatio": -0.0094258783,
        "eps": -0.035,
        "epsdiluted": -0.035,
        "weightedAverageShsOut": 47396000,
        "weightedAverageShsOutDil": 47396000,
        "link": "",
        "finalLink": ""
    }
]