[
    {
        "date": "2018-09-30",
        "symbol": "NFX",
        "reportedCurrency": "USD",
        "cik": "0000000000",
        "fillingDate": "2018-09-30",
        "acceptedDate": "2018-09-30 00:00:00",
        "calendarYear": "2018",
        "period": "Q3",
        "revenue": 711000000,
        "costOfRevenue": 294000000,
        "grossProfit": 417000000,
        "grossProfitRatio": 0.5864978903,
        "researchAndDevelopmentExpenses": 0,
        "generalAndAdministrativeExpenses": 120000000,
        "sellingAndMarketingExpenses": 0,
        "sellingGeneralAndAdministrativeExpenses": 120000000,
        "otherExpenses": 2000000,
        "operatingExpenses": 122000000,
        "costAndExpenses": 416000000,
        "interestIncome": 0,
        "interestExpense": 23000000,
        "depreciationAndAmortization": 166000000,
        "ebitda": 461000000,
        "ebitdaratio": 0.6483825598,
        "operatingIncome": 295000000,
        "operatingIncomeRatio": 0.4149085795,
        "totalOtherIncomeExpensesNet": -77000000,
        "incomeBeforeTax": 218000000,
        "incomeBeforeTaxRatio": 0.3066104079,
        "incomeTaxExpense": -6000000,
        "netIncome": 224000000,
        "netIncomeRatio": 0.3150492264,
        "eps": 1.12,
        "epsdiluted": 1.11,
        "weightedAverageShsOut": 200000000,
        "weightedAverageShsOutDil": 201000000,
        "link": null,
        "finalLink": null
    },
    {
        "date": "2018-06-30",
        "symbol": "NFX",
        "reportedCurrency": "USD",
        "cik": "0000000000",
        "fillingDate": "2018-06-30",
        "acceptedDate": "2018-06-30 00:00:00",
        "calendarYear": "2018",
        "period": "Q2",
        "revenue": 679000000,
        "costOfRevenue": 261000000,
        "grossProfit": 418000000,
        "grossProfitRatio": 0.6156111929,
        "researchAndDevelopmentExpenses": 0,
        "generalAndAdministrativeExpenses": 124000000,
        "sellingAndMarketingExpenses": 0,
        "sellingGeneralAndAdministrativeExpenses": 124000000,
        "otherExpenses": -6000000,
        "operatingExpenses": 118000000,
        "costAndExpenses": 379000000,
        "interestIncome": 0,
        "interestExpense": 22000000,
        "depreciationAndAmortization": 151000000,
        "ebitda": 451000000,
        "ebitdaratio": 0.6642120766,
        "operatingIncome": 300000000,
        "operatingIncomeRatio": 0.441826215,
        "totalOtherIncomeExpensesNet": -167000000,
        "incomeBeforeTax": 133000000,
        "incomeBeforeTaxRatio": 0.1958762887,
        "incomeTaxExpense": 14000000,
        "netIncome": 119000000,
        "netIncomeRatio": 0.175257732,
        "eps": 0.6,
        "epsdiluted": 0.59,
        "weightedAverageShsOut": 200000000,
        "weightedAverageShsOutDil": 201000000,
        "link": null,
        "finalLink": null
    },
    {
        "date": "2018-03-31",
        "symbol": "NFX",
        "reportedCurrency": "USD",
        "cik": "0000000000",
        "fillingDate": "2018-03-31",
        "acceptedDate": "2018-03-31 00:00:00",
        "calendarYear": "2018",
        "period": "Q1",
        "revenue": 580000000,
        "costOfRevenue": 235000000,
        "grossProfit": 345000000,
        "grossProfitRatio": 0.5948275862,
        "researchAndDevelopmentExpenses": 0,
        "generalAndAdministrativeExpenses": 112000000,
        "sellingAndMarketingExpenses": 0,
        "sellingGeneralAndAdministrativeExpenses": 112000000,
        "otherExpenses": 1000000,
        "operatingExpenses": 113000000,
        "costAndExpenses": 348000000,
        "interestIncome": 0,
        "interestExpense": 23000000,
        "depreciationAndAmortization": 134000000,
        "ebitda": 366000000,
        "ebitdaratio": 0.6310344828,
        "operatingIncome": 232000000,
        "operatingIncomeRatio": 0.4,
        "totalOtherIncomeExpensesNet": -133000000,
        "incomeBeforeTax": 99000000,
        "incomeBeforeTaxRatio": 0.1706896552,
        "incomeTaxExpense": 13000000,
        "netIncome": 86000000,
        "netIncomeRatio": 0.1482758621,
        "eps": 0.43,
        "epsdiluted": 0.43,
        "weightedAverageShsOut": 200000000,
        "weightedAverageShsOutDil": 200000000,
        "link": null,
        "finalLink": null
    },
    {
        "date": "2017-12-31",
        "symbol": "NFX",
        "reportedCurrency": "USD",
        "cik": "0000000000",
        "fillingDate": "2017-12-31",
        "acceptedDate": "2017-12-31 00:00:00",
        "calendarYear": "2017",
        "period": "Q4",
        "revenue": 509000000,
        "costOfRevenue": 225000000,
        "grossProfit": 284000000,
        "grossProfitRatio": 0.557956778,
        "researchAndDevelopmentExpenses": 0,
        "generalAndAdministrativeExpenses": 97000000,
        "sellingAndMarketingExpenses": 0,
        "sellingGeneralAndAdministrativeExpenses": 97000000,
        "otherExpenses": 4000000,
        "operatingExpenses": 101000000,
        "costAndExpenses": 326000000,
        "interestIncome": 0,
        "interestExpense": 23000000,
        "depreciationAndAmortization": 127000000,
        "ebitda": 185000000,
        "ebitdaratio": 0.3634577603,
        "operatingIncome": 58000000,
        "operatingIncomeRatio": 0.1139489194,
        "totalOtherIncomeExpensesNet": -126000000,
        "incomeBeforeTax": 57000000,
        "incomeBeforeTaxRatio": 0.1119842829,
        "incomeTaxExpense": -38000000,
        "netIncome": 95000000,
        "netIncomeRatio": 0.1866404715,
        "eps": 0.47,
        "epsdiluted": 0.47,
        "weightedAverageShsOut": 200000000,
        "weightedAverageShsOutDil": 201000000,
        "link": null,
        "finalLink": null
    },
    {
        "date": "2017-09-30",
        "symbol": "NFX",
        "reportedCurrency": "USD",
        "cik": "0000000000",
        "fillingDate": "2017-09-30",
        "acceptedDate": "2017-09-30 00:00:00",
        "calendarYear": "2017",
        "period": "Q3",
        "revenue": 439000000,
        "costOfRevenue": 220000000,
        "grossProfit": 219000000,
        "grossProfitRatio": 0.4988610478,
        "researchAndDevelopmentExpenses": 0,
        "generalAndAdministrativeExpenses": 106000000,
        "sellingAndMarketingExpenses": 0,
        "sellingGeneralAndAdministrativeExpenses": 106000000,
        "otherExpenses": 1000000,
        "operatingExpenses": 107000000,
        "costAndExpenses": 327000000,
        "interestIncome": 0,
        "interestExpense": 22000000,
        "depreciationAndAmortization": 125000000,
        "ebitda": 237000000,
        "ebitdaratio": 0.5398633257,
        "operatingIncome": 112000000,
        "operatingIncomeRatio": 0.2551252847,
        "totalOtherIncomeExpensesNet": -44000000,
        "incomeBeforeTax": 68000000,
        "incomeBeforeTaxRatio": 0.1548974943,
        "incomeTaxExpense": -19000000,
        "netIncome": 87000000,
        "netIncomeRatio": 0.1981776765,
        "eps": 0.44,
        "epsdiluted": 0.44,
        "weightedAverageShsOut": 199000000,
        "weightedAverageShsOutDil": 200000000,
        "link": null,
        "finalLink": null
    },
    {
        "date": "2017-06-30",
        "symbol": "NFX",
        "reportedCurrency": "USD",
        "cik": "0000000000",
        "fillingDate": "2017-06-30",
        "acceptedDate": "2017-06-29 20:00:00",
        "calendarYear": "2017",
        "period": "Q2",
        "revenue": 402000000,
        "costOfRevenue": 194000000,
        "grossProfit": 208000000,
        "grossProfitRatio": 0.5174129353,
        "researchAndDevelopmentExpenses": 0,
        "generalAndAdministrativeExpenses": 109000000,
        "sellingAndMarketingExpenses": 0,
        "sellingGeneralAndAdministrativeExpenses": 109000000,
        "otherExpenses": 0,
        "operatingExpenses": 109000000,
        "costAndExpenses": 303000000,
        "interestIncome": 0,
        "interestExpense": 22000000,
        "depreciationAndAmortization": 110000000,
        "ebitda": 129000000,
        "ebitdaratio": 0.3208955224,
        "operatingIncome": 99000000,
        "operatingIncomeRatio": 0.2462686567,
        "totalOtherIncomeExpensesNet": 8000000,
        "incomeBeforeTax": 107000000,
        "incomeBeforeTaxRatio": 0.2661691542,
        "incomeTaxExpense": 9000000,
        "netIncome": 98000000,
        "netIncomeRatio": 0.2437810945,
        "eps": 0.49,
        "epsdiluted": 0.49,
        "weightedAverageShsOut": 199000000,
        "weightedAverageShsOutDil": 200000000,
        "link": null,
        "finalLink": null
    },
    {
        "date": "2017-03-31",
        "symbol": "NFX",
        "reportedCurrency": "USD",
        "cik": "0000000000",
        "fillingDate": "2017-03-31",
        "acceptedDate": "2017-03-30 20:00:00",
        "calendarYear": "2017",
        "period": "Q1",
        "revenue": 417000000,
        "costOfRevenue": 192000000,
        "grossProfit": 225000000,
        "grossProfitRatio": 0.5395683453,
        "researchAndDevelopmentExpenses": 0,
        "generalAndAdministrativeExpenses": 103000000,
        "sellingAndMarketingExpenses": 0,
        "sellingGeneralAndAdministrativeExpenses": 103000000,
        "otherExpenses": 2000000,
        "operatingExpenses": 104000000,
        "costAndExpenses": 296000000,
        "interestIncome": 0,
        "interestExpense": 22000000,
        "depreciationAndAmortization": 106000000,
        "ebitda": 229000000,
        "ebitdaratio": 0.5491606715,
        "operatingIncome": 121000000,
        "operatingIncomeRatio": 0.2901678657,
        "totalOtherIncomeExpensesNet": 33000000,
        "incomeBeforeTax": 154000000,
        "incomeBeforeTaxRatio": 0.3693045564,
        "incomeTaxExpense": 7000000,
        "netIncome": 147000000,
        "netIncomeRatio": 0.3525179856,
        "eps": 0.74,
        "epsdiluted": 0.73,
        "weightedAverageShsOut": 199000000,
        "weightedAverageShsOutDil": 200000000,
        "link": null,
        "finalLink": null
    },
    {
        "date": "2016-12-31",
        "symbol": "NFX",
        "reportedCurrency": "USD",
        "cik": "0000000000",
        "fillingDate": "2016-12-31",
        "acceptedDate": "2016-12-30 19:00:00",
        "calendarYear": "2016",
        "period": "Q4",
        "revenue": 415000000,
        "costOfRevenue": 195000000,
        "grossProfit": 220000000,
        "grossProfitRatio": 0.5301204819,
        "researchAndDevelopmentExpenses": 0,
        "generalAndAdministrativeExpenses": 107000000,
        "sellingAndMarketingExpenses": 0,
        "sellingGeneralAndAdministrativeExpenses": 107000000,
        "otherExpenses": 0,
        "operatingExpenses": 108000000,
        "costAndExpenses": 303000000,
        "interestIncome": 0,
        "interestExpense": 22000000,
        "depreciationAndAmortization": 115000000,
        "ebitda": 115000000,
        "ebitdaratio": 0.2771084337,
        "operatingIncome": 112000000,
        "operatingIncomeRatio": 0.2698795181,
        "totalOtherIncomeExpensesNet": -88000000,
        "incomeBeforeTax": 24000000,
        "incomeBeforeTaxRatio": 0.0578313253,
        "incomeTaxExpense": 11000000,
        "netIncome": 13000000,
        "netIncomeRatio": 0.0313253012,
        "eps": 0.07,
        "epsdiluted": 0.07,
        "weightedAverageShsOut": 199000000,
        "weightedAverageShsOutDil": 200000000,
        "link": null,
        "finalLink": null
    },
    {
        "date": "2016-09-30",
        "symbol": "NFX",
        "reportedCurrency": "USD",
        "cik": "0000000000",
        "fillingDate": "2016-09-30",
        "acceptedDate": "2016-09-29 20:00:00",
        "calendarYear": "2016",
        "period": "Q3",
        "revenue": 392000000,
        "costOfRevenue": 204000000,
        "grossProfit": 188000000,
        "grossProfitRatio": 0.4795918367,
        "researchAndDevelopmentExpenses": 0,
        "generalAndAdministrativeExpenses": 125000000,
        "sellingAndMarketingExpenses": 0,
        "sellingGeneralAndAdministrativeExpenses": 125000000,
        "otherExpenses": 1000000,
        "operatingExpenses": 143000000,
        "costAndExpenses": 347000000,
        "interestIncome": 0,
        "interestExpense": 22000000,
        "depreciationAndAmortization": 120000000,
        "ebitda": 166000000,
        "ebitdaratio": 0.4234693878,
        "operatingIncome": 45000000,
        "operatingIncomeRatio": 0.1147959184,
        "totalOtherIncomeExpensesNet": 7000000,
        "incomeBeforeTax": 52000000,
        "incomeBeforeTaxRatio": 0.1326530612,
        "incomeTaxExpense": 4000000,
        "netIncome": 48000000,
        "netIncomeRatio": 0.1224489796,
        "eps": 0.24,
        "epsdiluted": 0.24,
        "weightedAverageShsOut": 199000000,
        "weightedAverageShsOutDil": 200000000,
        "link": null,
        "finalLink": null
    },
    {
        "date": "2016-06-30",
        "symbol": "NFX",
        "reportedCurrency": "USD",
        "cik": "0000000000",
        "fillingDate": "2016-06-30",
        "acceptedDate": "2016-06-29 20:00:00",
        "calendarYear": "2016",
        "period": "Q2",
        "revenue": 381000000,
        "costOfRevenue": 237000000,
        "grossProfit": 144000000,
        "grossProfitRatio": 0.3779527559,
        "researchAndDevelopmentExpenses": 0,
        "generalAndAdministrativeExpenses": 120000000,
        "sellingAndMarketingExpenses": 0,
        "sellingGeneralAndAdministrativeExpenses": 120000000,
        "otherExpenses": 0,
        "operatingExpenses": 120000000,
        "costAndExpenses": 357000000,
        "interestIncome": 0,
        "interestExpense": 27000000,
        "depreciationAndAmortization": 160000000,
        "ebitda": -471000000,
        "ebitdaratio": -1.2362204724,
        "operatingIncome": -498000000,
        "operatingIncomeRatio": -1.3070866142,
        "totalOtherIncomeExpensesNet": -160000000,
        "incomeBeforeTax": -658000000,
        "incomeBeforeTaxRatio": -1.7270341207,
        "incomeTaxExpense": 9000000,
        "netIncome": -667000000,
        "netIncomeRatio": -1.750656168,
        "eps": -3.37,
        "epsdiluted": -3.37,
        "weightedAverageShsOut": 198000000,
        "weightedAverageShsOutDil": 198000000,
        "link": null,
        "finalLink": null
    },
    {
        "date": "2016-03-31",
        "symbol": "NFX",
        "reportedCurrency": "USD",
        "cik": "0000000000",
        "fillingDate": "2016-03-31",
        "acceptedDate": "2016-03-30 20:00:00",
        "calendarYear": "2016",
        "period": "Q1",
        "revenue": 284000000,
        "costOfRevenue": 250000000,
        "grossProfit": 34000000,
        "grossProfitRatio": 0.1197183099,
        "researchAndDevelopmentExpenses": 0,
        "generalAndAdministrativeExpenses": 105000000,
        "sellingAndMarketingExpenses": 0,
        "sellingGeneralAndAdministrativeExpenses": 105000000,
        "otherExpenses": 1000000,
        "operatingExpenses": 106000000,
        "costAndExpenses": 356000000,
        "interestIncome": 0,
        "interestExpense": 32000000,
        "depreciationAndAmortization": 177000000,
        "ebitda": -417000000,
        "ebitdaratio": -1.4683098592,
        "operatingIncome": -578000000,
        "operatingIncomeRatio": -2.0352112676,
        "totalOtherIncomeExpensesNet": -48000000,
        "incomeBeforeTax": -626000000,
        "incomeBeforeTaxRatio": -2.2042253521,
        "incomeTaxExpense": -2000000,
        "netIncome": -624000000,
        "netIncomeRatio": -2.1971830986,
        "eps": -3.53,
        "epsdiluted": -3.53,
        "weightedAverageShsOut": 177000000,
        "weightedAverageShsOutDil": 177000000,
        "link": null,
        "finalLink": null
    },
    {
        "date": "2015-12-31",
        "symbol": "NFX",
        "reportedCurrency": "USD",
        "cik": "0000000000",
        "fillingDate": "2015-12-31",
        "acceptedDate": "2015-12-30 19:00:00",
        "calendarYear": "2015",
        "period": "Q4",
        "revenue": 362000000,
        "costOfRevenue": 258000000,
        "grossProfit": 104000000,
        "grossProfitRatio": 0.2872928177,
        "researchAndDevelopmentExpenses": 0,
        "generalAndAdministrativeExpenses": 130000000,
        "sellingAndMarketingExpenses": 0,
        "sellingGeneralAndAdministrativeExpenses": 130000000,
        "otherExpenses": -1000000,
        "operatingExpenses": 132000000,
        "costAndExpenses": 390000000,
        "interestIncome": 0,
        "interestExpense": 27000000,
        "depreciationAndAmortization": 196000000,
        "ebitda": -506000000,
        "ebitdaratio": -1.3977900552,
        "operatingIncome": -730000000,
        "operatingIncomeRatio": -2.0165745856,
        "totalOtherIncomeExpensesNet": 1000000,
        "incomeBeforeTax": -729000000,
        "incomeBeforeTaxRatio": -2.0138121547,
        "incomeTaxExpense": -66000000,
        "netIncome": -663000000,
        "netIncomeRatio": -1.8314917127,
        "eps": -4.12,
        "epsdiluted": -4.12,
        "weightedAverageShsOut": 161000000,
        "weightedAverageShsOutDil": 161000000,
        "link": null,
        "finalLink": null
    },
    {
        "date": "2015-09-30",
        "symbol": "NFX",
        "reportedCurrency": "USD",
        "cik": "0000000000",
        "fillingDate": "2015-09-30",
        "acceptedDate": "2015-09-29 20:00:00",
        "calendarYear": "2015",
        "period": "Q3",
        "revenue": 377000000,
        "costOfRevenue": 301000000,
        "grossProfit": 76000000,
        "grossProfitRatio": 0.2015915119,
        "researchAndDevelopmentExpenses": 0,
        "generalAndAdministrativeExpenses": 137000000,
        "sellingAndMarketingExpenses": 0,
        "sellingGeneralAndAdministrativeExpenses": 137000000,
        "otherExpenses": 1000000,
        "operatingExpenses": 138000000,
        "costAndExpenses": 439000000,
        "interestIncome": 0,
        "interestExpense": 29000000,
        "depreciationAndAmortization": 236000000,
        "ebitda": -1863000000,
        "ebitdaratio": -4.9416445623,
        "operatingIncome": -1951000000,
        "operatingIncomeRatio": -5.175066313,
        "totalOtherIncomeExpensesNet": 59000000,
        "incomeBeforeTax": -1892000000,
        "incomeBeforeTaxRatio": -5.0185676393,
        "incomeTaxExpense": -665000000,
        "netIncome": -1227000000,
        "netIncomeRatio": -3.2546419098,
        "eps": -7.53,
        "epsdiluted": -7.53,
        "weightedAverageShsOut": 163000000,
        "weightedAverageShsOutDil": 163000000,
        "link": null,
        "finalLink": null
    },
    {
        "date": "2015-06-30",
        "symbol": "NFX",
        "reportedCurrency": "USD",
        "cik": "0000000000",
        "fillingDate": "2015-06-30",
        "acceptedDate": "2015-06-29 20:00:00",
        "calendarYear": "2015",
        "period": "Q2",
        "revenue": 469000000,
        "costOfRevenue": 317000000,
        "grossProfit": 152000000,
        "grossProfitRatio": 0.3240938166,
        "researchAndDevelopmentExpenses": 0,
        "generalAndAdministrativeExpenses": 124000000,
        "sellingAndMarketingExpenses": 0,
        "sellingGeneralAndAdministrativeExpenses": 124000000,
        "otherExpenses": -22000000,
        "operatingExpenses": 127000000,
        "costAndExpenses": 444000000,
        "interestIncome": 0,
        "interestExpense": 38000000,
        "depreciationAndAmortization": 248000000,
        "ebitda": -1280000000,
        "ebitdaratio": -2.7292110874,
        "operatingIncome": -1496000000,
        "operatingIncomeRatio": -3.1897654584,
        "totalOtherIncomeExpensesNet": -70000000,
        "incomeBeforeTax": -1566000000,
        "incomeBeforeTaxRatio": -3.3390191898,
        "incomeTaxExpense": -574000000,
        "netIncome": -992000000,
        "netIncomeRatio": -2.1151385928,
        "eps": -6.09,
        "epsdiluted": -6.09,
        "weightedAverageShsOut": 163000000,
        "weightedAverageShsOutDil": 163000000,
        "link": null,
        "finalLink": null
    },
    {
        "date": "2015-03-31",
        "symbol": "NFX",
        "reportedCurrency": "USD",
        "cik": "0000000000",
        "fillingDate": "2015-03-31",
        "acceptedDate": "2015-03-30 20:00:00",
        "calendarYear": "2015",
        "period": "Q1",
        "revenue": 349000000,
        "costOfRevenue": 299000000,
        "grossProfit": 50000000,
        "grossProfitRatio": 0.1432664756,
        "researchAndDevelopmentExpenses": 0,
        "generalAndAdministrativeExpenses": 138000000,
        "sellingAndMarketingExpenses": 0,
        "sellingGeneralAndAdministrativeExpenses": 138000000,
        "otherExpenses": 8000000,
        "operatingExpenses": 142000000,
        "costAndExpenses": 441000000,
        "interestIncome": 0,
        "interestExpense": 37000000,
        "depreciationAndAmortization": 237000000,
        "ebitda": -486000000,
        "ebitdaratio": -1.3925501433,
        "operatingIncome": -884000000,
        "operatingIncomeRatio": -2.5329512894,
        "totalOtherIncomeExpensesNet": 124000000,
        "incomeBeforeTax": -760000000,
        "incomeBeforeTaxRatio": -2.1776504298,
        "incomeTaxExpense": -280000000,
        "netIncome": -480000000,
        "netIncomeRatio": -1.3753581662,
        "eps": -3.31,
        "epsdiluted": -3.31,
        "weightedAverageShsOut": 145000000,
        "weightedAverageShsOutDil": 145000000,
        "link": null,
        "finalLink": null
    },
    {
        "date": "2014-12-31",
        "symbol": "NFX",
        "reportedCurrency": "USD",
        "cik": "0000000000",
        "fillingDate": "2014-12-31",
        "acceptedDate": "2014-12-30 19:00:00",
        "calendarYear": "2014",
        "period": "Q4",
        "revenue": 495000000,
        "costOfRevenue": 307000000,
        "grossProfit": 188000000,
        "grossProfitRatio": 0.3797979798,
        "researchAndDevelopmentExpenses": 0,
        "generalAndAdministrativeExpenses": 135000000,
        "sellingAndMarketingExpenses": 0,
        "sellingGeneralAndAdministrativeExpenses": 135000000,
        "otherExpenses": -11000000,
        "operatingExpenses": 142000000,
        "costAndExpenses": 449000000,
        "interestIncome": 0,
        "interestExpense": 34000000,
        "depreciationAndAmortization": 238000000,
        "ebitda": 613000000,
        "ebitdaratio": 1.2383838384,
        "operatingIncome": 46000000,
        "operatingIncomeRatio": 0.0929292929,
        "totalOtherIncomeExpensesNet": 533000000,
        "incomeBeforeTax": 579000000,
        "incomeBeforeTaxRatio": 1.1696969697,
        "incomeTaxExpense": 212000000,
        "netIncome": 360000000,
        "netIncomeRatio": 0.7272727273,
        "eps": 2.62,
        "epsdiluted": 2.6,
        "weightedAverageShsOut": 137000000,
        "weightedAverageShsOutDil": 138000000,
        "link": null,
        "finalLink": null
    },
    {
        "date": "2014-09-30",
        "symbol": "NFX",
        "reportedCurrency": "USD",
        "cik": "0000000000",
        "fillingDate": "2014-09-30",
        "acceptedDate": "2014-09-29 20:00:00",
        "calendarYear": "2014",
        "period": "Q3",
        "revenue": 610000000,
        "costOfRevenue": 259000000,
        "grossProfit": 351000000,
        "grossProfitRatio": 0.5754098361,
        "researchAndDevelopmentExpenses": 0,
        "generalAndAdministrativeExpenses": 174000000,
        "sellingAndMarketingExpenses": 0,
        "sellingGeneralAndAdministrativeExpenses": 174000000,
        "otherExpenses": 1000000,
        "operatingExpenses": 182000000,
        "costAndExpenses": 441000000,
        "interestIncome": 0,
        "interestExpense": 38000000,
        "depreciationAndAmortization": 228000000,
        "ebitda": 398000000,
        "ebitdaratio": 0.6524590164,
        "operatingIncome": 169000000,
        "operatingIncomeRatio": 0.2770491803,
        "totalOtherIncomeExpensesNet": 266000000,
        "incomeBeforeTax": 435000000,
        "incomeBeforeTaxRatio": 0.7131147541,
        "incomeTaxExpense": 156000000,
        "netIncome": 278000000,
        "netIncomeRatio": 0.4557377049,
        "eps": 2.04,
        "epsdiluted": 2.02,
        "weightedAverageShsOut": 137000000,
        "weightedAverageShsOutDil": 138000000,
        "link": null,
        "finalLink": null
    },
    {
        "date": "2014-06-30",
        "symbol": "NFX",
        "reportedCurrency": "USD",
        "cik": "0000000000",
        "fillingDate": "2014-06-30",
        "acceptedDate": "2014-06-29 20:00:00",
        "calendarYear": "2014",
        "period": "Q2",
        "revenue": 608000000,
        "costOfRevenue": 241000000,
        "grossProfit": 367000000,
        "grossProfitRatio": 0.6036184211,
        "researchAndDevelopmentExpenses": 0,
        "generalAndAdministrativeExpenses": 187000000,
        "sellingAndMarketingExpenses": 0,
        "sellingGeneralAndAdministrativeExpenses": 187000000,
        "otherExpenses": 1000000,
        "operatingExpenses": 187000000,
        "costAndExpenses": 428000000,
        "interestIncome": 0,
        "interestExpense": 38000000,
        "depreciationAndAmortization": 213000000,
        "ebitda": 394000000,
        "ebitdaratio": 0.6480263158,
        "operatingIncome": 180000000,
        "operatingIncomeRatio": 0.2960526316,
        "totalOtherIncomeExpensesNet": -211000000,
        "incomeBeforeTax": -31000000,
        "incomeBeforeTaxRatio": -0.0509868421,
        "incomeTaxExpense": -8000000,
        "netIncome": -22000000,
        "netIncomeRatio": -0.0361842105,
        "eps": -0.16,
        "epsdiluted": -0.16,
        "weightedAverageShsOut": 136000000,
        "weightedAverageShsOutDil": 136000000,
        "link": null,
        "finalLink": null
    },
    {
        "date": "2014-03-31",
        "symbol": "NFX",
        "reportedCurrency": "USD",
        "cik": "0000000000",
        "fillingDate": "2014-03-31",
        "acceptedDate": "2014-03-30 20:00:00",
        "calendarYear": "2014",
        "period": "Q1",
        "revenue": 553000000,
        "costOfRevenue": 213000000,
        "grossProfit": 340000000,
        "grossProfitRatio": 0.6148282098,
        "researchAndDevelopmentExpenses": 0,
        "generalAndAdministrativeExpenses": 167000000,
        "sellingAndMarketingExpenses": 0,
        "sellingGeneralAndAdministrativeExpenses": 167000000,
        "otherExpenses": 0,
        "operatingExpenses": 167000000,
        "costAndExpenses": 380000000,
        "interestIncome": 0,
        "interestExpense": 38000000,
        "depreciationAndAmortization": 224000000,
        "ebitda": 399000000,
        "ebitdaratio": 0.7215189873,
        "operatingIncome": 173000000,
        "operatingIncomeRatio": 0.3128390597,
        "totalOtherIncomeExpensesNet": -132000000,
        "incomeBeforeTax": 41000000,
        "incomeBeforeTaxRatio": 0.0741410488,
        "incomeTaxExpense": 17000000,
        "netIncome": 284000000,
        "netIncomeRatio": 0.513562387,
        "eps": 2.08,
        "epsdiluted": 2.07,
        "weightedAverageShsOut": 136000000,
        "weightedAverageShsOutDil": 137000000,
        "link": null,
        "finalLink": null
    },
    {
        "date": "2013-12-31",
        "symbol": "NFX",
        "reportedCurrency": "USD",
        "cik": "0000000000",
        "fillingDate": "2013-12-31",
        "acceptedDate": "2013-12-30 19:00:00",
        "calendarYear": "2013",
        "period": "Q4",
        "revenue": 498000000,
        "costOfRevenue": 201000000,
        "grossProfit": 297000000,
        "grossProfitRatio": 0.5963855422,
        "researchAndDevelopmentExpenses": 0,
        "generalAndAdministrativeExpenses": 173000000,
        "sellingAndMarketingExpenses": 0,
        "sellingGeneralAndAdministrativeExpenses": 173000000,
        "otherExpenses": -5000000,
        "operatingExpenses": 176000000,
        "costAndExpenses": 377000000,
        "interestIncome": 0,
        "interestExpense": 39000000,
        "depreciationAndAmortization": 266000000,
        "ebitda": 116000000,
        "ebitdaratio": 0.2329317269,
        "operatingIncome": 121000000,
        "operatingIncomeRatio": 0.2429718876,
        "totalOtherIncomeExpensesNet": -75000000,
        "incomeBeforeTax": 46000000,
        "incomeBeforeTaxRatio": 0.0923694779,
        "incomeTaxExpense": 15000000,
        "netIncome": 17000000,
        "netIncomeRatio": 0.0341365462,
        "eps": 0.13,
        "epsdiluted": 0.13,
        "weightedAverageShsOut": 136000000,
        "weightedAverageShsOutDil": 137000000,
        "link": null,
        "finalLink": null
    },
    {
        "date": "2013-09-30",
        "symbol": "NFX",
        "reportedCurrency": "USD",
        "cik": "0000000000",
        "fillingDate": "2013-09-30",
        "acceptedDate": "2013-09-29 20:00:00",
        "calendarYear": "2013",
        "period": "Q3",
        "revenue": 486000000,
        "costOfRevenue": 190000000,
        "grossProfit": 296000000,
        "grossProfitRatio": 0.6090534979,
        "researchAndDevelopmentExpenses": 0,
        "generalAndAdministrativeExpenses": 165000000,
        "sellingAndMarketingExpenses": 0,
        "sellingGeneralAndAdministrativeExpenses": 165000000,
        "otherExpenses": 1000000,
        "operatingExpenses": 165000000,
        "costAndExpenses": 355000000,
        "interestIncome": 0,
        "interestExpense": 39000000,
        "depreciationAndAmortization": 225000000,
        "ebitda": 357000000,
        "ebitdaratio": 0.7345679012,
        "operatingIncome": 131000000,
        "operatingIncomeRatio": 0.2695473251,
        "totalOtherIncomeExpensesNet": -137000000,
        "incomeBeforeTax": -6000000,
        "incomeBeforeTaxRatio": -0.012345679,
        "incomeTaxExpense": -2000000,
        "netIncome": 27000000,
        "netIncomeRatio": 0.0555555556,
        "eps": 0.05,
        "epsdiluted": 0.05,
        "weightedAverageShsOut": 136000000,
        "weightedAverageShsOutDil": 136000000,
        "link": null,
        "finalLink": null
    },
    {
        "date": "2013-06-30",
        "symbol": "NFX",
        "reportedCurrency": "USD",
        "cik": "0000000000",
        "fillingDate": "2013-06-30",
        "acceptedDate": "2013-06-29 20:00:00",
        "calendarYear": "2013",
        "period": "Q2",
        "revenue": 435000000,
        "costOfRevenue": 185000000,
        "grossProfit": 250000000,
        "grossProfitRatio": 0.5747126437,
        "researchAndDevelopmentExpenses": 0,
        "generalAndAdministrativeExpenses": 161000000,
        "sellingAndMarketingExpenses": 0,
        "sellingGeneralAndAdministrativeExpenses": 161000000,
        "otherExpenses": 0,
        "operatingExpenses": 161000000,
        "costAndExpenses": 346000000,
        "interestIncome": 0,
        "interestExpense": 37000000,
        "depreciationAndAmortization": 217000000,
        "ebitda": 308000000,
        "ebitdaratio": 0.708045977,
        "operatingIncome": 89000000,
        "operatingIncomeRatio": 0.2045977011,
        "totalOtherIncomeExpensesNet": 82000000,
        "incomeBeforeTax": 171000000,
        "incomeBeforeTaxRatio": 0.3931034483,
        "incomeTaxExpense": 65000000,
        "netIncome": 111000000,
        "netIncomeRatio": 0.2551724138,
        "eps": 0.82,
        "epsdiluted": 0.82,
        "weightedAverageShsOut": 135000000,
        "weightedAverageShsOutDil": 136000000,
        "link": null,
        "finalLink": null
    },
    {
        "date": "2013-03-31",
        "symbol": "NFX",
        "reportedCurrency": "USD",
        "cik": "0000000000",
        "fillingDate": "2013-03-31",
        "acceptedDate": "2013-03-30 20:00:00",
        "calendarYear": "2013",
        "period": "Q1",
        "revenue": 651000000,
        "costOfRevenue": 337000000,
        "grossProfit": 314000000,
        "grossProfitRatio": 0.4823348694,
        "researchAndDevelopmentExpenses": 0,
        "generalAndAdministrativeExpenses": 169000000,
        "sellingAndMarketingExpenses": 0,
        "sellingGeneralAndAdministrativeExpenses": 169000000,
        "otherExpenses": 0,
        "operatingExpenses": 169000000,
        "costAndExpenses": 506000000,
        "interestIncome": 0,
        "interestExpense": 37000000,
        "depreciationAndAmortization": 222000000,
        "ebitda": 370000000,
        "ebitdaratio": 0.5683563748,
        "operatingIncome": 145000000,
        "operatingIncomeRatio": 0.222734255,
        "totalOtherIncomeExpensesNet": -118000000,
        "incomeBeforeTax": 27000000,
        "incomeBeforeTaxRatio": 0.0414746544,
        "incomeTaxExpense": 35000000,
        "netIncome": -8000000,
        "netIncomeRatio": -0.0122887865,
        "eps": -0.0593,
        "epsdiluted": -0.0593,
        "weightedAverageShsOut": 135000000,
        "weightedAverageShsOutDil": 135000000,
        "link": null,
        "finalLink": null
    },
    {
        "date": "2012-12-31",
        "symbol": "NFX",
        "reportedCurrency": "USD",
        "cik": "0000000000",
        "fillingDate": "2012-12-31",
        "acceptedDate": "2012-12-31 00:00:00",
        "calendarYear": "2012",
        "period": "Q4",
        "revenue": 0,
        "costOfRevenue": 0,
        "grossProfit": 0,
        "grossProfitRatio": 0,
        "researchAndDevelopmentExpenses": 0,
        "generalAndAdministrativeExpenses": 0,
        "sellingAndMarketingExpenses": 0,
        "sellingGeneralAndAdministrativeExpenses": 0,
        "otherExpenses": 14000000,
        "operatingExpenses": 14000000,
        "costAndExpenses": 14000000,
        "interestIncome": 0,
        "interestExpense": 0,
        "depreciationAndAmortization": 0,
        "ebitda": -14000000,
        "ebitdaratio": 0,
        "operatingIncome": -14000000,
        "operatingIncomeRatio": 0,
        "totalOtherIncomeExpensesNet": 0,
        "incomeBeforeTax": 0,
        "incomeBeforeTaxRatio": 0,
        "incomeTaxExpense": 0,
        "netIncome": 0,
        "netIncomeRatio": 0,
        "eps": 0,
        "epsdiluted": 0,
        "weightedAverageShsOut": 135000000,
        "weightedAverageShsOutDil": 135000000,
        "link": null,
        "finalLink": null
    },
    {
        "date": "2012-09-30",
        "symbol": "NFX",
        "reportedCurrency": "USD",
        "cik": "0000000000",
        "fillingDate": "2012-09-30",
        "acceptedDate": "2012-09-29 20:00:00",
        "calendarYear": "2012",
        "period": "Q3",
        "revenue": 615000000,
        "costOfRevenue": 0,
        "grossProfit": 615000000,
        "grossProfitRatio": 1,
        "researchAndDevelopmentExpenses": 0,
        "generalAndAdministrativeExpenses": 59000000,
        "sellingAndMarketingExpenses": 0,
        "sellingGeneralAndAdministrativeExpenses": 59000000,
        "otherExpenses": 444000000,
        "operatingExpenses": 503000000,
        "costAndExpenses": 503000000,
        "interestIncome": 0,
        "interestExpense": 36000000,
        "depreciationAndAmortization": 237000000,
        "ebitda": 229000000,
        "ebitdaratio": 0.3723577236,
        "operatingIncome": 106000000,
        "operatingIncomeRatio": 0.1723577236,
        "totalOtherIncomeExpensesNet": -150000000,
        "incomeBeforeTax": -44000000,
        "incomeBeforeTaxRatio": -0.0715447154,
        "incomeTaxExpense": -11000000,
        "netIncome": -33000000,
        "netIncomeRatio": -0.0536585366,
        "eps": -0.24,
        "epsdiluted": -0.24,
        "weightedAverageShsOut": 135000000,
        "weightedAverageShsOutDil": 135000000,
        "link": "",
        "finalLink": ""
    },
    {
        "date": "2012-06-30",
        "symbol": "NFX",
        "reportedCurrency": "USD",
        "cik": "0000000000",
        "fillingDate": "2012-06-30",
        "acceptedDate": "2012-06-29 20:00:00",
        "calendarYear": "2012",
        "period": "Q2",
        "revenue": 628000000,
        "costOfRevenue": 217000000,
        "grossProfit": 411000000,
        "grossProfitRatio": 0.6544585987,
        "researchAndDevelopmentExpenses": 0,
        "generalAndAdministrativeExpenses": 61000000,
        "sellingAndMarketingExpenses": 0,
        "sellingGeneralAndAdministrativeExpenses": 61000000,
        "otherExpenses": 239000000,
        "operatingExpenses": 300000000,
        "costAndExpenses": 517000000,
        "interestIncome": 18000000,
        "interestExpense": 49000000,
        "depreciationAndAmortization": 239000000,
        "ebitda": 502000000,
        "ebitdaratio": 0.7993630573,
        "operatingIncome": 111000000,
        "operatingIncomeRatio": 0.1767515924,
        "totalOtherIncomeExpensesNet": 103000000,
        "incomeBeforeTax": 214000000,
        "incomeBeforeTaxRatio": 0.3407643312,
        "incomeTaxExpense": 79000000,
        "netIncome": 135000000,
        "netIncomeRatio": 0.2149681529,
        "eps": 1.01,
        "epsdiluted": 1,
        "weightedAverageShsOut": 134000000,
        "weightedAverageShsOutDil": 135000000,
        "link": "",
        "finalLink": ""
    },
    {
        "date": "2012-03-31",
        "symbol": "NFX",
        "reportedCurrency": "USD",
        "cik": "0000000000",
        "fillingDate": "2012-03-31",
        "acceptedDate": "2012-03-30 20:00:00",
        "calendarYear": "2012",
        "period": "Q1",
        "revenue": 678000000,
        "costOfRevenue": 210000000,
        "grossProfit": 468000000,
        "grossProfitRatio": 0.6902654867,
        "researchAndDevelopmentExpenses": 0,
        "generalAndAdministrativeExpenses": 45000000,
        "sellingAndMarketingExpenses": 0,
        "sellingGeneralAndAdministrativeExpenses": 45000000,
        "otherExpenses": 226000000,
        "operatingExpenses": 271000000,
        "costAndExpenses": 481000000,
        "interestIncome": 0,
        "interestExpense": 33000000,
        "depreciationAndAmortization": 226000000,
        "ebitda": 446000000,
        "ebitdaratio": 0.6578171091,
        "operatingIncome": 197000000,
        "operatingIncomeRatio": 0.290560472,
        "totalOtherIncomeExpensesNet": -10000000,
        "incomeBeforeTax": 187000000,
        "incomeBeforeTaxRatio": 0.2758112094,
        "incomeTaxExpense": 71000000,
        "netIncome": 116000000,
        "netIncomeRatio": 0.1710914454,
        "eps": 0.87,
        "epsdiluted": 0.86,
        "weightedAverageShsOut": 134000000,
        "weightedAverageShsOutDil": 135000000,
        "link": "",
        "finalLink": ""
    },
    {
        "date": "2011-12-31",
        "symbol": "NFX",
        "reportedCurrency": "USD",
        "cik": "0000000000",
        "fillingDate": "2011-12-31",
        "acceptedDate": "2011-12-30 19:00:00",
        "calendarYear": "2011",
        "period": "Q4",
        "revenue": 677000000,
        "costOfRevenue": 205000000,
        "grossProfit": 472000000,
        "grossProfitRatio": 0.6971935007,
        "researchAndDevelopmentExpenses": 0,
        "generalAndAdministrativeExpenses": 53000000,
        "sellingAndMarketingExpenses": 0,
        "sellingGeneralAndAdministrativeExpenses": 53000000,
        "otherExpenses": 239000000,
        "operatingExpenses": 292000000,
        "costAndExpenses": 497000000,
        "interestIncome": 0,
        "interestExpense": 30000000,
        "depreciationAndAmortization": 239000000,
        "ebitda": 365000000,
        "ebitdaratio": 0.5391432792,
        "operatingIncome": 180000000,
        "operatingIncomeRatio": 0.2658788774,
        "totalOtherIncomeExpensesNet": -84000000,
        "incomeBeforeTax": 96000000,
        "incomeBeforeTaxRatio": 0.1418020679,
        "incomeTaxExpense": 28000000,
        "netIncome": 68000000,
        "netIncomeRatio": 0.1004431315,
        "eps": 0.51,
        "epsdiluted": 0.5,
        "weightedAverageShsOut": 134000000,
        "weightedAverageShsOutDil": 135000000,
        "link": "",
        "finalLink": ""
    },
    {
        "date": "2011-09-30",
        "symbol": "NFX",
        "reportedCurrency": "USD",
        "cik": "0000000000",
        "fillingDate": "2011-09-30",
        "acceptedDate": "2011-09-29 20:00:00",
        "calendarYear": "2011",
        "period": "Q3",
        "revenue": 628000000,
        "costOfRevenue": 210000000,
        "grossProfit": 418000000,
        "grossProfitRatio": 0.6656050955,
        "researchAndDevelopmentExpenses": 0,
        "generalAndAdministrativeExpenses": 51000000,
        "sellingAndMarketingExpenses": 0,
        "sellingGeneralAndAdministrativeExpenses": 51000000,
        "otherExpenses": 189000000,
        "operatingExpenses": 240000000,
        "costAndExpenses": 450000000,
        "interestIncome": 24000000,
        "interestExpense": 43000000,
        "depreciationAndAmortization": 189000000,
        "ebitda": 656000000,
        "ebitdaratio": 1.0445859873,
        "operatingIncome": 178000000,
        "operatingIncomeRatio": 0.2834394904,
        "totalOtherIncomeExpensesNet": 246000000,
        "incomeBeforeTax": 424000000,
        "incomeBeforeTaxRatio": 0.6751592357,
        "incomeTaxExpense": 155000000,
        "netIncome": 269000000,
        "netIncomeRatio": 0.428343949,
        "eps": 2.01,
        "epsdiluted": 1.99,
        "weightedAverageShsOut": 134000000,
        "weightedAverageShsOutDil": 135000000,
        "link": "",
        "finalLink": ""
    },
    {
        "date": "2011-06-30",
        "symbol": "NFX",
        "reportedCurrency": "USD",
        "cik": "0000000000",
        "fillingDate": "2011-06-30",
        "acceptedDate": "2011-06-29 20:00:00",
        "calendarYear": "2011",
        "period": "Q2",
        "revenue": 621000000,
        "costOfRevenue": 204000000,
        "grossProfit": 417000000,
        "grossProfitRatio": 0.6714975845,
        "researchAndDevelopmentExpenses": 0,
        "generalAndAdministrativeExpenses": 44000000,
        "sellingAndMarketingExpenses": 0,
        "sellingGeneralAndAdministrativeExpenses": 44000000,
        "otherExpenses": 173000000,
        "operatingExpenses": 217000000,
        "costAndExpenses": 421000000,
        "interestIncome": 19000000,
        "interestExpense": 41000000,
        "depreciationAndAmortization": 173000000,
        "ebitda": 561000000,
        "ebitdaratio": 0.9033816425,
        "operatingIncome": 200000000,
        "operatingIncomeRatio": 0.3220611916,
        "totalOtherIncomeExpensesNet": 147000000,
        "incomeBeforeTax": 347000000,
        "incomeBeforeTaxRatio": 0.5587761675,
        "incomeTaxExpense": 128000000,
        "netIncome": 219000000,
        "netIncomeRatio": 0.3526570048,
        "eps": 1.63,
        "epsdiluted": 1.62,
        "weightedAverageShsOut": 134000000,
        "weightedAverageShsOutDil": 135000000,
        "link": "",
        "finalLink": ""
    },
    {
        "date": "2011-03-31",
        "symbol": "NFX",
        "reportedCurrency": "USD",
        "cik": "0000000000",
        "fillingDate": "2011-03-31",
        "acceptedDate": "2011-03-30 20:00:00",
        "calendarYear": "2011",
        "period": "Q1",
        "revenue": 545000000,
        "costOfRevenue": 164000000,
        "grossProfit": 381000000,
        "grossProfitRatio": 0.6990825688,
        "researchAndDevelopmentExpenses": 0,
        "generalAndAdministrativeExpenses": 37000000,
        "sellingAndMarketingExpenses": 0,
        "sellingGeneralAndAdministrativeExpenses": 37000000,
        "otherExpenses": 166000000,
        "operatingExpenses": 203000000,
        "costAndExpenses": 367000000,
        "interestIncome": 18000000,
        "interestExpense": 40000000,
        "depreciationAndAmortization": 166000000,
        "ebitda": 179000000,
        "ebitdaratio": 0.328440367,
        "operatingIncome": 178000000,
        "operatingIncomeRatio": 0.3266055046,
        "totalOtherIncomeExpensesNet": -205000000,
        "incomeBeforeTax": -27000000,
        "incomeBeforeTaxRatio": -0.0495412844,
        "incomeTaxExpense": -10000000,
        "netIncome": -17000000,
        "netIncomeRatio": -0.0311926606,
        "eps": -0.13,
        "epsdiluted": -0.13,
        "weightedAverageShsOut": 133000000,
        "weightedAverageShsOutDil": 133000000,
        "link": "",
        "finalLink": ""
    },
    {
        "date": "2010-12-31",
        "symbol": "NFX",
        "reportedCurrency": "USD",
        "cik": "0000000000",
        "fillingDate": "2010-12-31",
        "acceptedDate": "2010-12-30 19:00:00",
        "calendarYear": "2010",
        "period": "Q4",
        "revenue": 528000000,
        "costOfRevenue": 0,
        "grossProfit": 528000000,
        "grossProfitRatio": 1,
        "researchAndDevelopmentExpenses": 0,
        "generalAndAdministrativeExpenses": 365000000,
        "sellingAndMarketingExpenses": 0,
        "sellingGeneralAndAdministrativeExpenses": 365000000,
        "otherExpenses": -7000000,
        "operatingExpenses": 358000000,
        "costAndExpenses": 358000000,
        "interestIncome": 0,
        "interestExpense": 25000000,
        "depreciationAndAmortization": 181000000,
        "ebitda": 241000000,
        "ebitdaratio": 0.4564393939,
        "operatingIncome": 163000000,
        "operatingIncomeRatio": 0.3087121212,
        "totalOtherIncomeExpensesNet": -128000000,
        "incomeBeforeTax": 35000000,
        "incomeBeforeTaxRatio": 0.0662878788,
        "incomeTaxExpense": 13000000,
        "netIncome": 22000000,
        "netIncomeRatio": 0.0416666667,
        "eps": 0.17,
        "epsdiluted": 0.17,
        "weightedAverageShsOut": 133000000,
        "weightedAverageShsOutDil": 133000000,
        "link": "",
        "finalLink": ""
    },
    {
        "date": "2010-09-30",
        "symbol": "NFX",
        "reportedCurrency": "USD",
        "cik": "0000000000",
        "fillingDate": "2010-09-30",
        "acceptedDate": "2010-09-29 20:00:00",
        "calendarYear": "2010",
        "period": "Q3",
        "revenue": 449000000,
        "costOfRevenue": 107000000,
        "grossProfit": 342000000,
        "grossProfitRatio": 0.7616926503,
        "researchAndDevelopmentExpenses": 0,
        "generalAndAdministrativeExpenses": 40000000,
        "sellingAndMarketingExpenses": 0,
        "sellingGeneralAndAdministrativeExpenses": 40000000,
        "otherExpenses": 156000000,
        "operatingExpenses": 196000000,
        "costAndExpenses": 303000000,
        "interestIncome": 15000000,
        "interestExpense": 39000000,
        "depreciationAndAmortization": 156000000,
        "ebitda": 449000000,
        "ebitdaratio": 1,
        "operatingIncome": 146000000,
        "operatingIncomeRatio": 0.3251670379,
        "totalOtherIncomeExpensesNet": 108000000,
        "incomeBeforeTax": 254000000,
        "incomeBeforeTaxRatio": 0.565701559,
        "incomeTaxExpense": 93000000,
        "netIncome": 161000000,
        "netIncomeRatio": 0.3585746102,
        "eps": 1.22,
        "epsdiluted": 1.2,
        "weightedAverageShsOut": 132000000,
        "weightedAverageShsOutDil": 134000000,
        "link": "",
        "finalLink": ""
    },
    {
        "date": "2010-06-30",
        "symbol": "NFX",
        "reportedCurrency": "USD",
        "cik": "0000000000",
        "fillingDate": "2010-06-30",
        "acceptedDate": "2010-06-29 20:00:00",
        "calendarYear": "2010",
        "period": "Q2",
        "revenue": 448000000,
        "costOfRevenue": 115000000,
        "grossProfit": 333000000,
        "grossProfitRatio": 0.7433035714,
        "researchAndDevelopmentExpenses": 0,
        "generalAndAdministrativeExpenses": 41000000,
        "sellingAndMarketingExpenses": 0,
        "sellingGeneralAndAdministrativeExpenses": 41000000,
        "otherExpenses": 162000000,
        "operatingExpenses": 203000000,
        "costAndExpenses": 318000000,
        "interestIncome": 0,
        "interestExpense": 23000000,
        "depreciationAndAmortization": 160000000,
        "ebitda": 335000000,
        "ebitdaratio": 0.7477678571,
        "operatingIncome": 130000000,
        "operatingIncomeRatio": 0.2901785714,
        "totalOtherIncomeExpensesNet": 22000000,
        "incomeBeforeTax": 152000000,
        "incomeBeforeTaxRatio": 0.3392857143,
        "incomeTaxExpense": 56000000,
        "netIncome": 96000000,
        "netIncomeRatio": 0.2142857143,
        "eps": 0.73,
        "epsdiluted": 0.72,
        "weightedAverageShsOut": 132000000,
        "weightedAverageShsOutDil": 134000000,
        "link": "",
        "finalLink": ""
    },
    {
        "date": "2010-03-31",
        "symbol": "NFX",
        "reportedCurrency": "USD",
        "cik": "0000000000",
        "fillingDate": "2010-03-31",
        "acceptedDate": "2010-03-30 20:00:00",
        "calendarYear": "2010",
        "period": "Q1",
        "revenue": 458000000,
        "costOfRevenue": 92000000,
        "grossProfit": 366000000,
        "grossProfitRatio": 0.7991266376,
        "researchAndDevelopmentExpenses": 0,
        "generalAndAdministrativeExpenses": 36000000,
        "sellingAndMarketingExpenses": 0,
        "sellingGeneralAndAdministrativeExpenses": 36000000,
        "otherExpenses": 155000000,
        "operatingExpenses": 191000000,
        "costAndExpenses": 283000000,
        "interestIncome": 0,
        "interestExpense": 38000000,
        "depreciationAndAmortization": 147000000,
        "ebitda": 573000000,
        "ebitdaratio": 1.2510917031,
        "operatingIncome": 175000000,
        "operatingIncomeRatio": 0.3820960699,
        "totalOtherIncomeExpensesNet": 213000000,
        "incomeBeforeTax": 388000000,
        "incomeBeforeTaxRatio": 0.8471615721,
        "incomeTaxExpense": 144000000,
        "netIncome": 244000000,
        "netIncomeRatio": 0.5327510917,
        "eps": 1.88,
        "epsdiluted": 1.83,
        "weightedAverageShsOut": 130000000,
        "weightedAverageShsOutDil": 133000000,
        "link": "",
        "finalLink": ""
    },
    {
        "date": "2009-12-31",
        "symbol": "NFX",
        "reportedCurrency": "USD",
        "cik": "0000000000",
        "fillingDate": "2009-12-31",
        "acceptedDate": "2009-12-30 19:00:00",
        "calendarYear": "2009",
        "period": "Q4",
        "revenue": 414000000,
        "costOfRevenue": 0,
        "grossProfit": 414000000,
        "grossProfitRatio": 1,
        "researchAndDevelopmentExpenses": 0,
        "generalAndAdministrativeExpenses": 38000000,
        "sellingAndMarketingExpenses": 0,
        "sellingGeneralAndAdministrativeExpenses": 38000000,
        "otherExpenses": 239000000,
        "operatingExpenses": 277000000,
        "costAndExpenses": 277000000,
        "interestIncome": 0,
        "interestExpense": 19000000,
        "depreciationAndAmortization": 147000000,
        "ebitda": 348000000,
        "ebitdaratio": 0.8405797101,
        "operatingIncome": 137000000,
        "operatingIncomeRatio": 0.3309178744,
        "totalOtherIncomeExpensesNet": 45000000,
        "incomeBeforeTax": 182000000,
        "incomeBeforeTaxRatio": 0.4396135266,
        "incomeTaxExpense": 69000000,
        "netIncome": 113000000,
        "netIncomeRatio": 0.2729468599,
        "eps": 0.87,
        "epsdiluted": 0.85,
        "weightedAverageShsOut": 130000000,
        "weightedAverageShsOutDil": 133000000,
        "link": "",
        "finalLink": ""
    },
    {
        "date": "2009-09-30",
        "symbol": "NFX",
        "reportedCurrency": "USD",
        "cik": "0000000000",
        "fillingDate": "2009-09-30",
        "acceptedDate": "2009-09-29 20:00:00",
        "calendarYear": "2009",
        "period": "Q3",
        "revenue": 375000000,
        "costOfRevenue": 78000000,
        "grossProfit": 297000000,
        "grossProfitRatio": 0.792,
        "researchAndDevelopmentExpenses": 0,
        "generalAndAdministrativeExpenses": 40000000,
        "sellingAndMarketingExpenses": 0,
        "sellingGeneralAndAdministrativeExpenses": 40000000,
        "otherExpenses": 145000000,
        "operatingExpenses": 185000000,
        "costAndExpenses": 263000000,
        "interestIncome": 13000000,
        "interestExpense": 31000000,
        "depreciationAndAmortization": 144000000,
        "ebitda": 260000000,
        "ebitdaratio": 0.6933333333,
        "operatingIncome": 112000000,
        "operatingIncomeRatio": 0.2986666667,
        "totalOtherIncomeExpensesNet": -27000000,
        "incomeBeforeTax": 85000000,
        "incomeBeforeTaxRatio": 0.2266666667,
        "incomeTaxExpense": 7000000,
        "netIncome": 78000000,
        "netIncomeRatio": 0.208,
        "eps": 0.6,
        "epsdiluted": 0.59,
        "weightedAverageShsOut": 130000000,
        "weightedAverageShsOutDil": 132000000,
        "link": "",
        "finalLink": ""
    },
    {
        "date": "2009-06-30",
        "symbol": "NFX",
        "reportedCurrency": "USD",
        "cik": "0000000000",
        "fillingDate": "2009-06-30",
        "acceptedDate": "2009-06-29 20:00:00",
        "calendarYear": "2009",
        "period": "Q2",
        "revenue": 287000000,
        "costOfRevenue": 0,
        "grossProfit": 287000000,
        "grossProfitRatio": 1,
        "researchAndDevelopmentExpenses": 0,
        "generalAndAdministrativeExpenses": 34000000,
        "sellingAndMarketingExpenses": 0,
        "sellingGeneralAndAdministrativeExpenses": 34000000,
        "otherExpenses": 209000000,
        "operatingExpenses": 243000000,
        "costAndExpenses": 243000000,
        "interestIncome": 0,
        "interestExpense": 20000000,
        "depreciationAndAmortization": 137000000,
        "ebitda": 97000000,
        "ebitdaratio": 0.3379790941,
        "operatingIncome": 39000000,
        "operatingIncomeRatio": 0.1358885017,
        "totalOtherIncomeExpensesNet": -99000000,
        "incomeBeforeTax": -60000000,
        "incomeBeforeTaxRatio": -0.2090592334,
        "incomeTaxExpense": -21000000,
        "netIncome": -39000000,
        "netIncomeRatio": -0.1358885017,
        "eps": -0.3,
        "epsdiluted": -0.3,
        "weightedAverageShsOut": 130000000,
        "weightedAverageShsOutDil": 130000000,
        "link": "",
        "finalLink": ""
    },
    {
        "date": "2009-03-31",
        "symbol": "NFX",
        "reportedCurrency": "USD",
        "cik": "0000000000",
        "fillingDate": "2009-03-31",
        "acceptedDate": "2009-03-30 20:00:00",
        "calendarYear": "2009",
        "period": "Q1",
        "revenue": 262000000,
        "costOfRevenue": 0,
        "grossProfit": 262000000,
        "grossProfitRatio": 1,
        "researchAndDevelopmentExpenses": 0,
        "generalAndAdministrativeExpenses": 32000000,
        "sellingAndMarketingExpenses": 0,
        "sellingGeneralAndAdministrativeExpenses": 32000000,
        "otherExpenses": 239000000,
        "operatingExpenses": 271000000,
        "costAndExpenses": 271000000,
        "interestIncome": 0,
        "interestExpense": 18000000,
        "depreciationAndAmortization": 159000000,
        "ebitda": -915000000,
        "ebitdaratio": -3.4923664122,
        "operatingIncome": -1355000000,
        "operatingIncomeRatio": -5.1717557252,
        "totalOtherIncomeExpensesNet": 263000000,
        "incomeBeforeTax": -1092000000,
        "incomeBeforeTaxRatio": -4.1679389313,
        "incomeTaxExpense": -398000000,
        "netIncome": -694000000,
        "netIncomeRatio": -2.6488549618,
        "eps": -5.34,
        "epsdiluted": -5.34,
        "weightedAverageShsOut": 130000000,
        "weightedAverageShsOutDil": 130000000,
        "link": "",
        "finalLink": ""
    },
    {
        "date": "2008-12-31",
        "symbol": "NFX",
        "reportedCurrency": "USD",
        "cik": "0000000000",
        "fillingDate": "2008-12-31",
        "acceptedDate": "2008-12-30 19:00:00",
        "calendarYear": "2008",
        "period": "Q4",
        "revenue": 338000000,
        "costOfRevenue": 0,
        "grossProfit": 338000000,
        "grossProfitRatio": 1,
        "researchAndDevelopmentExpenses": 0,
        "generalAndAdministrativeExpenses": 36000000,
        "sellingAndMarketingExpenses": 0,
        "sellingGeneralAndAdministrativeExpenses": 36000000,
        "otherExpenses": 277000000,
        "operatingExpenses": 313000000,
        "costAndExpenses": 313000000,
        "interestIncome": 0,
        "interestExpense": 12000000,
        "depreciationAndAmortization": 193000000,
        "ebitda": -993000000,
        "ebitdaratio": -2.9378698225,
        "operatingIncome": -1842000000,
        "operatingIncomeRatio": -5.449704142,
        "totalOtherIncomeExpensesNet": 644000000,
        "incomeBeforeTax": -1198000000,
        "incomeBeforeTaxRatio": -3.5443786982,
        "incomeTaxExpense": -409000000,
        "netIncome": -789000000,
        "netIncomeRatio": -2.3343195266,
        "eps": -6.07,
        "epsdiluted": -6.07,
        "weightedAverageShsOut": 130000000,
        "weightedAverageShsOutDil": 130000000,
        "link": "",
        "finalLink": ""
    },
    {
        "date": "2008-09-30",
        "symbol": "NFX",
        "reportedCurrency": "USD",
        "cik": "0000000000",
        "fillingDate": "2008-09-30",
        "acceptedDate": "2008-09-29 20:00:00",
        "calendarYear": "2008",
        "period": "Q3",
        "revenue": 680000000,
        "costOfRevenue": 0,
        "grossProfit": 680000000,
        "grossProfitRatio": 1,
        "researchAndDevelopmentExpenses": 0,
        "generalAndAdministrativeExpenses": 36000000,
        "sellingAndMarketingExpenses": 0,
        "sellingGeneralAndAdministrativeExpenses": 36000000,
        "otherExpenses": 299000000,
        "operatingExpenses": 335000000,
        "costAndExpenses": 335000000,
        "interestIncome": 0,
        "interestExpense": 20000000,
        "depreciationAndAmortization": 181000000,
        "ebitda": 1260000000,
        "ebitdaratio": 1.8529411765,
        "operatingIncome": 345000000,
        "operatingIncomeRatio": 0.5073529412,
        "totalOtherIncomeExpensesNet": 714000000,
        "incomeBeforeTax": 1059000000,
        "incomeBeforeTaxRatio": 1.5573529412,
        "incomeTaxExpense": 335000000,
        "netIncome": 724000000,
        "netIncomeRatio": 1.0647058824,
        "eps": 5.61,
        "epsdiluted": 5.48,
        "weightedAverageShsOut": 129000000,
        "weightedAverageShsOutDil": 132000000,
        "link": "",
        "finalLink": ""
    },
    {
        "date": "2008-06-30",
        "symbol": "NFX",
        "reportedCurrency": "USD",
        "cik": "0000000000",
        "fillingDate": "2008-06-30",
        "acceptedDate": "2008-06-29 20:00:00",
        "calendarYear": "2008",
        "period": "Q2",
        "revenue": 691000000,
        "costOfRevenue": 0,
        "grossProfit": 691000000,
        "grossProfitRatio": 1,
        "researchAndDevelopmentExpenses": 0,
        "generalAndAdministrativeExpenses": 37000000,
        "sellingAndMarketingExpenses": 0,
        "sellingGeneralAndAdministrativeExpenses": 37000000,
        "otherExpenses": 276000000,
        "operatingExpenses": 313000000,
        "costAndExpenses": 313000000,
        "interestIncome": 0,
        "interestExpense": 15000000,
        "depreciationAndAmortization": 166000000,
        "ebitda": -108000000,
        "ebitdaratio": -0.1562952243,
        "operatingIncome": 378000000,
        "operatingIncomeRatio": 0.5470332851,
        "totalOtherIncomeExpensesNet": -667000000,
        "incomeBeforeTax": -289000000,
        "incomeBeforeTaxRatio": -0.4182344428,
        "incomeTaxExpense": -45000000,
        "netIncome": -244000000,
        "netIncomeRatio": -0.3531114327,
        "eps": -1.89,
        "epsdiluted": -1.89,
        "weightedAverageShsOut": 129000000,
        "weightedAverageShsOutDil": 129000000,
        "link": "",
        "finalLink": ""
    },
    {
        "date": "2008-03-31",
        "symbol": "NFX",
        "reportedCurrency": "USD",
        "cik": "0000000000",
        "fillingDate": "2008-03-31",
        "acceptedDate": "2008-03-30 20:00:00",
        "calendarYear": "2008",
        "period": "Q1",
        "revenue": 515000000,
        "costOfRevenue": 0,
        "grossProfit": 515000000,
        "grossProfitRatio": 1,
        "researchAndDevelopmentExpenses": 0,
        "generalAndAdministrativeExpenses": 32000000,
        "sellingAndMarketingExpenses": 0,
        "sellingGeneralAndAdministrativeExpenses": 32000000,
        "otherExpenses": 267000000,
        "operatingExpenses": 299000000,
        "costAndExpenses": 299000000,
        "interestIncome": 0,
        "interestExpense": 6000000,
        "depreciationAndAmortization": 157000000,
        "ebitda": 55000000,
        "ebitdaratio": 0.1067961165,
        "operatingIncome": 216000000,
        "operatingIncomeRatio": 0.4194174757,
        "totalOtherIncomeExpensesNet": -324000000,
        "incomeBeforeTax": -108000000,
        "incomeBeforeTaxRatio": -0.2097087379,
        "incomeTaxExpense": -44000000,
        "netIncome": -64000000,
        "netIncomeRatio": -0.1242718447,
        "eps": -0.5,
        "epsdiluted": -0.5,
        "weightedAverageShsOut": 129000000,
        "weightedAverageShsOutDil": 129000000,
        "link": "",
        "finalLink": ""
    },
    {
        "date": "2007-12-31",
        "symbol": "NFX",
        "reportedCurrency": "USD",
        "cik": "0000000000",
        "fillingDate": "2007-12-31",
        "acceptedDate": "2007-12-30 19:00:00",
        "calendarYear": "2007",
        "period": "Q4",
        "revenue": 399000000,
        "costOfRevenue": 0,
        "grossProfit": 399000000,
        "grossProfitRatio": 1,
        "researchAndDevelopmentExpenses": 0,
        "generalAndAdministrativeExpenses": 48000000,
        "sellingAndMarketingExpenses": 0,
        "sellingGeneralAndAdministrativeExpenses": 48000000,
        "otherExpenses": 227000000,
        "operatingExpenses": 275000000,
        "costAndExpenses": 275000000,
        "interestIncome": 0,
        "interestExpense": 10000000,
        "depreciationAndAmortization": 143000000,
        "ebitda": 463000000,
        "ebitdaratio": 1.1604010025,
        "operatingIncome": 124000000,
        "operatingIncomeRatio": 0.3107769424,
        "totalOtherIncomeExpensesNet": -152000000,
        "incomeBeforeTax": -28000000,
        "incomeBeforeTaxRatio": -0.0701754386,
        "incomeTaxExpense": -3000000,
        "netIncome": 313000000,
        "netIncomeRatio": 0.7844611529,
        "eps": 2.43,
        "epsdiluted": 2.43,
        "weightedAverageShsOut": 129000000,
        "weightedAverageShsOutDil": 129000000,
        "link": "",
        "finalLink": ""
    },
    {
        "date": "2007-09-30",
        "symbol": "NFX",
        "reportedCurrency": "USD",
        "cik": "0000000000",
        "fillingDate": "2007-09-30",
        "acceptedDate": "2007-09-29 20:00:00",
        "calendarYear": "2007",
        "period": "Q3",
        "revenue": 419000000,
        "costOfRevenue": 0,
        "grossProfit": 419000000,
        "grossProfitRatio": 1,
        "researchAndDevelopmentExpenses": 0,
        "generalAndAdministrativeExpenses": 37000000,
        "sellingAndMarketingExpenses": 0,
        "sellingGeneralAndAdministrativeExpenses": 37000000,
        "otherExpenses": 251000000,
        "operatingExpenses": 288000000,
        "costAndExpenses": 288000000,
        "interestIncome": 0,
        "interestExpense": 16000000,
        "depreciationAndAmortization": 161000000,
        "ebitda": 322000000,
        "ebitdaratio": 0.76849642,
        "operatingIncome": 131000000,
        "operatingIncomeRatio": 0.3126491647,
        "totalOtherIncomeExpensesNet": 23000000,
        "incomeBeforeTax": 154000000,
        "incomeBeforeTaxRatio": 0.3675417661,
        "incomeTaxExpense": 62000000,
        "netIncome": 83000000,
        "netIncomeRatio": 0.1980906921,
        "eps": 0.65,
        "epsdiluted": 0.63,
        "weightedAverageShsOut": 128000000,
        "weightedAverageShsOutDil": 131000000,
        "link": "",
        "finalLink": ""
    },
    {
        "date": "2007-06-30",
        "symbol": "NFX",
        "reportedCurrency": "USD",
        "cik": "0000000000",
        "fillingDate": "2007-06-30",
        "acceptedDate": "2007-06-29 20:00:00",
        "calendarYear": "2007",
        "period": "Q2",
        "revenue": 528000000,
        "costOfRevenue": 0,
        "grossProfit": 528000000,
        "grossProfitRatio": 1,
        "researchAndDevelopmentExpenses": 0,
        "generalAndAdministrativeExpenses": 33000000,
        "sellingAndMarketingExpenses": 0,
        "sellingGeneralAndAdministrativeExpenses": 33000000,
        "otherExpenses": 314000000,
        "operatingExpenses": 347000000,
        "costAndExpenses": 347000000,
        "interestIncome": 0,
        "interestExpense": 17000000,
        "depreciationAndAmortization": 198000000,
        "ebitda": 457000000,
        "ebitdaratio": 0.865530303,
        "operatingIncome": 181000000,
        "operatingIncomeRatio": 0.3428030303,
        "totalOtherIncomeExpensesNet": 61000000,
        "incomeBeforeTax": 242000000,
        "incomeBeforeTaxRatio": 0.4583333333,
        "incomeTaxExpense": 92000000,
        "netIncome": 150000000,
        "netIncomeRatio": 0.2840909091,
        "eps": 1.18,
        "epsdiluted": 1.15,
        "weightedAverageShsOut": 127000000,
        "weightedAverageShsOutDil": 130000000,
        "link": "",
        "finalLink": ""
    },
    {
        "date": "2007-03-31",
        "symbol": "NFX",
        "reportedCurrency": "USD",
        "cik": "0000000000",
        "fillingDate": "2007-03-31",
        "acceptedDate": "2007-03-30 20:00:00",
        "calendarYear": "2007",
        "period": "Q1",
        "revenue": 440000000,
        "costOfRevenue": 0,
        "grossProfit": 440000000,
        "grossProfitRatio": 1,
        "researchAndDevelopmentExpenses": 0,
        "generalAndAdministrativeExpenses": 39000000,
        "sellingAndMarketingExpenses": 0,
        "sellingGeneralAndAdministrativeExpenses": 39000000,
        "otherExpenses": 310000000,
        "operatingExpenses": 349000000,
        "costAndExpenses": 349000000,
        "interestIncome": 0,
        "interestExpense": 12000000,
        "depreciationAndAmortization": 180000000,
        "ebitda": 67000000,
        "ebitdaratio": 0.1522727273,
        "operatingIncome": 44000000,
        "operatingIncomeRatio": 0.1,
        "totalOtherIncomeExpensesNet": -169000000,
        "incomeBeforeTax": -125000000,
        "incomeBeforeTaxRatio": -0.2840909091,
        "incomeTaxExpense": -29000000,
        "netIncome": -96000000,
        "netIncomeRatio": -0.2181818182,
        "eps": -0.76,
        "epsdiluted": -0.76,
        "weightedAverageShsOut": 127000000,
        "weightedAverageShsOutDil": 127000000,
        "link": "",
        "finalLink": ""
    },
    {
        "date": "2006-12-31",
        "symbol": "NFX",
        "reportedCurrency": "USD",
        "cik": "0000000000",
        "fillingDate": "2006-12-31",
        "acceptedDate": "2006-12-30 19:00:00",
        "calendarYear": "2006",
        "period": "Q4",
        "revenue": 427000000,
        "costOfRevenue": 0,
        "grossProfit": 427000000,
        "grossProfitRatio": 1,
        "researchAndDevelopmentExpenses": 0,
        "generalAndAdministrativeExpenses": 32000000,
        "sellingAndMarketingExpenses": 0,
        "sellingGeneralAndAdministrativeExpenses": 32000000,
        "otherExpenses": 330000000,
        "operatingExpenses": 362000000,
        "costAndExpenses": 362000000,
        "interestIncome": 0,
        "interestExpense": 11000000,
        "depreciationAndAmortization": 190000000,
        "ebitda": 349000000,
        "ebitdaratio": 0.8173302108,
        "operatingIncome": 65000000,
        "operatingIncomeRatio": 0.1522248244,
        "totalOtherIncomeExpensesNet": 83000000,
        "incomeBeforeTax": 148000000,
        "incomeBeforeTaxRatio": 0.3466042155,
        "incomeTaxExpense": 66000000,
        "netIncome": 82000000,
        "netIncomeRatio": 0.1920374707,
        "eps": 0.65,
        "epsdiluted": 0.65,
        "weightedAverageShsOut": 127000000,
        "weightedAverageShsOutDil": 127000000,
        "link": "",
        "finalLink": ""
    },
    {
        "date": "2006-09-30",
        "symbol": "NFX",
        "reportedCurrency": "USD",
        "cik": "0000000000",
        "fillingDate": "2006-09-30",
        "acceptedDate": "2006-09-29 20:00:00",
        "calendarYear": "2006",
        "period": "Q3",
        "revenue": 425000000,
        "costOfRevenue": 0,
        "grossProfit": 425000000,
        "grossProfitRatio": 1,
        "researchAndDevelopmentExpenses": 0,
        "generalAndAdministrativeExpenses": 34000000,
        "sellingAndMarketingExpenses": 0,
        "sellingGeneralAndAdministrativeExpenses": 34000000,
        "otherExpenses": 207000000,
        "operatingExpenses": 241000000,
        "costAndExpenses": 241000000,
        "interestIncome": 0,
        "interestExpense": 12000000,
        "depreciationAndAmortization": 159000000,
        "ebitda": 592000000,
        "ebitdaratio": 1.3929411765,
        "operatingIncome": 184000000,
        "operatingIncomeRatio": 0.4329411765,
        "totalOtherIncomeExpensesNet": 237000000,
        "incomeBeforeTax": 421000000,
        "incomeBeforeTaxRatio": 0.9905882353,
        "incomeTaxExpense": 155000000,
        "netIncome": 266000000,
        "netIncomeRatio": 0.6258823529,
        "eps": 2.11,
        "epsdiluted": 2.06,
        "weightedAverageShsOut": 126000000,
        "weightedAverageShsOutDil": 129000000,
        "link": "",
        "finalLink": ""
    },
    {
        "date": "2006-06-30",
        "symbol": "NFX",
        "reportedCurrency": "USD",
        "cik": "0000000000",
        "fillingDate": "2006-06-30",
        "acceptedDate": "2006-06-29 20:00:00",
        "calendarYear": "2006",
        "period": "Q2",
        "revenue": 390000000,
        "costOfRevenue": 0,
        "grossProfit": 390000000,
        "grossProfitRatio": 1,
        "researchAndDevelopmentExpenses": 0,
        "generalAndAdministrativeExpenses": 28000000,
        "sellingAndMarketingExpenses": 0,
        "sellingGeneralAndAdministrativeExpenses": 28000000,
        "otherExpenses": 226000000,
        "operatingExpenses": 254000000,
        "costAndExpenses": 254000000,
        "interestIncome": 0,
        "interestExpense": 14000000,
        "depreciationAndAmortization": 144000000,
        "ebitda": 305000000,
        "ebitdaratio": 0.7820512821,
        "operatingIncome": 111000000,
        "operatingIncomeRatio": 0.2846153846,
        "totalOtherIncomeExpensesNet": 36000000,
        "incomeBeforeTax": 147000000,
        "incomeBeforeTaxRatio": 0.3769230769,
        "incomeTaxExpense": 53000000,
        "netIncome": 94000000,
        "netIncomeRatio": 0.241025641,
        "eps": 0.74,
        "epsdiluted": 0.73,
        "weightedAverageShsOut": 127000000,
        "weightedAverageShsOutDil": 129000000,
        "link": "",
        "finalLink": ""
    },
    {
        "date": "2006-03-31",
        "symbol": "NFX",
        "reportedCurrency": "USD",
        "cik": "0000000000",
        "fillingDate": "2006-03-31",
        "acceptedDate": "2006-03-30 19:00:00",
        "calendarYear": "2006",
        "period": "Q1",
        "revenue": 431000000,
        "costOfRevenue": 0,
        "grossProfit": 431000000,
        "grossProfitRatio": 1,
        "researchAndDevelopmentExpenses": 0,
        "generalAndAdministrativeExpenses": 30000000,
        "sellingAndMarketingExpenses": 0,
        "sellingGeneralAndAdministrativeExpenses": 30000000,
        "otherExpenses": 199000000,
        "operatingExpenses": 229000000,
        "costAndExpenses": 229000000,
        "interestIncome": 0,
        "interestExpense": 6000000,
        "depreciationAndAmortization": 131000000,
        "ebitda": 370000000,
        "ebitdaratio": 0.8584686775,
        "operatingIncome": 232000000,
        "operatingIncomeRatio": 0.5382830626,
        "totalOtherIncomeExpensesNet": 1000000,
        "incomeBeforeTax": 233000000,
        "incomeBeforeTaxRatio": 0.5406032483,
        "incomeTaxExpense": 84000000,
        "netIncome": 149000000,
        "netIncomeRatio": 0.3457076566,
        "eps": 1.18,
        "epsdiluted": 1.16,
        "weightedAverageShsOut": 126000000,
        "weightedAverageShsOutDil": 128000000,
        "link": "",
        "finalLink": ""
    },
    {
        "date": "2005-12-31",
        "symbol": "NFX",
        "reportedCurrency": "USD",
        "cik": "0000000000",
        "fillingDate": "2005-12-31",
        "acceptedDate": "2005-12-30 19:00:00",
        "calendarYear": "2005",
        "period": "Q4",
        "revenue": 442800000,
        "costOfRevenue": 0,
        "grossProfit": 442800000,
        "grossProfitRatio": 1,
        "researchAndDevelopmentExpenses": 0,
        "generalAndAdministrativeExpenses": 27900000,
        "sellingAndMarketingExpenses": -6000000,
        "sellingGeneralAndAdministrativeExpenses": 21900000,
        "otherExpenses": 202100000,
        "operatingExpenses": 224000000,
        "costAndExpenses": 224000000,
        "interestIncome": 0,
        "interestExpense": 6000000,
        "depreciationAndAmortization": 118000000,
        "ebitda": 421100000,
        "ebitdaratio": 0.9509936766,
        "operatingIncome": 230600000,
        "operatingIncomeRatio": 0.5207768744,
        "totalOtherIncomeExpensesNet": 66500000,
        "incomeBeforeTax": 297100000,
        "incomeBeforeTaxRatio": 0.6709575429,
        "incomeTaxExpense": 113100000,
        "netIncome": 184000000,
        "netIncomeRatio": 0.4155374887,
        "eps": 1.46,
        "epsdiluted": 1.44,
        "weightedAverageShsOut": 126000000,
        "weightedAverageShsOutDil": 128000000,
        "link": "",
        "finalLink": ""
    },
    {
        "date": "2005-09-30",
        "symbol": "NFX",
        "reportedCurrency": "USD",
        "cik": "0000000000",
        "fillingDate": "2005-09-30",
        "acceptedDate": "2005-09-29 20:00:00",
        "calendarYear": "2005",
        "period": "Q3",
        "revenue": 460300000,
        "costOfRevenue": 0,
        "grossProfit": 460300000,
        "grossProfitRatio": 1,
        "researchAndDevelopmentExpenses": 0,
        "generalAndAdministrativeExpenses": 25600000,
        "sellingAndMarketingExpenses": 1800000,
        "sellingGeneralAndAdministrativeExpenses": 27400000,
        "otherExpenses": 197400000,
        "operatingExpenses": 224800000,
        "costAndExpenses": 224800000,
        "interestIncome": 0,
        "interestExpense": 6100000,
        "depreciationAndAmortization": 126700000,
        "ebitda": 132800000,
        "ebitdaratio": 0.2885074951,
        "operatingIncome": 242700000,
        "operatingIncomeRatio": 0.5272648273,
        "totalOtherIncomeExpensesNet": -229400000,
        "incomeBeforeTax": 13300000,
        "incomeBeforeTaxRatio": 0.0288941994,
        "incomeTaxExpense": 200000,
        "netIncome": -200000,
        "netIncomeRatio": -0.0004344992,
        "eps": -0.0016,
        "epsdiluted": -0.0016,
        "weightedAverageShsOut": 125600000,
        "weightedAverageShsOutDil": 125600000,
        "link": "",
        "finalLink": ""
    },
    {
        "date": "2005-06-30",
        "symbol": "NFX",
        "reportedCurrency": "USD",
        "cik": "0000000000",
        "fillingDate": "2005-06-30",
        "acceptedDate": "2005-06-29 20:00:00",
        "calendarYear": "2005",
        "period": "Q2",
        "revenue": 445800000,
        "costOfRevenue": 0,
        "grossProfit": 445800000,
        "grossProfitRatio": 1,
        "researchAndDevelopmentExpenses": 0,
        "generalAndAdministrativeExpenses": 27700000,
        "sellingAndMarketingExpenses": 1900000,
        "sellingGeneralAndAdministrativeExpenses": 29600000,
        "otherExpenses": 200400000,
        "operatingExpenses": 230000000,
        "costAndExpenses": 230000000,
        "interestIncome": 0,
        "interestExpense": 7200000,
        "depreciationAndAmortization": 140600000,
        "ebitda": 311200000,
        "ebitdaratio": 0.6980708838,
        "operatingIncome": 215800000,
        "operatingIncomeRatio": 0.4840735756,
        "totalOtherIncomeExpensesNet": -52400000,
        "incomeBeforeTax": 163400000,
        "incomeBeforeTaxRatio": 0.3665320772,
        "incomeTaxExpense": 59200000,
        "netIncome": 104200000,
        "netIncomeRatio": 0.2337371018,
        "eps": 0.83,
        "epsdiluted": 0.82,
        "weightedAverageShsOut": 125200000,
        "weightedAverageShsOutDil": 127600000,
        "link": "",
        "finalLink": ""
    },
    {
        "date": "2005-03-31",
        "symbol": "NFX",
        "reportedCurrency": "USD",
        "cik": "0000000000",
        "fillingDate": "2005-03-31",
        "acceptedDate": "2005-03-30 19:00:00",
        "calendarYear": "2005",
        "period": "Q1",
        "revenue": 413100000,
        "costOfRevenue": 0,
        "grossProfit": 413100000,
        "grossProfitRatio": 1,
        "researchAndDevelopmentExpenses": 0,
        "generalAndAdministrativeExpenses": 22800000,
        "sellingAndMarketingExpenses": 2400000,
        "sellingGeneralAndAdministrativeExpenses": 25200000,
        "otherExpenses": 190000000,
        "operatingExpenses": 215200000,
        "costAndExpenses": 215200000,
        "interestIncome": 0,
        "interestExpense": 6600000,
        "depreciationAndAmortization": 135700000,
        "ebitda": 224700000,
        "ebitdaratio": 0.543936093,
        "operatingIncome": 197900000,
        "operatingIncomeRatio": 0.4790607601,
        "totalOtherIncomeExpensesNet": -115500000,
        "incomeBeforeTax": 82400000,
        "incomeBeforeTaxRatio": 0.1994674413,
        "incomeTaxExpense": 22400000,
        "netIncome": 60000000,
        "netIncomeRatio": 0.1452432825,
        "eps": 0.48,
        "epsdiluted": 0.47,
        "weightedAverageShsOut": 124400000,
        "weightedAverageShsOutDil": 126600000,
        "link": "",
        "finalLink": ""
    },
    {
        "date": "2004-12-31",
        "symbol": "NFX",
        "reportedCurrency": "USD",
        "cik": "0000000000",
        "fillingDate": "2004-12-31",
        "acceptedDate": "2004-12-30 19:00:00",
        "calendarYear": "2004",
        "period": "Q4",
        "revenue": 436883000,
        "costOfRevenue": 0,
        "grossProfit": 436883000,
        "grossProfitRatio": 1,
        "researchAndDevelopmentExpenses": 0,
        "generalAndAdministrativeExpenses": 24541000,
        "sellingAndMarketingExpenses": 1218000,
        "sellingGeneralAndAdministrativeExpenses": 25759000,
        "otherExpenses": 201033000,
        "operatingExpenses": 226792000,
        "costAndExpenses": 226792000,
        "interestIncome": 0,
        "interestExpense": 7228000,
        "depreciationAndAmortization": 141852000,
        "ebitda": 300595000,
        "ebitdaratio": 0.6880446252,
        "operatingIncome": 164809000,
        "operatingIncomeRatio": 0.3772382995,
        "totalOtherIncomeExpensesNet": -13294000,
        "incomeBeforeTax": 151515000,
        "incomeBeforeTaxRatio": 0.3468090999,
        "incomeTaxExpense": 61269000,
        "netIncome": 90246000,
        "netIncomeRatio": 0.2065678912,
        "eps": 0.73,
        "epsdiluted": 0.71,
        "weightedAverageShsOut": 124400000,
        "weightedAverageShsOutDil": 126600000,
        "link": "",
        "finalLink": ""
    },
    {
        "date": "2004-09-30",
        "symbol": "NFX",
        "reportedCurrency": "USD",
        "cik": "0000000000",
        "fillingDate": "2004-09-30",
        "acceptedDate": "2004-09-29 20:00:00",
        "calendarYear": "2004",
        "period": "Q3",
        "revenue": 327725000,
        "costOfRevenue": 0,
        "grossProfit": 327725000,
        "grossProfitRatio": 1,
        "researchAndDevelopmentExpenses": 0,
        "generalAndAdministrativeExpenses": 21838000,
        "sellingAndMarketingExpenses": 1700000,
        "sellingGeneralAndAdministrativeExpenses": 23538000,
        "otherExpenses": 171007000,
        "operatingExpenses": 194545000,
        "costAndExpenses": 194545000,
        "interestIncome": 0,
        "interestExpense": 8528000,
        "depreciationAndAmortization": 118471000,
        "ebitda": 247634000,
        "ebitdaratio": 0.7556152262,
        "operatingIncome": 126462000,
        "operatingIncomeRatio": 0.3858784041,
        "totalOtherIncomeExpensesNet": -5827000,
        "incomeBeforeTax": 120635000,
        "incomeBeforeTaxRatio": 0.3680982531,
        "incomeTaxExpense": 44103000,
        "netIncome": 76532000,
        "netIncomeRatio": 0.2335250591,
        "eps": 0.65,
        "epsdiluted": 0.63,
        "weightedAverageShsOut": 118580000,
        "weightedAverageShsOutDil": 120634000,
        "link": "",
        "finalLink": ""
    },
    {
        "date": "2004-06-30",
        "symbol": "NFX",
        "reportedCurrency": "USD",
        "cik": "0000000000",
        "fillingDate": "2004-06-30",
        "acceptedDate": "2004-06-29 20:00:00",
        "calendarYear": "2004",
        "period": "Q2",
        "revenue": 282737000,
        "costOfRevenue": 0,
        "grossProfit": 282737000,
        "grossProfitRatio": 1,
        "researchAndDevelopmentExpenses": 0,
        "generalAndAdministrativeExpenses": 19061000,
        "sellingAndMarketingExpenses": 1942000,
        "sellingGeneralAndAdministrativeExpenses": 21003000,
        "otherExpenses": 143231000,
        "operatingExpenses": 164234000,
        "costAndExpenses": 164234000,
        "interestIncome": 0,
        "interestExpense": 7547000,
        "depreciationAndAmortization": 105172000,
        "ebitda": 218421000,
        "ebitdaratio": 0.772523582,
        "operatingIncome": 118503000,
        "operatingIncomeRatio": 0.4191280236,
        "totalOtherIncomeExpensesNet": -12801000,
        "incomeBeforeTax": 105702000,
        "incomeBeforeTaxRatio": 0.3738527324,
        "incomeTaxExpense": 38288000,
        "netIncome": 67414000,
        "netIncomeRatio": 0.2384335973,
        "eps": 0.6,
        "epsdiluted": 0.59,
        "weightedAverageShsOut": 112228000,
        "weightedAverageShsOutDil": 114058000,
        "link": "",
        "finalLink": ""
    },
    {
        "date": "2004-03-31",
        "symbol": "NFX",
        "reportedCurrency": "USD",
        "cik": "0000000000",
        "fillingDate": "2004-03-31",
        "acceptedDate": "2004-03-30 19:00:00",
        "calendarYear": "2004",
        "period": "Q1",
        "revenue": 305355000,
        "costOfRevenue": 0,
        "grossProfit": 305355000,
        "grossProfitRatio": 1,
        "researchAndDevelopmentExpenses": 0,
        "generalAndAdministrativeExpenses": 18560000,
        "sellingAndMarketingExpenses": 1440000,
        "sellingGeneralAndAdministrativeExpenses": 20000000,
        "otherExpenses": 144129000,
        "operatingExpenses": 164129000,
        "costAndExpenses": 164129000,
        "interestIncome": 0,
        "interestExpense": 8597000,
        "depreciationAndAmortization": 105905000,
        "ebitda": 235550000,
        "ebitdaratio": 0.7713972262,
        "operatingIncome": 141226000,
        "operatingIncomeRatio": 0.4624977485,
        "totalOtherIncomeExpensesNet": -20178000,
        "incomeBeforeTax": 121048000,
        "incomeBeforeTaxRatio": 0.3964172848,
        "incomeTaxExpense": 43140000,
        "netIncome": 77908000,
        "netIncomeRatio": 0.2551391004,
        "eps": 0.7,
        "epsdiluted": 0.69,
        "weightedAverageShsOut": 111842000,
        "weightedAverageShsOutDil": 113266000,
        "link": "",
        "finalLink": ""
    },
    {
        "date": "2003-12-31",
        "symbol": "NFX",
        "reportedCurrency": "USD",
        "cik": "0000000000",
        "fillingDate": "2003-12-31",
        "acceptedDate": "2003-12-30 19:00:00",
        "calendarYear": "2003",
        "period": "Q4",
        "revenue": 244879000,
        "costOfRevenue": 0,
        "grossProfit": 244879000,
        "grossProfitRatio": 1,
        "researchAndDevelopmentExpenses": 0,
        "generalAndAdministrativeExpenses": 15628000,
        "sellingAndMarketingExpenses": 1313000,
        "sellingGeneralAndAdministrativeExpenses": 16941000,
        "otherExpenses": 141355000,
        "operatingExpenses": 158296000,
        "costAndExpenses": 158296000,
        "interestIncome": 0,
        "interestExpense": 8563000,
        "depreciationAndAmortization": 101294000,
        "ebitda": 181470000,
        "ebitdaratio": 0.7410598704,
        "operatingIncome": 86583000,
        "operatingIncomeRatio": 0.3535746226,
        "totalOtherIncomeExpensesNet": -14970000,
        "incomeBeforeTax": 71613000,
        "incomeBeforeTaxRatio": 0.2924423899,
        "incomeTaxExpense": 31459000,
        "netIncome": 40154000,
        "netIncomeRatio": 0.1639748611,
        "eps": 0.36,
        "epsdiluted": 0.35,
        "weightedAverageShsOut": 111842000,
        "weightedAverageShsOutDil": 113266000,
        "link": "",
        "finalLink": ""
    },
    {
        "date": "2003-09-30",
        "symbol": "NFX",
        "reportedCurrency": "USD",
        "cik": "0000000000",
        "fillingDate": "2003-09-30",
        "acceptedDate": "2003-09-29 20:00:00",
        "calendarYear": "2003",
        "period": "Q3",
        "revenue": 248664000,
        "costOfRevenue": 0,
        "grossProfit": 248664000,
        "grossProfitRatio": 1,
        "researchAndDevelopmentExpenses": 0,
        "generalAndAdministrativeExpenses": 13815000,
        "sellingAndMarketingExpenses": 1624000,
        "sellingGeneralAndAdministrativeExpenses": 15439000,
        "otherExpenses": 139468000,
        "operatingExpenses": 154907000,
        "costAndExpenses": 154907000,
        "interestIncome": 0,
        "interestExpense": 9347000,
        "depreciationAndAmortization": 97047000,
        "ebitda": 185845000,
        "ebitdaratio": 0.7473739665,
        "operatingIncome": 93757000,
        "operatingIncomeRatio": 0.3770429174,
        "totalOtherIncomeExpensesNet": -5334000,
        "incomeBeforeTax": 88423000,
        "incomeBeforeTaxRatio": 0.3555922852,
        "incomeTaxExpense": 30072000,
        "netIncome": 49379000,
        "netIncomeRatio": 0.1985771965,
        "eps": 0.44,
        "epsdiluted": 0.44,
        "weightedAverageShsOut": 111774000,
        "weightedAverageShsOutDil": 112694000,
        "link": "",
        "finalLink": ""
    },
    {
        "date": "2003-06-30",
        "symbol": "NFX",
        "reportedCurrency": "USD",
        "cik": "0000000000",
        "fillingDate": "2003-06-30",
        "acceptedDate": "2003-06-29 20:00:00",
        "calendarYear": "2003",
        "period": "Q2",
        "revenue": 255552000,
        "costOfRevenue": 0,
        "grossProfit": 255552000,
        "grossProfitRatio": 1,
        "researchAndDevelopmentExpenses": 0,
        "generalAndAdministrativeExpenses": 15672000,
        "sellingAndMarketingExpenses": 1859000,
        "sellingGeneralAndAdministrativeExpenses": 17531000,
        "otherExpenses": 132774000,
        "operatingExpenses": 150305000,
        "costAndExpenses": 150305000,
        "interestIncome": 0,
        "interestExpense": 11083000,
        "depreciationAndAmortization": 99660000,
        "ebitda": 180165000,
        "ebitdaratio": 0.705003287,
        "operatingIncome": 87470000,
        "operatingIncomeRatio": 0.3422786752,
        "totalOtherIncomeExpensesNet": -18048000,
        "incomeBeforeTax": 69422000,
        "incomeBeforeTaxRatio": 0.2716550839,
        "incomeTaxExpense": 23607000,
        "netIncome": 45815000,
        "netIncomeRatio": 0.1792785813,
        "eps": 0.43,
        "epsdiluted": 0.4,
        "weightedAverageShsOut": 106936000,
        "weightedAverageShsOutDil": 115402000,
        "link": "",
        "finalLink": ""
    },
    {
        "date": "2003-03-31",
        "symbol": "NFX",
        "reportedCurrency": "USD",
        "cik": "0000000000",
        "fillingDate": "2003-03-31",
        "acceptedDate": "2003-03-30 19:00:00",
        "calendarYear": "2003",
        "period": "Q1",
        "revenue": 279284000,
        "costOfRevenue": 0,
        "grossProfit": 279284000,
        "grossProfitRatio": 1,
        "researchAndDevelopmentExpenses": 0,
        "generalAndAdministrativeExpenses": 17582000,
        "sellingAndMarketingExpenses": 1563000,
        "sellingGeneralAndAdministrativeExpenses": 19145000,
        "otherExpenses": 141530000,
        "operatingExpenses": 160675000,
        "costAndExpenses": 160675000,
        "interestIncome": 0,
        "interestExpense": 12867000,
        "depreciationAndAmortization": 96700000,
        "ebitda": 206104000,
        "ebitdaratio": 0.7379728162,
        "operatingIncome": 108611000,
        "operatingIncomeRatio": 0.3888908781,
        "totalOtherIncomeExpensesNet": -17649000,
        "incomeBeforeTax": 90962000,
        "incomeBeforeTaxRatio": 0.3256971398,
        "incomeTaxExpense": 32396000,
        "netIncome": 64141000,
        "netIncomeRatio": 0.2296622793,
        "eps": 0.62,
        "epsdiluted": 0.57,
        "weightedAverageShsOut": 103772000,
        "weightedAverageShsOutDil": 112416000,
        "link": "",
        "finalLink": ""
    },
    {
        "date": "2002-12-31",
        "symbol": "NFX",
        "reportedCurrency": "USD",
        "cik": "0000000000",
        "fillingDate": "2002-12-31",
        "acceptedDate": "2002-12-30 19:00:00",
        "calendarYear": "2002",
        "period": "Q4",
        "revenue": 199490000,
        "costOfRevenue": 0,
        "grossProfit": 199490000,
        "grossProfitRatio": 1,
        "researchAndDevelopmentExpenses": 0,
        "generalAndAdministrativeExpenses": 17033000,
        "sellingAndMarketingExpenses": 1331000,
        "sellingGeneralAndAdministrativeExpenses": 18364000,
        "otherExpenses": 118162000,
        "operatingExpenses": 136526000,
        "costAndExpenses": 136526000,
        "interestIncome": 0,
        "interestExpense": 10872000,
        "depreciationAndAmortization": 81746000,
        "ebitda": 138376000,
        "ebitdaratio": 0.6936488045,
        "operatingIncome": 62964000,
        "operatingIncomeRatio": 0.3156248434,
        "totalOtherIncomeExpensesNet": -17206000,
        "incomeBeforeTax": 45758000,
        "incomeBeforeTaxRatio": 0.229374906,
        "incomeTaxExpense": 13878000,
        "netIncome": 31880000,
        "netIncomeRatio": 0.1598075091,
        "eps": 0.31,
        "epsdiluted": 0.28,
        "weightedAverageShsOut": 103772000,
        "weightedAverageShsOutDil": 112416000,
        "link": "",
        "finalLink": ""
    },
    {
        "date": "2002-09-30",
        "symbol": "NFX",
        "reportedCurrency": "USD",
        "cik": "0000000000",
        "fillingDate": "2002-09-30",
        "acceptedDate": "2002-09-29 20:00:00",
        "calendarYear": "2002",
        "period": "Q3",
        "revenue": 152610000,
        "costOfRevenue": 0,
        "grossProfit": 152610000,
        "grossProfitRatio": 1,
        "researchAndDevelopmentExpenses": 0,
        "generalAndAdministrativeExpenses": 13776000,
        "sellingAndMarketingExpenses": 1730000,
        "sellingGeneralAndAdministrativeExpenses": 15506000,
        "otherExpenses": 102994000,
        "operatingExpenses": 118500000,
        "costAndExpenses": 118500000,
        "interestIncome": 0,
        "interestExpense": 4769000,
        "depreciationAndAmortization": 72294000,
        "ebitda": 91462000,
        "ebitdaratio": 0.5993185243,
        "operatingIncome": 34110000,
        "operatingIncomeRatio": 0.2235109102,
        "totalOtherIncomeExpensesNet": -19711000,
        "incomeBeforeTax": 14399000,
        "incomeBeforeTaxRatio": 0.0943516152,
        "incomeTaxExpense": 5028000,
        "netIncome": 9371000,
        "netIncomeRatio": 0.0614048883,
        "eps": 0.11,
        "epsdiluted": 0.1,
        "weightedAverageShsOut": 88840000,
        "weightedAverageShsOutDil": 89810000,
        "link": "",
        "finalLink": ""
    },
    {
        "date": "2002-06-30",
        "symbol": "NFX",
        "reportedCurrency": "USD",
        "cik": "0000000000",
        "fillingDate": "2002-06-30",
        "acceptedDate": "2002-06-29 20:00:00",
        "calendarYear": "2002",
        "period": "Q2",
        "revenue": 161611000,
        "costOfRevenue": 0,
        "grossProfit": 161611000,
        "grossProfitRatio": 1,
        "researchAndDevelopmentExpenses": 0,
        "generalAndAdministrativeExpenses": 12963000,
        "sellingAndMarketingExpenses": 1316000,
        "sellingGeneralAndAdministrativeExpenses": 14279000,
        "otherExpenses": 107594000,
        "operatingExpenses": 121873000,
        "costAndExpenses": 121873000,
        "interestIncome": 0,
        "interestExpense": 5004000,
        "depreciationAndAmortization": 78027000,
        "ebitda": 108302000,
        "ebitdaratio": 0.6701400276,
        "operatingIncome": 39738000,
        "operatingIncomeRatio": 0.245886728,
        "totalOtherIncomeExpensesNet": -14467000,
        "incomeBeforeTax": 25271000,
        "incomeBeforeTaxRatio": 0.1563693065,
        "incomeTaxExpense": 9001000,
        "netIncome": 16270000,
        "netIncomeRatio": 0.1006738403,
        "eps": 0.18,
        "epsdiluted": 0.17,
        "weightedAverageShsOut": 88752000,
        "weightedAverageShsOutDil": 97856000,
        "link": "",
        "finalLink": ""
    },
    {
        "date": "2002-03-31",
        "symbol": "NFX",
        "reportedCurrency": "USD",
        "cik": "0000000000",
        "fillingDate": "2002-03-31",
        "acceptedDate": "2002-03-30 19:00:00",
        "calendarYear": "2002",
        "period": "Q1",
        "revenue": 148039000,
        "costOfRevenue": 0,
        "grossProfit": 148039000,
        "grossProfitRatio": 1,
        "researchAndDevelopmentExpenses": 0,
        "generalAndAdministrativeExpenses": 12345000,
        "sellingAndMarketingExpenses": 1331000,
        "sellingGeneralAndAdministrativeExpenses": 13676000,
        "otherExpenses": 97670000,
        "operatingExpenses": 111346000,
        "costAndExpenses": 111346000,
        "interestIncome": 1816000,
        "interestExpense": 5071000,
        "depreciationAndAmortization": 71207000,
        "ebitda": 101735000,
        "ebitdaratio": 0.6872175575,
        "operatingIncome": 36693000,
        "operatingIncomeRatio": 0.2478603611,
        "totalOtherIncomeExpensesNet": -11236000,
        "incomeBeforeTax": 25457000,
        "incomeBeforeTaxRatio": 0.1719614426,
        "incomeTaxExpense": 9131000,
        "netIncome": 16326000,
        "netIncomeRatio": 0.1102817501,
        "eps": 0.18,
        "epsdiluted": 0.17,
        "weightedAverageShsOut": 88424000,
        "weightedAverageShsOutDil": 97490000,
        "link": "",
        "finalLink": ""
    },
    {
        "date": "2001-12-31",
        "symbol": "NFX",
        "reportedCurrency": "USD",
        "cik": "0000000000",
        "fillingDate": "2001-12-31",
        "acceptedDate": "2001-12-30 19:00:00",
        "calendarYear": "2001",
        "period": "Q4",
        "revenue": 156073000,
        "costOfRevenue": 0,
        "grossProfit": 156073000,
        "grossProfitRatio": 1,
        "researchAndDevelopmentExpenses": 0,
        "generalAndAdministrativeExpenses": 8596000,
        "sellingAndMarketingExpenses": 1419000,
        "sellingGeneralAndAdministrativeExpenses": 10015000,
        "otherExpenses": 106319000,
        "operatingExpenses": 116334000,
        "costAndExpenses": 116334000,
        "interestIncome": 2535000,
        "interestExpense": 4956000,
        "depreciationAndAmortization": 75585000,
        "ebitda": 19071000,
        "ebitdaratio": 0.12219282,
        "operatingIncome": -66272000,
        "operatingIncomeRatio": -0.4246218116,
        "totalOtherIncomeExpensesNet": 4802000,
        "incomeBeforeTax": -61470000,
        "incomeBeforeTaxRatio": -0.393854158,
        "incomeTaxExpense": -22360000,
        "netIncome": -39110000,
        "netIncomeRatio": -0.2505878659,
        "eps": -0.44,
        "epsdiluted": -0.4,
        "weightedAverageShsOut": 88424000,
        "weightedAverageShsOutDil": 97490000,
        "link": "",
        "finalLink": ""
    },
    {
        "date": "2001-09-30",
        "symbol": "NFX",
        "reportedCurrency": "USD",
        "cik": "0000000000",
        "fillingDate": "2001-09-30",
        "acceptedDate": "2001-09-29 20:00:00",
        "calendarYear": "2001",
        "period": "Q3",
        "revenue": 183259000,
        "costOfRevenue": 0,
        "grossProfit": 183259000,
        "grossProfitRatio": 1,
        "researchAndDevelopmentExpenses": 0,
        "generalAndAdministrativeExpenses": 12135000,
        "sellingAndMarketingExpenses": 1325000,
        "sellingGeneralAndAdministrativeExpenses": 13460000,
        "otherExpenses": 107815000,
        "operatingExpenses": 121275000,
        "costAndExpenses": 121275000,
        "interestIncome": 316000,
        "interestExpense": 4543000,
        "depreciationAndAmortization": 74259000,
        "ebitda": 145324000,
        "ebitdaratio": 0.7929978882,
        "operatingIncome": 61984000,
        "operatingIncomeRatio": 0.338231683,
        "totalOtherIncomeExpensesNet": 4538000,
        "incomeBeforeTax": 66522000,
        "incomeBeforeTaxRatio": 0.3629944505,
        "incomeTaxExpense": 23546000,
        "netIncome": 42976000,
        "netIncomeRatio": 0.2345096284,
        "eps": 0.49,
        "epsdiluted": 0.44,
        "weightedAverageShsOut": 88438000,
        "weightedAverageShsOutDil": 97596000,
        "link": "",
        "finalLink": ""
    },
    {
        "date": "2001-06-30",
        "symbol": "NFX",
        "reportedCurrency": "USD",
        "cik": "0000000000",
        "fillingDate": "2001-06-30",
        "acceptedDate": "2001-06-29 20:00:00",
        "calendarYear": "2001",
        "period": "Q2",
        "revenue": 200747000,
        "costOfRevenue": 0,
        "grossProfit": 200747000,
        "grossProfitRatio": 1,
        "researchAndDevelopmentExpenses": 0,
        "generalAndAdministrativeExpenses": 11939000,
        "sellingAndMarketingExpenses": 1563000,
        "sellingGeneralAndAdministrativeExpenses": 13502000,
        "otherExpenses": 99790000,
        "operatingExpenses": 113292000,
        "costAndExpenses": 113292000,
        "interestIncome": 529000,
        "interestExpense": 3817000,
        "depreciationAndAmortization": 71577000,
        "ebitda": 162944000,
        "ebitdaratio": 0.811688344,
        "operatingIncome": 87455000,
        "operatingIncomeRatio": 0.4356478553,
        "totalOtherIncomeExpensesNet": 95000,
        "incomeBeforeTax": 87550000,
        "incomeBeforeTaxRatio": 0.4361210877,
        "incomeTaxExpense": 30813000,
        "netIncome": 56737000,
        "netIncomeRatio": 0.2826293793,
        "eps": 0.64,
        "epsdiluted": 0.58,
        "weightedAverageShsOut": 89302000,
        "weightedAverageShsOutDil": 98628000,
        "link": "",
        "finalLink": ""
    },
    {
        "date": "2001-03-31",
        "symbol": "NFX",
        "reportedCurrency": "USD",
        "cik": "0000000000",
        "fillingDate": "2001-03-31",
        "acceptedDate": "2001-03-30 19:00:00",
        "calendarYear": "2001",
        "period": "Q1",
        "revenue": 209326000,
        "costOfRevenue": 0,
        "grossProfit": 209326000,
        "grossProfitRatio": 1,
        "researchAndDevelopmentExpenses": 0,
        "generalAndAdministrativeExpenses": 11285000,
        "sellingAndMarketingExpenses": 1262000,
        "sellingGeneralAndAdministrativeExpenses": 12547000,
        "otherExpenses": 89088000,
        "operatingExpenses": 101635000,
        "costAndExpenses": 101635000,
        "interestIncome": 613000,
        "interestExpense": 5652000,
        "depreciationAndAmortization": 61146000,
        "ebitda": 160762000,
        "ebitdaratio": 0.767998242,
        "operatingIncome": 107691000,
        "operatingIncomeRatio": 0.5144654749,
        "totalOtherIncomeExpensesNet": -8933000,
        "incomeBeforeTax": 98758000,
        "incomeBeforeTaxRatio": 0.471790413,
        "incomeTaxExpense": 35613000,
        "netIncome": 58351000,
        "netIncomeRatio": 0.2787565806,
        "eps": 0.66,
        "epsdiluted": 0.6,
        "weightedAverageShsOut": 88250000,
        "weightedAverageShsOutDil": 97764000,
        "link": "",
        "finalLink": ""
    },
    {
        "date": "2000-12-31",
        "symbol": "NFX",
        "reportedCurrency": "USD",
        "cik": "0000000000",
        "fillingDate": "2000-12-31",
        "acceptedDate": "2000-12-30 19:00:00",
        "calendarYear": "2000",
        "period": "Q4",
        "revenue": 161462000,
        "costOfRevenue": 0,
        "grossProfit": 161462000,
        "grossProfitRatio": 1,
        "researchAndDevelopmentExpenses": 0,
        "generalAndAdministrativeExpenses": 9183000,
        "sellingAndMarketingExpenses": 5984000,
        "sellingGeneralAndAdministrativeExpenses": 15167000,
        "otherExpenses": 74595000,
        "operatingExpenses": 89762000,
        "costAndExpenses": 89762000,
        "interestIncome": 622000,
        "interestExpense": 1706000,
        "depreciationAndAmortization": 52042000,
        "ebitda": 119668000,
        "ebitdaratio": 0.741152717,
        "operatingIncome": 71700000,
        "operatingIncomeRatio": 0.4440673347,
        "totalOtherIncomeExpensesNet": -3420000,
        "incomeBeforeTax": 68280000,
        "incomeBeforeTaxRatio": 0.4228858803,
        "incomeTaxExpense": 24593000,
        "netIncome": 41327000,
        "netIncomeRatio": 0.2559549615,
        "eps": 0.47,
        "epsdiluted": 0.42,
        "weightedAverageShsOut": 88250000,
        "weightedAverageShsOutDil": 97764000,
        "link": "",
        "finalLink": ""
    },
    {
        "date": "2000-09-30",
        "symbol": "NFX",
        "reportedCurrency": "USD",
        "cik": "0000000000",
        "fillingDate": "2000-09-30",
        "acceptedDate": "2000-09-29 20:00:00",
        "calendarYear": "2000",
        "period": "Q3",
        "revenue": 151263000,
        "costOfRevenue": 0,
        "grossProfit": 151263000,
        "grossProfitRatio": 1,
        "researchAndDevelopmentExpenses": 0,
        "generalAndAdministrativeExpenses": 8803000,
        "sellingAndMarketingExpenses": 0,
        "sellingGeneralAndAdministrativeExpenses": 8803000,
        "otherExpenses": 71780000,
        "operatingExpenses": 80583000,
        "costAndExpenses": 80583000,
        "interestIncome": 580000,
        "interestExpense": 2441000,
        "depreciationAndAmortization": 51183000,
        "ebitda": 119604000,
        "ebitdaratio": 0.7907022867,
        "operatingIncome": 70177000,
        "operatingIncomeRatio": 0.4639402894,
        "totalOtherIncomeExpensesNet": -4197000,
        "incomeBeforeTax": 65980000,
        "incomeBeforeTaxRatio": 0.4361939139,
        "incomeTaxExpense": 21642000,
        "netIncome": 44338000,
        "netIncomeRatio": 0.293118608,
        "eps": 0.52,
        "epsdiluted": 0.47,
        "weightedAverageShsOut": 84986000,
        "weightedAverageShsOutDil": 94732000,
        "link": "",
        "finalLink": ""
    },
    {
        "date": "2000-06-30",
        "symbol": "NFX",
        "reportedCurrency": "USD",
        "cik": "0000000000",
        "fillingDate": "2000-06-30",
        "acceptedDate": "2000-06-29 20:00:00",
        "calendarYear": "2000",
        "period": "Q2",
        "revenue": 118878000,
        "costOfRevenue": 0,
        "grossProfit": 118878000,
        "grossProfitRatio": 1,
        "researchAndDevelopmentExpenses": 0,
        "generalAndAdministrativeExpenses": 7163000,
        "sellingAndMarketingExpenses": 0,
        "sellingGeneralAndAdministrativeExpenses": 7163000,
        "otherExpenses": 62711000,
        "operatingExpenses": 69874000,
        "costAndExpenses": 69874000,
        "interestIncome": 407000,
        "interestExpense": 2913000,
        "depreciationAndAmortization": 46797000,
        "ebitda": 93872000,
        "ebitdaratio": 0.7896498932,
        "operatingIncome": 49004000,
        "operatingIncomeRatio": 0.4122209324,
        "totalOtherIncomeExpensesNet": -4842000,
        "incomeBeforeTax": 44162000,
        "incomeBeforeTaxRatio": 0.3714900991,
        "incomeTaxExpense": 14601000,
        "netIncome": 29561000,
        "netIncomeRatio": 0.2486667003,
        "eps": 0.35,
        "epsdiluted": 0.31,
        "weightedAverageShsOut": 84804000,
        "weightedAverageShsOutDil": 94644000,
        "link": "",
        "finalLink": ""
    },
    {
        "date": "2000-03-31",
        "symbol": "NFX",
        "reportedCurrency": "USD",
        "cik": "0000000000",
        "fillingDate": "2000-03-31",
        "acceptedDate": "2000-03-30 19:00:00",
        "calendarYear": "2000",
        "period": "Q1",
        "revenue": 95039000,
        "costOfRevenue": 0,
        "grossProfit": 95039000,
        "grossProfitRatio": 1,
        "researchAndDevelopmentExpenses": 0,
        "generalAndAdministrativeExpenses": 6935000,
        "sellingAndMarketingExpenses": 0,
        "sellingGeneralAndAdministrativeExpenses": 6935000,
        "otherExpenses": 57756000,
        "operatingExpenses": 64691000,
        "costAndExpenses": 64691000,
        "interestIncome": 515000,
        "interestExpense": 2260000,
        "depreciationAndAmortization": 41160000,
        "ebitda": 69687000,
        "ebitdaratio": 0.7332463515,
        "operatingIncome": 30348000,
        "operatingIncomeRatio": 0.3193215417,
        "totalOtherIncomeExpensesNet": -4081000,
        "incomeBeforeTax": 26267000,
        "incomeBeforeTaxRatio": 0.2763812751,
        "incomeTaxExpense": 9144000,
        "netIncome": 17123000,
        "netIncomeRatio": 0.1801681415,
        "eps": 0.2,
        "epsdiluted": 0.2,
        "weightedAverageShsOut": 83764000,
        "weightedAverageShsOutDil": 85682000,
        "link": "",
        "finalLink": ""
    },
    {
        "date": "1999-12-31",
        "symbol": "NFX",
        "reportedCurrency": "USD",
        "cik": "0000000000",
        "fillingDate": "1999-12-31",
        "acceptedDate": "1999-12-30 19:00:00",
        "calendarYear": "1999",
        "period": "Q4",
        "revenue": 90267000,
        "costOfRevenue": -30800000,
        "grossProfit": 121067000,
        "grossProfitRatio": 1.341209966,
        "researchAndDevelopmentExpenses": 0,
        "generalAndAdministrativeExpenses": 0,
        "sellingAndMarketingExpenses": 0,
        "sellingGeneralAndAdministrativeExpenses": 4604000,
        "otherExpenses": 87120000,
        "operatingExpenses": 91724000,
        "costAndExpenses": 60924000,
        "interestIncome": 0,
        "interestExpense": 0,
        "depreciationAndAmortization": 40444000,
        "ebitda": 66459000,
        "ebitdaratio": 0.7362491276,
        "operatingIncome": 29343000,
        "operatingIncomeRatio": 0.3250689621,
        "totalOtherIncomeExpensesNet": -3328000,
        "incomeBeforeTax": 26015000,
        "incomeBeforeTaxRatio": 0.2882005606,
        "incomeTaxExpense": 9411000,
        "netIncome": 16604000,
        "netIncomeRatio": 0.1839431908,
        "eps": 0.2,
        "epsdiluted": 0.19,
        "weightedAverageShsOut": 83764000,
        "weightedAverageShsOutDil": 85682000,
        "link": "",
        "finalLink": ""
    },
    {
        "date": "1999-09-30",
        "symbol": "NFX",
        "reportedCurrency": "USD",
        "cik": "0000000000",
        "fillingDate": "1999-09-30",
        "acceptedDate": "1999-09-29 20:00:00",
        "calendarYear": "1999",
        "period": "Q3",
        "revenue": 78600000,
        "costOfRevenue": 12000000,
        "grossProfit": 66600000,
        "grossProfitRatio": 0.8473282443,
        "researchAndDevelopmentExpenses": 0,
        "generalAndAdministrativeExpenses": 0,
        "sellingAndMarketingExpenses": 0,
        "sellingGeneralAndAdministrativeExpenses": 4600000,
        "otherExpenses": 39400000,
        "operatingExpenses": 44000000,
        "costAndExpenses": 56000000,
        "interestIncome": 0,
        "interestExpense": 3800000,
        "depreciationAndAmortization": 38300000,
        "ebitda": 61400000,
        "ebitdaratio": 0.7811704835,
        "operatingIncome": 22600000,
        "operatingIncomeRatio": 0.2875318066,
        "totalOtherIncomeExpensesNet": -3300000,
        "incomeBeforeTax": 19300000,
        "incomeBeforeTaxRatio": 0.2455470738,
        "incomeTaxExpense": 6900000,
        "netIncome": 12400000,
        "netIncomeRatio": 0.1577608142,
        "eps": 0.15,
        "epsdiluted": 0.15,
        "weightedAverageShsOut": 83208000,
        "weightedAverageShsOutDil": 83208000,
        "link": "",
        "finalLink": ""
    },
    {
        "date": "1999-06-30",
        "symbol": "NFX",
        "reportedCurrency": "USD",
        "cik": "0000000000",
        "fillingDate": "1999-06-30",
        "acceptedDate": "1999-06-29 20:00:00",
        "calendarYear": "1999",
        "period": "Q2",
        "revenue": 60100000,
        "costOfRevenue": 9500000,
        "grossProfit": 50600000,
        "grossProfitRatio": 0.8419301165,
        "researchAndDevelopmentExpenses": 0,
        "generalAndAdministrativeExpenses": 0,
        "sellingAndMarketingExpenses": 0,
        "sellingGeneralAndAdministrativeExpenses": 3700000,
        "otherExpenses": 37100000,
        "operatingExpenses": 40800000,
        "costAndExpenses": 50300000,
        "interestIncome": 0,
        "interestExpense": 3100000,
        "depreciationAndAmortization": 37100000,
        "ebitda": 47100000,
        "ebitdaratio": 0.7836938436,
        "operatingIncome": 9800000,
        "operatingIncomeRatio": 0.1630615641,
        "totalOtherIncomeExpensesNet": -2900000,
        "incomeBeforeTax": 6900000,
        "incomeBeforeTaxRatio": 0.1148086522,
        "incomeTaxExpense": 2500000,
        "netIncome": 4400000,
        "netIncomeRatio": 0.0732113145,
        "eps": 0.0532,
        "epsdiluted": 0.0532,
        "weightedAverageShsOut": 82780000,
        "weightedAverageShsOutDil": 82780000,
        "link": "",
        "finalLink": ""
    },
    {
        "date": "1999-03-31",
        "symbol": "NFX",
        "reportedCurrency": "USD",
        "cik": "0000000000",
        "fillingDate": "1999-03-31",
        "acceptedDate": "1999-03-30 19:00:00",
        "calendarYear": "1999",
        "period": "Q1",
        "revenue": 52900000,
        "costOfRevenue": 9300000,
        "grossProfit": 43600000,
        "grossProfitRatio": 0.8241965974,
        "researchAndDevelopmentExpenses": 0,
        "generalAndAdministrativeExpenses": 0,
        "sellingAndMarketingExpenses": 0,
        "sellingGeneralAndAdministrativeExpenses": 3600000,
        "otherExpenses": 36800000,
        "operatingExpenses": 40400000,
        "costAndExpenses": 49700000,
        "interestIncome": 0,
        "interestExpense": 3500000,
        "depreciationAndAmortization": 36800000,
        "ebitda": 40100000,
        "ebitdaratio": 0.7580340265,
        "operatingIncome": 3200000,
        "operatingIncomeRatio": 0.0604914934,
        "totalOtherIncomeExpensesNet": 100000,
        "incomeBeforeTax": 3300000,
        "incomeBeforeTaxRatio": 0.0623818526,
        "incomeTaxExpense": 3600000,
        "netIncome": -200000,
        "netIncomeRatio": -0.0037807183,
        "eps": -0.0025,
        "epsdiluted": -0.0025,
        "weightedAverageShsOut": 81496000,
        "weightedAverageShsOutDil": 81496000,
        "link": "",
        "finalLink": ""
    },
    {
        "date": "1998-12-31",
        "symbol": "NFX",
        "reportedCurrency": "USD",
        "cik": "0000000000",
        "fillingDate": "1998-12-31",
        "acceptedDate": "1998-12-30 19:00:00",
        "calendarYear": "1998",
        "period": "Q4",
        "revenue": 50485000,
        "costOfRevenue": -24800000,
        "grossProfit": 75285000,
        "grossProfitRatio": 1.4912350203,
        "researchAndDevelopmentExpenses": 0,
        "generalAndAdministrativeExpenses": 0,
        "sellingAndMarketingExpenses": 0,
        "sellingGeneralAndAdministrativeExpenses": 2570000,
        "otherExpenses": 71492000,
        "operatingExpenses": 74062000,
        "costAndExpenses": 49262000,
        "interestIncome": 0,
        "interestExpense": 0,
        "depreciationAndAmortization": 36147000,
        "ebitda": -69829000,
        "ebitdaratio": -1.3831633158,
        "operatingIncome": -103732000,
        "operatingIncomeRatio": -2.0547093196,
        "totalOtherIncomeExpensesNet": -2244000,
        "incomeBeforeTax": -105976000,
        "incomeBeforeTaxRatio": -2.0991581658,
        "incomeTaxExpense": -36977000,
        "netIncome": -68999000,
        "netIncomeRatio": -1.3667227889,
        "eps": -0.85,
        "epsdiluted": -0.85,
        "weightedAverageShsOut": 81496000,
        "weightedAverageShsOutDil": 81496000,
        "link": "",
        "finalLink": ""
    },
    {
        "date": "1998-09-30",
        "symbol": "NFX",
        "reportedCurrency": "USD",
        "cik": "0000000000",
        "fillingDate": "1998-09-30",
        "acceptedDate": "1998-09-29 20:00:00",
        "calendarYear": "1998",
        "period": "Q3",
        "revenue": 45300000,
        "costOfRevenue": 8800000,
        "grossProfit": 36500000,
        "grossProfitRatio": 0.8057395143,
        "researchAndDevelopmentExpenses": 0,
        "generalAndAdministrativeExpenses": 0,
        "sellingAndMarketingExpenses": 0,
        "sellingGeneralAndAdministrativeExpenses": 2900000,
        "otherExpenses": 29300000,
        "operatingExpenses": 32200000,
        "costAndExpenses": 41000000,
        "interestIncome": 0,
        "interestExpense": 3200000,
        "depreciationAndAmortization": 29300000,
        "ebitda": 33900000,
        "ebitdaratio": 0.7483443709,
        "operatingIncome": 4300000,
        "operatingIncomeRatio": 0.0949227373,
        "totalOtherIncomeExpensesNet": -2900000,
        "incomeBeforeTax": 1400000,
        "incomeBeforeTaxRatio": 0.0309050773,
        "incomeTaxExpense": 500000,
        "netIncome": 900000,
        "netIncomeRatio": 0.0198675497,
        "eps": 0.0112,
        "epsdiluted": 0.0112,
        "weightedAverageShsOut": 80460000,
        "weightedAverageShsOutDil": 80460000,
        "link": "",
        "finalLink": ""
    },
    {
        "date": "1998-06-30",
        "symbol": "NFX",
        "reportedCurrency": "USD",
        "cik": "0000000000",
        "fillingDate": "1998-06-30",
        "acceptedDate": "1998-06-29 20:00:00",
        "calendarYear": "1998",
        "period": "Q2",
        "revenue": 49900000,
        "costOfRevenue": 8600000,
        "grossProfit": 41300000,
        "grossProfitRatio": 0.8276553106,
        "researchAndDevelopmentExpenses": 0,
        "generalAndAdministrativeExpenses": 0,
        "sellingAndMarketingExpenses": 0,
        "sellingGeneralAndAdministrativeExpenses": 3200000,
        "otherExpenses": 30400000,
        "operatingExpenses": 33600000,
        "costAndExpenses": 42200000,
        "interestIncome": 0,
        "interestExpense": 2200000,
        "depreciationAndAmortization": 30300000,
        "ebitda": 38400000,
        "ebitdaratio": 0.7695390782,
        "operatingIncome": 7700000,
        "operatingIncomeRatio": 0.1543086172,
        "totalOtherIncomeExpensesNet": -1800000,
        "incomeBeforeTax": 5900000,
        "incomeBeforeTaxRatio": 0.1182364729,
        "incomeTaxExpense": 2100000,
        "netIncome": 3800000,
        "netIncomeRatio": 0.0761523046,
        "eps": 0.0525,
        "epsdiluted": 0.0525,
        "weightedAverageShsOut": 72380000,
        "weightedAverageShsOutDil": 72380000,
        "link": "",
        "finalLink": ""
    },
    {
        "date": "1998-03-31",
        "symbol": "NFX",
        "reportedCurrency": "USD",
        "cik": "0000000000",
        "fillingDate": "1998-03-31",
        "acceptedDate": "1998-03-30 19:00:00",
        "calendarYear": "1998",
        "period": "Q1",
        "revenue": 50000000,
        "costOfRevenue": 7500000,
        "grossProfit": 42500000,
        "grossProfitRatio": 0.85,
        "researchAndDevelopmentExpenses": 0,
        "generalAndAdministrativeExpenses": 0,
        "sellingAndMarketingExpenses": 0,
        "sellingGeneralAndAdministrativeExpenses": 3400000,
        "otherExpenses": 27400000,
        "operatingExpenses": 30800000,
        "costAndExpenses": 38300000,
        "interestIncome": 0,
        "interestExpense": 1700000,
        "depreciationAndAmortization": 27400000,
        "ebitda": 39500000,
        "ebitdaratio": 0.79,
        "operatingIncome": 11700000,
        "operatingIncomeRatio": 0.234,
        "totalOtherIncomeExpensesNet": -1300000,
        "incomeBeforeTax": 10400000,
        "incomeBeforeTaxRatio": 0.208,
        "incomeTaxExpense": 3700000,
        "netIncome": 6700000,
        "netIncomeRatio": 0.134,
        "eps": 0.0927,
        "epsdiluted": 0.0927,
        "weightedAverageShsOut": 72298000,
        "weightedAverageShsOutDil": 72298000,
        "link": "",
        "finalLink": ""
    },
    {
        "date": "1997-12-31",
        "symbol": "NFX",
        "reportedCurrency": "USD",
        "cik": "0000000000",
        "fillingDate": "1997-12-31",
        "acceptedDate": "1997-12-30 19:00:00",
        "calendarYear": "1997",
        "period": "Q4",
        "revenue": 60299000,
        "costOfRevenue": -17800000,
        "grossProfit": 78099000,
        "grossProfitRatio": 1.2951956086,
        "researchAndDevelopmentExpenses": 0,
        "generalAndAdministrativeExpenses": 0,
        "sellingAndMarketingExpenses": 0,
        "sellingGeneralAndAdministrativeExpenses": 2970000,
        "otherExpenses": 50908000,
        "operatingExpenses": 53878000,
        "costAndExpenses": 36078000,
        "interestIncome": 0,
        "interestExpense": 0,
        "depreciationAndAmortization": 26600000,
        "ebitda": 45321000,
        "ebitdaratio": 0.7516045042,
        "operatingIncome": 19967000,
        "operatingIncomeRatio": 0.3311331863,
        "totalOtherIncomeExpensesNet": -1246000,
        "incomeBeforeTax": 18721000,
        "incomeBeforeTaxRatio": 0.3104694937,
        "incomeTaxExpense": 6518000,
        "netIncome": 12203000,
        "netIncomeRatio": 0.2023748321,
        "eps": 0.17,
        "epsdiluted": 0.17,
        "weightedAverageShsOut": 72298000,
        "weightedAverageShsOutDil": 72298000,
        "link": "",
        "finalLink": ""
    },
    {
        "date": "1997-09-30",
        "symbol": "NFX",
        "reportedCurrency": "USD",
        "cik": "0000000000",
        "fillingDate": "1997-09-30",
        "acceptedDate": "1997-09-29 20:00:00",
        "calendarYear": "1997",
        "period": "Q3",
        "revenue": 49900000,
        "costOfRevenue": 7200000,
        "grossProfit": 42700000,
        "grossProfitRatio": 0.8557114228,
        "researchAndDevelopmentExpenses": 0,
        "generalAndAdministrativeExpenses": 0,
        "sellingAndMarketingExpenses": 0,
        "sellingGeneralAndAdministrativeExpenses": 3000000,
        "otherExpenses": 25400000,
        "operatingExpenses": 28400000,
        "costAndExpenses": 35600000,
        "interestIncome": 0,
        "interestExpense": 900000,
        "depreciationAndAmortization": 25400000,
        "ebitda": 39700000,
        "ebitdaratio": 0.7955911824,
        "operatingIncome": 14300000,
        "operatingIncomeRatio": 0.2865731463,
        "totalOtherIncomeExpensesNet": -900000,
        "incomeBeforeTax": 13400000,
        "incomeBeforeTaxRatio": 0.2685370741,
        "incomeTaxExpense": 4700000,
        "netIncome": 8700000,
        "netIncomeRatio": 0.1743486974,
        "eps": 0.12,
        "epsdiluted": 0.12,
        "weightedAverageShsOut": 71758000,
        "weightedAverageShsOutDil": 71758000,
        "link": "",
        "finalLink": ""
    },
    {
        "date": "1997-06-30",
        "symbol": "NFX",
        "reportedCurrency": "USD",
        "cik": "0000000000",
        "fillingDate": "1997-06-30",
        "acceptedDate": "1997-06-29 20:00:00",
        "calendarYear": "1997",
        "period": "Q2",
        "revenue": 42300000,
        "costOfRevenue": 5000000,
        "grossProfit": 37300000,
        "grossProfitRatio": 0.8817966903,
        "researchAndDevelopmentExpenses": 0,
        "generalAndAdministrativeExpenses": 0,
        "sellingAndMarketingExpenses": 0,
        "sellingGeneralAndAdministrativeExpenses": 2900000,
        "otherExpenses": 22200000,
        "operatingExpenses": 25100000,
        "costAndExpenses": 30100000,
        "interestIncome": 0,
        "interestExpense": 500000,
        "depreciationAndAmortization": 22200000,
        "ebitda": 34700000,
        "ebitdaratio": 0.8203309693,
        "operatingIncome": 12200000,
        "operatingIncomeRatio": 0.2884160757,
        "totalOtherIncomeExpensesNet": -200000,
        "incomeBeforeTax": 12000000,
        "incomeBeforeTaxRatio": 0.2836879433,
        "incomeTaxExpense": 4200000,
        "netIncome": 7800000,
        "netIncomeRatio": 0.1843971631,
        "eps": 0.11,
        "epsdiluted": 0.11,
        "weightedAverageShsOut": 71356000,
        "weightedAverageShsOutDil": 71356000,
        "link": "",
        "finalLink": ""
    },
    {
        "date": "1997-03-31",
        "symbol": "NFX",
        "reportedCurrency": "USD",
        "cik": "0000000000",
        "fillingDate": "1997-03-31",
        "acceptedDate": "1997-03-30 19:00:00",
        "calendarYear": "1997",
        "period": "Q1",
        "revenue": 46900000,
        "costOfRevenue": 5600000,
        "grossProfit": 41300000,
        "grossProfitRatio": 0.8805970149,
        "researchAndDevelopmentExpenses": 0,
        "generalAndAdministrativeExpenses": 0,
        "sellingAndMarketingExpenses": 0,
        "sellingGeneralAndAdministrativeExpenses": 3400000,
        "otherExpenses": 19800000,
        "operatingExpenses": 23200000,
        "costAndExpenses": 28800000,
        "interestIncome": 0,
        "interestExpense": 300000,
        "depreciationAndAmortization": 19800000,
        "ebitda": 38400000,
        "ebitdaratio": 0.8187633262,
        "operatingIncome": 18100000,
        "operatingIncomeRatio": 0.3859275053,
        "totalOtherIncomeExpensesNet": 200000,
        "incomeBeforeTax": 18300000,
        "incomeBeforeTaxRatio": 0.3901918977,
        "incomeTaxExpense": 6400000,
        "netIncome": 11900000,
        "netIncomeRatio": 0.2537313433,
        "eps": 0.17,
        "epsdiluted": 0.17,
        "weightedAverageShsOut": 70704000,
        "weightedAverageShsOutDil": 70704000,
        "link": "",
        "finalLink": ""
    },
    {
        "date": "1996-12-31",
        "symbol": "NFX",
        "reportedCurrency": "USD",
        "cik": "0000000000",
        "fillingDate": "1996-12-31",
        "acceptedDate": "1996-12-30 19:00:00",
        "calendarYear": "1996",
        "period": "Q4",
        "revenue": 47456000,
        "costOfRevenue": -12100000,
        "grossProfit": 59556000,
        "grossProfitRatio": 1.2549730276,
        "researchAndDevelopmentExpenses": 0,
        "generalAndAdministrativeExpenses": 0,
        "sellingAndMarketingExpenses": 0,
        "sellingGeneralAndAdministrativeExpenses": 2695000,
        "otherExpenses": 35472000,
        "operatingExpenses": 38167000,
        "costAndExpenses": 26067000,
        "interestIncome": 0,
        "interestExpense": 0,
        "depreciationAndAmortization": 18526000,
        "ebitda": 40012000,
        "ebitdaratio": 0.8431389076,
        "operatingIncome": 21389000,
        "operatingIncomeRatio": 0.4507122387,
        "totalOtherIncomeExpensesNet": 97000,
        "incomeBeforeTax": 21486000,
        "incomeBeforeTaxRatio": 0.4527562374,
        "incomeTaxExpense": 7592000,
        "netIncome": 13894000,
        "netIncomeRatio": 0.2927764666,
        "eps": 0.2,
        "epsdiluted": 0.2,
        "weightedAverageShsOut": 70704000,
        "weightedAverageShsOutDil": 70704000,
        "link": "",
        "finalLink": ""
    },
    {
        "date": "1996-09-30",
        "symbol": "NFX",
        "reportedCurrency": "USD",
        "cik": "0000000000",
        "fillingDate": "1996-09-30",
        "acceptedDate": "1996-09-29 20:00:00",
        "calendarYear": "1996",
        "period": "Q3",
        "revenue": 35800000,
        "costOfRevenue": 4700000,
        "grossProfit": 31100000,
        "grossProfitRatio": 0.8687150838,
        "researchAndDevelopmentExpenses": 0,
        "generalAndAdministrativeExpenses": 0,
        "sellingAndMarketingExpenses": 0,
        "sellingGeneralAndAdministrativeExpenses": 1800000,
        "otherExpenses": 16200000,
        "operatingExpenses": 18000000,
        "costAndExpenses": 22700000,
        "interestIncome": 0,
        "interestExpense": 100000,
        "depreciationAndAmortization": 16200000,
        "ebitda": 29700000,
        "ebitdaratio": 0.8296089385,
        "operatingIncome": 13100000,
        "operatingIncomeRatio": 0.3659217877,
        "totalOtherIncomeExpensesNet": 300000,
        "incomeBeforeTax": 13400000,
        "incomeBeforeTaxRatio": 0.374301676,
        "incomeTaxExpense": 4700000,
        "netIncome": 8700000,
        "netIncomeRatio": 0.2430167598,
        "eps": 0.12,
        "epsdiluted": 0.12,
        "weightedAverageShsOut": 70132000,
        "weightedAverageShsOutDil": 70132000,
        "link": "",
        "finalLink": ""
    },
    {
        "date": "1996-06-30",
        "symbol": "NFX",
        "reportedCurrency": "USD",
        "cik": "0000000000",
        "fillingDate": "1996-06-30",
        "acceptedDate": "1996-06-29 20:00:00",
        "calendarYear": "1996",
        "period": "Q2",
        "revenue": 33000000,
        "costOfRevenue": 4100000,
        "grossProfit": 28900000,
        "grossProfitRatio": 0.8757575758,
        "researchAndDevelopmentExpenses": 0,
        "generalAndAdministrativeExpenses": 0,
        "sellingAndMarketingExpenses": 0,
        "sellingGeneralAndAdministrativeExpenses": 2200000,
        "otherExpenses": 14600000,
        "operatingExpenses": 16800000,
        "costAndExpenses": 20900000,
        "interestIncome": 0,
        "interestExpense": 100000,
        "depreciationAndAmortization": 14600000,
        "ebitda": 26900000,
        "ebitdaratio": 0.8151515152,
        "operatingIncome": 12100000,
        "operatingIncomeRatio": 0.3666666667,
        "totalOtherIncomeExpensesNet": 100000,
        "incomeBeforeTax": 12200000,
        "incomeBeforeTaxRatio": 0.3696969697,
        "incomeTaxExpense": 4300000,
        "netIncome": 7900000,
        "netIncomeRatio": 0.2393939394,
        "eps": 0.11,
        "epsdiluted": 0.11,
        "weightedAverageShsOut": 69876000,
        "weightedAverageShsOutDil": 69876000,
        "link": "",
        "finalLink": ""
    },
    {
        "date": "1996-03-31",
        "symbol": "NFX",
        "reportedCurrency": "USD",
        "cik": "0000000000",
        "fillingDate": "1996-03-31",
        "acceptedDate": "1996-03-30 19:00:00",
        "calendarYear": "1996",
        "period": "Q1",
        "revenue": 33000000,
        "costOfRevenue": 3300000,
        "grossProfit": 29700000,
        "grossProfitRatio": 0.9,
        "researchAndDevelopmentExpenses": 0,
        "generalAndAdministrativeExpenses": 0,
        "sellingAndMarketingExpenses": 0,
        "sellingGeneralAndAdministrativeExpenses": 2800000,
        "otherExpenses": 14700000,
        "operatingExpenses": 17500000,
        "costAndExpenses": 20800000,
        "interestIncome": 0,
        "interestExpense": 0,
        "depreciationAndAmortization": 14700000,
        "ebitda": 26900000,
        "ebitdaratio": 0.8151515152,
        "operatingIncome": 12200000,
        "operatingIncomeRatio": 0.3696969697,
        "totalOtherIncomeExpensesNet": 0,
        "incomeBeforeTax": 12200000,
        "incomeBeforeTaxRatio": 0.3696969697,
        "incomeTaxExpense": 4300000,
        "netIncome": 7900000,
        "netIncomeRatio": 0.2393939394,
        "eps": 0.11,
        "epsdiluted": 0.11,
        "weightedAverageShsOut": 73568000,
        "weightedAverageShsOutDil": 73568000,
        "link": "",
        "finalLink": ""
    },
    {
        "date": "1995-12-31",
        "symbol": "NFX",
        "reportedCurrency": "USD",
        "cik": "0000000000",
        "fillingDate": "1995-12-31",
        "acceptedDate": "1995-12-30 19:00:00",
        "calendarYear": "1995",
        "period": "Q4",
        "revenue": 26100000,
        "costOfRevenue": 4200000,
        "grossProfit": 21900000,
        "grossProfitRatio": 0.8390804598,
        "researchAndDevelopmentExpenses": 0,
        "generalAndAdministrativeExpenses": 0,
        "sellingAndMarketingExpenses": 0,
        "sellingGeneralAndAdministrativeExpenses": 1400000,
        "otherExpenses": 13400000,
        "operatingExpenses": 14800000,
        "costAndExpenses": 19000000,
        "interestIncome": 0,
        "interestExpense": 0,
        "depreciationAndAmortization": 13400000,
        "ebitda": 20500000,
        "ebitdaratio": 0.785440613,
        "operatingIncome": 7100000,
        "operatingIncomeRatio": 0.2720306513,
        "totalOtherIncomeExpensesNet": 0,
        "incomeBeforeTax": 7100000,
        "incomeBeforeTaxRatio": 0.2720306513,
        "incomeTaxExpense": 2400000,
        "netIncome": 4700000,
        "netIncomeRatio": 0.1800766284,
        "eps": 0.0639,
        "epsdiluted": 0.0639,
        "weightedAverageShsOut": 73568000,
        "weightedAverageShsOutDil": 73568000,
        "link": "",
        "finalLink": ""
    },
    {
        "date": "1995-09-30",
        "symbol": "NFX",
        "reportedCurrency": "USD",
        "cik": "0000000000",
        "fillingDate": "1995-09-30",
        "acceptedDate": "1995-09-29 20:00:00",
        "calendarYear": "1995",
        "period": "Q3",
        "revenue": 24600000,
        "costOfRevenue": 3700000,
        "grossProfit": 20900000,
        "grossProfitRatio": 0.8495934959,
        "researchAndDevelopmentExpenses": 0,
        "generalAndAdministrativeExpenses": 0,
        "sellingAndMarketingExpenses": 0,
        "sellingGeneralAndAdministrativeExpenses": 1800000,
        "otherExpenses": 13500000,
        "operatingExpenses": 15300000,
        "costAndExpenses": 19000000,
        "interestIncome": 0,
        "interestExpense": 0,
        "depreciationAndAmortization": 13500000,
        "ebitda": 19300000,
        "ebitdaratio": 0.7845528455,
        "operatingIncome": 5600000,
        "operatingIncomeRatio": 0.2276422764,
        "totalOtherIncomeExpensesNet": 200000,
        "incomeBeforeTax": 5800000,
        "incomeBeforeTaxRatio": 0.2357723577,
        "incomeTaxExpense": 2000000,
        "netIncome": 3800000,
        "netIncomeRatio": 0.1544715447,
        "eps": 0.0519,
        "epsdiluted": 0.0519,
        "weightedAverageShsOut": 73196000,
        "weightedAverageShsOutDil": 73196000,
        "link": "",
        "finalLink": ""
    },
    {
        "date": "1995-06-30",
        "symbol": "NFX",
        "reportedCurrency": "USD",
        "cik": "0000000000",
        "fillingDate": "1995-06-30",
        "acceptedDate": "1995-06-29 20:00:00",
        "calendarYear": "1995",
        "period": "Q2",
        "revenue": 24800000,
        "costOfRevenue": 3700000,
        "grossProfit": 21100000,
        "grossProfitRatio": 0.8508064516,
        "researchAndDevelopmentExpenses": 0,
        "generalAndAdministrativeExpenses": 0,
        "sellingAndMarketingExpenses": 0,
        "sellingGeneralAndAdministrativeExpenses": 1500000,
        "otherExpenses": 12900000,
        "operatingExpenses": 14400000,
        "costAndExpenses": 18100000,
        "interestIncome": 0,
        "interestExpense": 100000,
        "depreciationAndAmortization": 12900000,
        "ebitda": 19800000,
        "ebitdaratio": 0.7983870968,
        "operatingIncome": 6700000,
        "operatingIncomeRatio": 0.2701612903,
        "totalOtherIncomeExpensesNet": 100000,
        "incomeBeforeTax": 6800000,
        "incomeBeforeTaxRatio": 0.2741935484,
        "incomeTaxExpense": 2400000,
        "netIncome": 4400000,
        "netIncomeRatio": 0.1774193548,
        "eps": 0.0645,
        "epsdiluted": 0.0645,
        "weightedAverageShsOut": 68256000,
        "weightedAverageShsOutDil": 68256000,
        "link": "",
        "finalLink": ""
    },
    {
        "date": "1995-03-31",
        "symbol": "NFX",
        "reportedCurrency": "USD",
        "cik": "0000000000",
        "fillingDate": "1995-03-31",
        "acceptedDate": "1995-03-30 19:00:00",
        "calendarYear": "1995",
        "period": "Q1",
        "revenue": 19000000,
        "costOfRevenue": 2600000,
        "grossProfit": 16400000,
        "grossProfitRatio": 0.8631578947,
        "researchAndDevelopmentExpenses": 0,
        "generalAndAdministrativeExpenses": 0,
        "sellingAndMarketingExpenses": 0,
        "sellingGeneralAndAdministrativeExpenses": 1500000,
        "otherExpenses": 10100000,
        "operatingExpenses": 11600000,
        "costAndExpenses": 14200000,
        "interestIncome": 0,
        "interestExpense": 100000,
        "depreciationAndAmortization": 10100000,
        "ebitda": 15400000,
        "ebitdaratio": 0.8105263158,
        "operatingIncome": 4800000,
        "operatingIncomeRatio": 0.2526315789,
        "totalOtherIncomeExpensesNet": 400000,
        "incomeBeforeTax": 5200000,
        "incomeBeforeTaxRatio": 0.2736842105,
        "incomeTaxExpense": 1800000,
        "netIncome": 3400000,
        "netIncomeRatio": 0.1789473684,
        "eps": 0.0509,
        "epsdiluted": 0.0509,
        "weightedAverageShsOut": 66784000,
        "weightedAverageShsOutDil": 66784000,
        "link": "",
        "finalLink": ""
    },
    {
        "date": "1994-12-31",
        "symbol": "NFX",
        "reportedCurrency": "USD",
        "cik": "0000000000",
        "fillingDate": "1994-12-31",
        "acceptedDate": "1994-12-30 19:00:00",
        "calendarYear": "1994",
        "period": "Q4",
        "revenue": 20500000,
        "costOfRevenue": 2700000,
        "grossProfit": 17800000,
        "grossProfitRatio": 0.8682926829,
        "researchAndDevelopmentExpenses": 0,
        "generalAndAdministrativeExpenses": 0,
        "sellingAndMarketingExpenses": 0,
        "sellingGeneralAndAdministrativeExpenses": 1400000,
        "otherExpenses": 10700000,
        "operatingExpenses": 12100000,
        "costAndExpenses": 14800000,
        "interestIncome": 0,
        "interestExpense": 100000,
        "depreciationAndAmortization": 10700000,
        "ebitda": 16600000,
        "ebitdaratio": 0.8097560976,
        "operatingIncome": 5700000,
        "operatingIncomeRatio": 0.2780487805,
        "totalOtherIncomeExpensesNet": 100000,
        "incomeBeforeTax": 5800000,
        "incomeBeforeTaxRatio": 0.2829268293,
        "incomeTaxExpense": 2100000,
        "netIncome": 3700000,
        "netIncomeRatio": 0.1804878049,
        "eps": 0.0554,
        "epsdiluted": 0.0554,
        "weightedAverageShsOut": 66784000,
        "weightedAverageShsOutDil": 66784000,
        "link": "",
        "finalLink": ""
    },
    {
        "date": "1994-09-30",
        "symbol": "NFX",
        "reportedCurrency": "USD",
        "cik": "0000000000",
        "fillingDate": "1994-09-30",
        "acceptedDate": "1994-09-29 20:00:00",
        "calendarYear": "1994",
        "period": "Q3",
        "revenue": 18900000,
        "costOfRevenue": 2400000,
        "grossProfit": 16500000,
        "grossProfitRatio": 0.873015873,
        "researchAndDevelopmentExpenses": 0,
        "generalAndAdministrativeExpenses": 0,
        "sellingAndMarketingExpenses": 0,
        "sellingGeneralAndAdministrativeExpenses": 600000,
        "otherExpenses": 9600000,
        "operatingExpenses": 10200000,
        "costAndExpenses": 12600000,
        "interestIncome": 0,
        "interestExpense": 300000,
        "depreciationAndAmortization": 9600000,
        "ebitda": 16500000,
        "ebitdaratio": 0.873015873,
        "operatingIncome": 6300000,
        "operatingIncomeRatio": 0.3333333333,
        "totalOtherIncomeExpensesNet": 300000,
        "incomeBeforeTax": 6600000,
        "incomeBeforeTaxRatio": 0.3492063492,
        "incomeTaxExpense": 2300000,
        "netIncome": 4300000,
        "netIncomeRatio": 0.2275132275,
        "eps": 0.0645,
        "epsdiluted": 0.0645,
        "weightedAverageShsOut": 66616000,
        "weightedAverageShsOutDil": 66616000,
        "link": "",
        "finalLink": ""
    },
    {
        "date": "1994-06-30",
        "symbol": "NFX",
        "reportedCurrency": "USD",
        "cik": "0000000000",
        "fillingDate": "1994-06-30",
        "acceptedDate": "1994-06-29 20:00:00",
        "calendarYear": "1994",
        "period": "Q2",
        "revenue": 16400000,
        "costOfRevenue": 2100000,
        "grossProfit": 14300000,
        "grossProfitRatio": 0.8719512195,
        "researchAndDevelopmentExpenses": 0,
        "generalAndAdministrativeExpenses": 0,
        "sellingAndMarketingExpenses": 0,
        "sellingGeneralAndAdministrativeExpenses": 1400000,
        "otherExpenses": 7700000,
        "operatingExpenses": 9100000,
        "costAndExpenses": 11200000,
        "interestIncome": 0,
        "interestExpense": 0,
        "depreciationAndAmortization": 7700000,
        "ebitda": 13200000,
        "ebitdaratio": 0.8048780488,
        "operatingIncome": 5200000,
        "operatingIncomeRatio": 0.3170731707,
        "totalOtherIncomeExpensesNet": 300000,
        "incomeBeforeTax": 5500000,
        "incomeBeforeTaxRatio": 0.3353658537,
        "incomeTaxExpense": 2100000,
        "netIncome": 3400000,
        "netIncomeRatio": 0.2073170732,
        "eps": 0.0512,
        "epsdiluted": 0.0512,
        "weightedAverageShsOut": 66348000,
        "weightedAverageShsOutDil": 66348000,
        "link": "",
        "finalLink": ""
    },
    {
        "date": "1994-03-31",
        "symbol": "NFX",
        "reportedCurrency": "USD",
        "cik": "0000000000",
        "fillingDate": "1994-03-31",
        "acceptedDate": "1994-03-30 19:00:00",
        "calendarYear": "1994",
        "period": "Q1",
        "revenue": 13900000,
        "costOfRevenue": 2400000,
        "grossProfit": 11500000,
        "grossProfitRatio": 0.8273381295,
        "researchAndDevelopmentExpenses": 0,
        "generalAndAdministrativeExpenses": 0,
        "sellingAndMarketingExpenses": 0,
        "sellingGeneralAndAdministrativeExpenses": 1500000,
        "otherExpenses": 6100000,
        "operatingExpenses": 7600000,
        "costAndExpenses": 10000000,
        "interestIncome": 0,
        "interestExpense": 0,
        "depreciationAndAmortization": 6100000,
        "ebitda": 10600000,
        "ebitdaratio": 0.7625899281,
        "operatingIncome": 3900000,
        "operatingIncomeRatio": 0.2805755396,
        "totalOtherIncomeExpensesNet": 600000,
        "incomeBeforeTax": 4500000,
        "incomeBeforeTaxRatio": 0.3237410072,
        "incomeTaxExpense": 1600000,
        "netIncome": 2900000,
        "netIncomeRatio": 0.2086330935,
        "eps": 0.0406,
        "epsdiluted": 0.0406,
        "weightedAverageShsOut": 71476000,
        "weightedAverageShsOutDil": 71476000,
        "link": "",
        "finalLink": ""
    },
    {
        "date": "1993-12-31",
        "symbol": "NFX",
        "reportedCurrency": "USD",
        "cik": "0000000000",
        "fillingDate": "1993-12-31",
        "acceptedDate": "1993-12-30 19:00:00",
        "calendarYear": "1993",
        "period": "Q4",
        "revenue": 16700000,
        "costOfRevenue": 2100000,
        "grossProfit": 14600000,
        "grossProfitRatio": 0.874251497,
        "researchAndDevelopmentExpenses": 0,
        "generalAndAdministrativeExpenses": 0,
        "sellingAndMarketingExpenses": 0,
        "sellingGeneralAndAdministrativeExpenses": 1400000,
        "otherExpenses": 7300000,
        "operatingExpenses": 8700000,
        "costAndExpenses": 10800000,
        "interestIncome": 0,
        "interestExpense": 0,
        "depreciationAndAmortization": 7300000,
        "ebitda": 13600000,
        "ebitdaratio": 0.8143712575,
        "operatingIncome": 5900000,
        "operatingIncomeRatio": 0.3532934132,
        "totalOtherIncomeExpensesNet": 400000,
        "incomeBeforeTax": 6300000,
        "incomeBeforeTaxRatio": 0.377245509,
        "incomeTaxExpense": 2300000,
        "netIncome": 4000000,
        "netIncomeRatio": 0.2395209581,
        "eps": 0.018,
        "epsdiluted": 0.018,
        "weightedAverageShsOut": 222608696,
        "weightedAverageShsOutDil": 222608696,
        "link": "",
        "finalLink": ""
    },
    {
        "date": "1993-09-30",
        "symbol": "NFX",
        "reportedCurrency": "USD",
        "cik": "0000000000",
        "fillingDate": "1993-09-30",
        "acceptedDate": "1993-09-29 20:00:00",
        "calendarYear": "1993",
        "period": "Q3",
        "revenue": 14200000,
        "costOfRevenue": 1700000,
        "grossProfit": 12500000,
        "grossProfitRatio": 0.8802816901,
        "researchAndDevelopmentExpenses": 0,
        "generalAndAdministrativeExpenses": 0,
        "sellingAndMarketingExpenses": 0,
        "sellingGeneralAndAdministrativeExpenses": 1100000,
        "otherExpenses": 5700000,
        "operatingExpenses": 6800000,
        "costAndExpenses": 8500000,
        "interestIncome": 0,
        "interestExpense": 0,
        "depreciationAndAmortization": 5700000,
        "ebitda": 11600000,
        "ebitdaratio": 0.8169014085,
        "operatingIncome": 5700000,
        "operatingIncomeRatio": 0.4014084507,
        "totalOtherIncomeExpensesNet": 200000,
        "incomeBeforeTax": 5900000,
        "incomeBeforeTaxRatio": 0.4154929577,
        "incomeTaxExpense": 2200000,
        "netIncome": 3700000,
        "netIncomeRatio": 0.2605633803,
        "eps": 0.0166,
        "epsdiluted": 0.0166,
        "weightedAverageShsOut": 222608696,
        "weightedAverageShsOutDil": 222608696,
        "link": "",
        "finalLink": ""
    },
    {
        "date": "1993-06-30",
        "symbol": "NFX",
        "reportedCurrency": "USD",
        "cik": "0000000000",
        "fillingDate": "1993-06-30",
        "acceptedDate": "1993-06-29 20:00:00",
        "calendarYear": "1993",
        "period": "Q2",
        "revenue": 16400000,
        "costOfRevenue": 0,
        "grossProfit": 16400000,
        "grossProfitRatio": 1,
        "researchAndDevelopmentExpenses": 0,
        "generalAndAdministrativeExpenses": 0,
        "sellingAndMarketingExpenses": 0,
        "sellingGeneralAndAdministrativeExpenses": 0,
        "otherExpenses": 0,
        "operatingExpenses": 0,
        "costAndExpenses": 0,
        "interestIncome": 0,
        "interestExpense": 0,
        "depreciationAndAmortization": -12900000,
        "ebitda": 3500000,
        "ebitdaratio": 0.2134146341,
        "operatingIncome": 16400000,
        "operatingIncomeRatio": 1,
        "totalOtherIncomeExpensesNet": 0,
        "incomeBeforeTax": 0,
        "incomeBeforeTaxRatio": 0,
        "incomeTaxExpense": 12900000,
        "netIncome": 3500000,
        "netIncomeRatio": 0.2134146341,
        "eps": 0.015,
        "epsdiluted": 0.015,
        "weightedAverageShsOut": 233333333,
        "weightedAverageShsOutDil": 233333333,
        "link": "",
        "finalLink": ""
    },
    {
        "date": "1993-03-31",
        "symbol": "NFX",
        "reportedCurrency": "USD",
        "cik": "0000000000",
        "fillingDate": "1993-03-31",
        "acceptedDate": "1993-03-30 19:00:00",
        "calendarYear": "1993",
        "period": "Q1",
        "revenue": 12900000,
        "costOfRevenue": 0,
        "grossProfit": 12900000,
        "grossProfitRatio": 1,
        "researchAndDevelopmentExpenses": 0,
        "generalAndAdministrativeExpenses": 0,
        "sellingAndMarketingExpenses": 0,
        "sellingGeneralAndAdministrativeExpenses": 0,
        "otherExpenses": 0,
        "operatingExpenses": 0,
        "costAndExpenses": 0,
        "interestIncome": 0,
        "interestExpense": 0,
        "depreciationAndAmortization": -10000000,
        "ebitda": 2900000,
        "ebitdaratio": 0.2248062016,
        "operatingIncome": 12900000,
        "operatingIncomeRatio": 1,
        "totalOtherIncomeExpensesNet": 0,
        "incomeBeforeTax": 0,
        "incomeBeforeTaxRatio": 0,
        "incomeTaxExpense": 10000000,
        "netIncome": 2900000,
        "netIncomeRatio": 0.2248062016,
        "eps": 0.0137,
        "epsdiluted": 0.0137,
        "weightedAverageShsOut": 210909091,
        "weightedAverageShsOutDil": 210909091,
        "link": "",
        "finalLink": ""
    },
    {
        "date": "1992-12-31",
        "symbol": "NFX",
        "reportedCurrency": "USD",
        "cik": "0000000000",
        "fillingDate": "1992-12-31",
        "acceptedDate": "1992-12-30 19:00:00",
        "calendarYear": "1992",
        "period": "Q4",
        "revenue": 15600000,
        "costOfRevenue": 0,
        "grossProfit": 15600000,
        "grossProfitRatio": 1,
        "researchAndDevelopmentExpenses": 0,
        "generalAndAdministrativeExpenses": 0,
        "sellingAndMarketingExpenses": 0,
        "sellingGeneralAndAdministrativeExpenses": 0,
        "otherExpenses": -24900000,
        "operatingExpenses": -24900000,
        "costAndExpenses": -24900000,
        "interestIncome": 0,
        "interestExpense": 0,
        "depreciationAndAmortization": 14300000,
        "ebitda": 5000000,
        "ebitdaratio": 0.3205128205,
        "operatingIncome": -9300000,
        "operatingIncomeRatio": -0.5961538462,
        "totalOtherIncomeExpensesNet": 0,
        "incomeBeforeTax": 0,
        "incomeBeforeTaxRatio": 0,
        "incomeTaxExpense": -14300000,
        "netIncome": 5000000,
        "netIncomeRatio": 0.3205128205,
        "eps": 0.0237,
        "epsdiluted": 0.0237,
        "weightedAverageShsOut": 210909091,
        "weightedAverageShsOutDil": 210909091,
        "link": "",
        "finalLink": ""
    },
    {
        "date": "1992-09-30",
        "symbol": "NFX",
        "reportedCurrency": "USD",
        "cik": "0000000000",
        "fillingDate": "1992-09-30",
        "acceptedDate": "1992-09-29 20:00:00",
        "calendarYear": "1992",
        "period": "Q3",
        "revenue": 9400000,
        "costOfRevenue": 0,
        "grossProfit": 9400000,
        "grossProfitRatio": 1,
        "researchAndDevelopmentExpenses": 0,
        "generalAndAdministrativeExpenses": 0,
        "sellingAndMarketingExpenses": 0,
        "sellingGeneralAndAdministrativeExpenses": 0,
        "otherExpenses": 0,
        "operatingExpenses": 0,
        "costAndExpenses": 0,
        "interestIncome": 0,
        "interestExpense": 0,
        "depreciationAndAmortization": -7500000,
        "ebitda": 1900000,
        "ebitdaratio": 0.2021276596,
        "operatingIncome": 9400000,
        "operatingIncomeRatio": 1,
        "totalOtherIncomeExpensesNet": 0,
        "incomeBeforeTax": 0,
        "incomeBeforeTaxRatio": 0,
        "incomeTaxExpense": 7500000,
        "netIncome": 1900000,
        "netIncomeRatio": 0.2021276596,
        "eps": 0.0088,
        "epsdiluted": 0.0088,
        "weightedAverageShsOut": 217142857,
        "weightedAverageShsOutDil": 217142857,
        "link": "",
        "finalLink": ""
    },
    {
        "date": "1992-06-30",
        "symbol": "NFX",
        "reportedCurrency": "USD",
        "cik": "0000000000",
        "fillingDate": "1992-06-30",
        "acceptedDate": "1992-06-29 20:00:00",
        "calendarYear": "1992",
        "period": "Q2",
        "revenue": 7700000,
        "costOfRevenue": 0,
        "grossProfit": 7700000,
        "grossProfitRatio": 1,
        "researchAndDevelopmentExpenses": 0,
        "generalAndAdministrativeExpenses": 0,
        "sellingAndMarketingExpenses": 0,
        "sellingGeneralAndAdministrativeExpenses": 0,
        "otherExpenses": 0,
        "operatingExpenses": 0,
        "costAndExpenses": 0,
        "interestIncome": 0,
        "interestExpense": 0,
        "depreciationAndAmortization": -5500000,
        "ebitda": 2200000,
        "ebitdaratio": 0.2857142857,
        "operatingIncome": 7700000,
        "operatingIncomeRatio": 1,
        "totalOtherIncomeExpensesNet": 0,
        "incomeBeforeTax": 0,
        "incomeBeforeTaxRatio": 0,
        "incomeTaxExpense": 5500000,
        "netIncome": 2200000,
        "netIncomeRatio": 0.2857142857,
        "eps": 0.0112,
        "epsdiluted": 0.0112,
        "weightedAverageShsOut": 195555556,
        "weightedAverageShsOutDil": 195555556,
        "link": "",
        "finalLink": ""
    },
    {
        "date": "1992-03-31",
        "symbol": "NFX",
        "reportedCurrency": "USD",
        "cik": "0000000000",
        "fillingDate": "1992-03-31",
        "acceptedDate": "1992-03-30 19:00:00",
        "calendarYear": "1992",
        "period": "Q1",
        "revenue": 8700000,
        "costOfRevenue": 0,
        "grossProfit": 8700000,
        "grossProfitRatio": 1,
        "researchAndDevelopmentExpenses": 0,
        "generalAndAdministrativeExpenses": 0,
        "sellingAndMarketingExpenses": 0,
        "sellingGeneralAndAdministrativeExpenses": 0,
        "otherExpenses": 0,
        "operatingExpenses": 0,
        "costAndExpenses": 0,
        "interestIncome": 0,
        "interestExpense": 0,
        "depreciationAndAmortization": -6600000,
        "ebitda": 2100000,
        "ebitdaratio": 0.2413793103,
        "operatingIncome": 8700000,
        "operatingIncomeRatio": 1,
        "totalOtherIncomeExpensesNet": 0,
        "incomeBeforeTax": 0,
        "incomeBeforeTaxRatio": 0,
        "incomeTaxExpense": 6600000,
        "netIncome": 2100000,
        "netIncomeRatio": 0.2413793103,
        "eps": 0.01,
        "epsdiluted": 0.01,
        "weightedAverageShsOut": 210000000,
        "weightedAverageShsOutDil": 210000000,
        "link": "",
        "finalLink": ""
    }
]