[
    {
        "date": "2025-09-30",
        "symbol": "NWL",
        "reportedCurrency": "USD",
        "cik": "0000814453",
        "fillingDate": "2025-10-31",
        "acceptedDate": "2025-10-31 16:00:57",
        "calendarYear": "2025",
        "period": "Q3",
        "revenue": 1806000000,
        "costOfRevenue": 1190000000,
        "grossProfit": 616000000,
        "grossProfitRatio": 0.3410852713,
        "researchAndDevelopmentExpenses": 0,
        "generalAndAdministrativeExpenses": 0,
        "sellingAndMarketingExpenses": 0,
        "sellingGeneralAndAdministrativeExpenses": 492000000,
        "otherExpenses": 0,
        "operatingExpenses": 492000000,
        "costAndExpenses": 1682000000,
        "interestIncome": 0,
        "interestExpense": 83000000,
        "depreciationAndAmortization": 0,
        "ebitda": 125000000,
        "ebitdaratio": 0.069213732,
        "operatingIncome": 124000000,
        "operatingIncomeRatio": 0.0686600221,
        "totalOtherIncomeExpensesNet": 0,
        "incomeBeforeTax": 42000000,
        "incomeBeforeTaxRatio": 0.023255814,
        "incomeTaxExpense": 21000000,
        "netIncome": 21000000,
        "netIncomeRatio": 0.011627907,
        "eps": 0.05,
        "epsdiluted": 0.05,
        "weightedAverageShsOut": 419100000,
        "weightedAverageShsOutDil": 423500000,
        "link": "https://www.sec.gov/Archives/edgar/data/814453/000081445325000107/0000814453-25-000107-index.htm",
        "finalLink": "https://www.sec.gov/Archives/edgar/data/814453/000081445325000107/nwl-20250930.htm"
    },
    {
        "date": "2025-06-30",
        "symbol": "NWL",
        "reportedCurrency": "USD",
        "cik": "0000814453",
        "fillingDate": "2025-08-01",
        "acceptedDate": "2025-08-01 09:15:54",
        "calendarYear": "2025",
        "period": "Q2",
        "revenue": 1935000000,
        "costOfRevenue": 1249000000,
        "grossProfit": 686000000,
        "grossProfitRatio": 0.3545219638,
        "researchAndDevelopmentExpenses": 0,
        "generalAndAdministrativeExpenses": 0,
        "sellingAndMarketingExpenses": 0,
        "sellingGeneralAndAdministrativeExpenses": 503000000,
        "otherExpenses": 0,
        "operatingExpenses": 503000000,
        "costAndExpenses": 1752000000,
        "interestIncome": 0,
        "interestExpense": 82000000,
        "depreciationAndAmortization": 79000000,
        "ebitda": 232000000,
        "ebitdaratio": 0.1198966408,
        "operatingIncome": 183000000,
        "operatingIncomeRatio": 0.0945736434,
        "totalOtherIncomeExpensesNet": -112000000,
        "incomeBeforeTax": 71000000,
        "incomeBeforeTaxRatio": 0.0366925065,
        "incomeTaxExpense": 25000000,
        "netIncome": 46000000,
        "netIncomeRatio": 0.0237726098,
        "eps": 0.11,
        "epsdiluted": 0.11,
        "weightedAverageShsOut": 417800000,
        "weightedAverageShsOutDil": 420900000,
        "link": "https://www.sec.gov/Archives/edgar/data/814453/000081445325000097/0000814453-25-000097-index.htm",
        "finalLink": "https://www.sec.gov/Archives/edgar/data/814453/000081445325000097/nwl-20250630.htm"
    },
    {
        "date": "2025-03-31",
        "symbol": "NWL",
        "reportedCurrency": "USD",
        "cik": "0000814453",
        "fillingDate": "2025-04-30",
        "acceptedDate": "2025-04-30 09:22:02",
        "calendarYear": "2025",
        "period": "Q1",
        "revenue": 1566000000,
        "costOfRevenue": 1063000000,
        "grossProfit": 503000000,
        "grossProfitRatio": 0.3212005109,
        "researchAndDevelopmentExpenses": 0,
        "generalAndAdministrativeExpenses": 0,
        "sellingAndMarketingExpenses": 0,
        "sellingGeneralAndAdministrativeExpenses": 471000000,
        "otherExpenses": 11000000,
        "operatingExpenses": 482000000,
        "costAndExpenses": 1545000000,
        "interestIncome": 0,
        "interestExpense": 72000000,
        "depreciationAndAmortization": 4000000,
        "ebitda": 21000000,
        "ebitdaratio": 0.0134099617,
        "operatingIncome": 21000000,
        "operatingIncomeRatio": 0.0134099617,
        "totalOtherIncomeExpensesNet": -76000000,
        "incomeBeforeTax": -55000000,
        "incomeBeforeTaxRatio": -0.0351213282,
        "incomeTaxExpense": -18000000,
        "netIncome": -37000000,
        "netIncomeRatio": -0.0236270754,
        "eps": -0.0888,
        "epsdiluted": -0.0888,
        "weightedAverageShsOut": 416800000,
        "weightedAverageShsOutDil": 416800000,
        "link": "https://www.sec.gov/Archives/edgar/data/814453/000081445325000050/0000814453-25-000050-index.htm",
        "finalLink": "https://www.sec.gov/Archives/edgar/data/814453/000081445325000050/nwl-20250331.htm"
    },
    {
        "date": "2024-12-31",
        "symbol": "NWL",
        "reportedCurrency": "USD",
        "cik": "0000814453",
        "fillingDate": "2025-02-14",
        "acceptedDate": "2025-02-14 16:30:56",
        "calendarYear": "2024",
        "period": "Q4",
        "revenue": 1949000000,
        "costOfRevenue": 1283000000,
        "grossProfit": 666000000,
        "grossProfitRatio": 0.3417136993,
        "researchAndDevelopmentExpenses": 123000000,
        "generalAndAdministrativeExpenses": 13000000,
        "sellingAndMarketingExpenses": 417000000,
        "sellingGeneralAndAdministrativeExpenses": 430000000,
        "otherExpenses": 104000000,
        "operatingExpenses": 657000000,
        "costAndExpenses": 1940000000,
        "interestIncome": 0,
        "interestExpense": 72000000,
        "depreciationAndAmortization": 78000000,
        "ebitda": 71000000,
        "ebitdaratio": 0.0364289379,
        "operatingIncome": 9000000,
        "operatingIncomeRatio": 0.0046177527,
        "totalOtherIncomeExpensesNet": -88000000,
        "incomeBeforeTax": -79000000,
        "incomeBeforeTaxRatio": -0.040533607,
        "incomeTaxExpense": -25000000,
        "netIncome": -54000000,
        "netIncomeRatio": -0.0277065162,
        "eps": -0.13,
        "epsdiluted": -0.13,
        "weightedAverageShsOut": 416100000,
        "weightedAverageShsOutDil": 416100000,
        "link": "https://www.sec.gov/Archives/edgar/data/814453/000081445325000008/0000814453-25-000008-index.htm",
        "finalLink": "https://www.sec.gov/Archives/edgar/data/814453/000081445325000008/nwl-20241231.htm"
    },
    {
        "date": "2024-09-30",
        "symbol": "NWL",
        "reportedCurrency": "USD",
        "cik": "0000814453",
        "fillingDate": "2024-10-25",
        "acceptedDate": "2024-10-25 16:48:36",
        "calendarYear": "2024",
        "period": "Q3",
        "revenue": 1947000000,
        "costOfRevenue": 1268000000,
        "grossProfit": 679000000,
        "grossProfitRatio": 0.3487416538,
        "researchAndDevelopmentExpenses": 0,
        "generalAndAdministrativeExpenses": 0,
        "sellingAndMarketingExpenses": 0,
        "sellingGeneralAndAdministrativeExpenses": 536000000,
        "otherExpenses": 264000000,
        "operatingExpenses": 800000000,
        "costAndExpenses": 2068000000,
        "interestIncome": 0,
        "interestExpense": 75000000,
        "depreciationAndAmortization": 81000000,
        "ebitda": -50000000,
        "ebitdaratio": -0.0256805342,
        "operatingIncome": -121000000,
        "operatingIncomeRatio": -0.0621468927,
        "totalOtherIncomeExpensesNet": -84000000,
        "incomeBeforeTax": -205000000,
        "incomeBeforeTaxRatio": -0.10529019,
        "incomeTaxExpense": -7000000,
        "netIncome": -198000000,
        "netIncomeRatio": -0.1016949153,
        "eps": -0.48,
        "epsdiluted": -0.48,
        "weightedAverageShsOut": 416000000,
        "weightedAverageShsOutDil": 416000000,
        "link": "https://www.sec.gov/Archives/edgar/data/814453/000081445324000115/0000814453-24-000115-index.htm",
        "finalLink": "https://www.sec.gov/Archives/edgar/data/814453/000081445324000115/nwl-20240930.htm"
    },
    {
        "date": "2024-06-30",
        "symbol": "NWL",
        "reportedCurrency": "USD",
        "cik": "0000814453",
        "fillingDate": "2024-07-26",
        "acceptedDate": "2024-07-26 16:06:44",
        "calendarYear": "2024",
        "period": "Q2",
        "revenue": 2033000000,
        "costOfRevenue": 1327000000,
        "grossProfit": 706000000,
        "grossProfitRatio": 0.3472700443,
        "researchAndDevelopmentExpenses": 0,
        "generalAndAdministrativeExpenses": 0,
        "sellingAndMarketingExpenses": 0,
        "sellingGeneralAndAdministrativeExpenses": 517000000,
        "otherExpenses": 26000000,
        "operatingExpenses": 543000000,
        "costAndExpenses": 1870000000,
        "interestIncome": 0,
        "interestExpense": 78000000,
        "depreciationAndAmortization": 79000000,
        "ebitda": 270000000,
        "ebitdaratio": 0.1328086572,
        "operatingIncome": 163000000,
        "operatingIncomeRatio": 0.0801770782,
        "totalOtherIncomeExpensesNet": -79000000,
        "incomeBeforeTax": 84000000,
        "incomeBeforeTaxRatio": 0.0413182489,
        "incomeTaxExpense": 39000000,
        "netIncome": 45000000,
        "netIncomeRatio": 0.0221347762,
        "eps": 0.11,
        "epsdiluted": 0.11,
        "weightedAverageShsOut": 415200000,
        "weightedAverageShsOutDil": 418200000,
        "link": "https://www.sec.gov/Archives/edgar/data/814453/000081445324000106/0000814453-24-000106-index.htm",
        "finalLink": "https://www.sec.gov/Archives/edgar/data/814453/000081445324000106/nwl-20240630.htm"
    },
    {
        "date": "2024-03-31",
        "symbol": "NWL",
        "reportedCurrency": "USD",
        "cik": "0000814453",
        "fillingDate": "2024-04-26",
        "acceptedDate": "2024-04-26 16:00:53",
        "calendarYear": "2024",
        "period": "Q1",
        "revenue": 1653000000,
        "costOfRevenue": 1138000000,
        "grossProfit": 512000000,
        "grossProfitRatio": 0.3097398669,
        "researchAndDevelopmentExpenses": 0,
        "generalAndAdministrativeExpenses": 0,
        "sellingAndMarketingExpenses": 0,
        "sellingGeneralAndAdministrativeExpenses": 457000000,
        "otherExpenses": 39000000,
        "operatingExpenses": 496000000,
        "costAndExpenses": 1637000000,
        "interestIncome": 0,
        "interestExpense": 70000000,
        "depreciationAndAmortization": 85000000,
        "ebitda": 94000000,
        "ebitdaratio": 0.0568663037,
        "operatingIncome": 16000000,
        "operatingIncomeRatio": 0.0096793708,
        "totalOtherIncomeExpensesNet": -76000000,
        "incomeBeforeTax": -60000000,
        "incomeBeforeTaxRatio": -0.0362976407,
        "incomeTaxExpense": -51000000,
        "netIncome": -9000000,
        "netIncomeRatio": -0.0054446461,
        "eps": -0.0217,
        "epsdiluted": -0.0217,
        "weightedAverageShsOut": 414700000,
        "weightedAverageShsOutDil": 414700000,
        "link": "https://www.sec.gov/Archives/edgar/data/814453/000081445324000058/0000814453-24-000058-index.htm",
        "finalLink": "https://www.sec.gov/Archives/edgar/data/814453/000081445324000058/nwl-20240331.htm"
    },
    {
        "date": "2023-12-31",
        "symbol": "NWL",
        "reportedCurrency": "USD",
        "cik": "0000814453",
        "fillingDate": "2024-02-21",
        "acceptedDate": "2024-02-20 18:02:20",
        "calendarYear": "2023",
        "period": "Q4",
        "revenue": 2076000000,
        "costOfRevenue": 1405000000,
        "grossProfit": 671000000,
        "grossProfitRatio": 0.3232177264,
        "researchAndDevelopmentExpenses": 117000000,
        "generalAndAdministrativeExpenses": 141000000,
        "sellingAndMarketingExpenses": 371000000,
        "sellingGeneralAndAdministrativeExpenses": 512000000,
        "otherExpenses": 39000000,
        "operatingExpenses": 668000000,
        "costAndExpenses": 2086000000,
        "interestIncome": 0,
        "interestExpense": 70000000,
        "depreciationAndAmortization": 94000000,
        "ebitda": -1000000,
        "ebitdaratio": -0.0004816956,
        "operatingIncome": -10000000,
        "operatingIncomeRatio": -0.0048169557,
        "totalOtherIncomeExpensesNet": -154000000,
        "incomeBeforeTax": -164000000,
        "incomeBeforeTaxRatio": -0.0789980732,
        "incomeTaxExpense": -78000000,
        "netIncome": -86000000,
        "netIncomeRatio": -0.0414258189,
        "eps": -0.21,
        "epsdiluted": -0.21,
        "weightedAverageShsOut": 414200000,
        "weightedAverageShsOutDil": 414200000,
        "link": "https://www.sec.gov/Archives/edgar/data/814453/000081445324000017/0000814453-24-000017-index.htm",
        "finalLink": "https://www.sec.gov/Archives/edgar/data/814453/000081445324000017/nwl-20231231.htm"
    },
    {
        "date": "2023-09-30",
        "symbol": "NWL",
        "reportedCurrency": "USD",
        "cik": "0000814453",
        "fillingDate": "2023-10-27",
        "acceptedDate": "2023-10-27 17:08:35",
        "calendarYear": "2023",
        "period": "Q3",
        "revenue": 2048000000,
        "costOfRevenue": 1427000000,
        "grossProfit": 639000000,
        "grossProfitRatio": 0.3120117188,
        "researchAndDevelopmentExpenses": 0,
        "generalAndAdministrativeExpenses": 0,
        "sellingAndMarketingExpenses": 0,
        "sellingGeneralAndAdministrativeExpenses": 501000000,
        "otherExpenses": 297000000,
        "operatingExpenses": 798000000,
        "costAndExpenses": 2207000000,
        "interestIncome": 0,
        "interestExpense": 69000000,
        "depreciationAndAmortization": 81000000,
        "ebitda": -150000000,
        "ebitdaratio": -0.0732421875,
        "operatingIncome": -159000000,
        "operatingIncomeRatio": -0.0776367187,
        "totalOtherIncomeExpensesNet": -139000000,
        "incomeBeforeTax": -298000000,
        "incomeBeforeTaxRatio": -0.1455078125,
        "incomeTaxExpense": -80000000,
        "netIncome": -218000000,
        "netIncomeRatio": -0.1064453125,
        "eps": -0.53,
        "epsdiluted": -0.53,
        "weightedAverageShsOut": 414200000,
        "weightedAverageShsOutDil": 414200000,
        "link": "https://www.sec.gov/Archives/edgar/data/814453/000081445323000148/0000814453-23-000148-index.htm",
        "finalLink": "https://www.sec.gov/Archives/edgar/data/814453/000081445323000148/nwl-20230930.htm"
    },
    {
        "date": "2023-06-30",
        "symbol": "NWL",
        "reportedCurrency": "USD",
        "cik": "0000814453",
        "fillingDate": "2023-07-28",
        "acceptedDate": "2023-07-28 16:47:22",
        "calendarYear": "2023",
        "period": "Q2",
        "revenue": 2204000000,
        "costOfRevenue": 1575000000,
        "grossProfit": 629000000,
        "grossProfitRatio": 0.2853901996,
        "researchAndDevelopmentExpenses": 0,
        "generalAndAdministrativeExpenses": 0,
        "sellingAndMarketingExpenses": 0,
        "sellingGeneralAndAdministrativeExpenses": 476000000,
        "otherExpenses": 0,
        "operatingExpenses": 476000000,
        "costAndExpenses": 2051000000,
        "interestIncome": 0,
        "interestExpense": 76000000,
        "depreciationAndAmortization": 78000000,
        "ebitda": 243000000,
        "ebitdaratio": 0.1102540835,
        "operatingIncome": 120000000,
        "operatingIncomeRatio": 0.054446461,
        "totalOtherIncomeExpensesNet": -85000000,
        "incomeBeforeTax": 35000000,
        "incomeBeforeTaxRatio": 0.0158802178,
        "incomeTaxExpense": 17000000,
        "netIncome": 18000000,
        "netIncomeRatio": 0.0081669691,
        "eps": 0.0435,
        "epsdiluted": 0.0433,
        "weightedAverageShsOut": 414200000,
        "weightedAverageShsOutDil": 415300000,
        "link": "https://www.sec.gov/Archives/edgar/data/814453/000081445323000139/0000814453-23-000139-index.htm",
        "finalLink": "https://www.sec.gov/Archives/edgar/data/814453/000081445323000139/nwl-20230630.htm"
    },
    {
        "date": "2023-03-31",
        "symbol": "NWL",
        "reportedCurrency": "USD",
        "cik": "0000814453",
        "fillingDate": "2023-04-28",
        "acceptedDate": "2023-04-28 16:00:48",
        "calendarYear": "2023",
        "period": "Q1",
        "revenue": 1805000000,
        "costOfRevenue": 1323000000,
        "grossProfit": 482000000,
        "grossProfitRatio": 0.2670360111,
        "researchAndDevelopmentExpenses": 0,
        "generalAndAdministrativeExpenses": 0,
        "sellingAndMarketingExpenses": 0,
        "sellingGeneralAndAdministrativeExpenses": 480000000,
        "otherExpenses": 0,
        "operatingExpenses": 480000000,
        "costAndExpenses": 1803000000,
        "interestIncome": 0,
        "interestExpense": 68000000,
        "depreciationAndAmortization": 81000000,
        "ebitda": 32000000,
        "ebitdaratio": 0.0177285319,
        "operatingIncome": -10000000,
        "operatingIncomeRatio": -0.0055401662,
        "totalOtherIncomeExpensesNet": -80000000,
        "incomeBeforeTax": -116000000,
        "incomeBeforeTaxRatio": -0.064265928,
        "incomeTaxExpense": -14000000,
        "netIncome": -102000000,
        "netIncomeRatio": -0.0565096953,
        "eps": -0.25,
        "epsdiluted": -0.25,
        "weightedAverageShsOut": 413900000,
        "weightedAverageShsOutDil": 413900000,
        "link": "https://www.sec.gov/Archives/edgar/data/814453/000081445323000068/0000814453-23-000068-index.htm",
        "finalLink": "https://www.sec.gov/Archives/edgar/data/814453/000081445323000068/nwl-20230331.htm"
    },
    {
        "date": "2022-12-31",
        "symbol": "NWL",
        "reportedCurrency": "USD",
        "cik": "0000814453",
        "fillingDate": "2023-02-15",
        "acceptedDate": "2023-02-15 16:01:30",
        "calendarYear": "2022",
        "period": "Q4",
        "revenue": 2285000000,
        "costOfRevenue": 1685000000,
        "grossProfit": 600000000,
        "grossProfitRatio": 0.2625820569,
        "researchAndDevelopmentExpenses": 140000000,
        "generalAndAdministrativeExpenses": 157000000,
        "sellingAndMarketingExpenses": 387000000,
        "sellingGeneralAndAdministrativeExpenses": 544000000,
        "otherExpenses": 8000000,
        "operatingExpenses": 544000000,
        "costAndExpenses": 2229000000,
        "interestIncome": 0,
        "interestExpense": 64000000,
        "depreciationAndAmortization": 74000000,
        "ebitda": -211000000,
        "ebitdaratio": -0.0923413567,
        "operatingIncome": 64000000,
        "operatingIncomeRatio": 0.0280087527,
        "totalOtherIncomeExpensesNet": -394000000,
        "incomeBeforeTax": -330000000,
        "incomeBeforeTaxRatio": -0.1444201313,
        "incomeTaxExpense": -81000000,
        "netIncome": -249000000,
        "netIncomeRatio": -0.1089715536,
        "eps": -0.6,
        "epsdiluted": -0.6,
        "weightedAverageShsOut": 413600000,
        "weightedAverageShsOutDil": 413600000,
        "link": "https://www.sec.gov/Archives/edgar/data/814453/000081445323000026/0000814453-23-000026-index.htm",
        "finalLink": "https://www.sec.gov/Archives/edgar/data/814453/000081445323000026/nwl-20221231.htm"
    },
    {
        "date": "2022-09-30",
        "symbol": "NWL",
        "reportedCurrency": "USD",
        "cik": "0000814453",
        "fillingDate": "2022-10-28",
        "acceptedDate": "2022-10-28 16:18:55",
        "calendarYear": "2022",
        "period": "Q3",
        "revenue": 2252000000,
        "costOfRevenue": 1599000000,
        "grossProfit": 653000000,
        "grossProfitRatio": 0.289964476,
        "researchAndDevelopmentExpenses": 0,
        "generalAndAdministrativeExpenses": 0,
        "sellingAndMarketingExpenses": 0,
        "sellingGeneralAndAdministrativeExpenses": 467000000,
        "otherExpenses": 0,
        "operatingExpenses": 467000000,
        "costAndExpenses": 2066000000,
        "interestIncome": 0,
        "interestExpense": 57000000,
        "depreciationAndAmortization": 75000000,
        "ebitda": 275000000,
        "ebitdaratio": 0.1221136767,
        "operatingIncome": 35000000,
        "operatingIncomeRatio": 0.0155417407,
        "totalOtherIncomeExpensesNet": -70000000,
        "incomeBeforeTax": -30000000,
        "incomeBeforeTaxRatio": -0.013321492,
        "incomeTaxExpense": -61000000,
        "netIncome": 31000000,
        "netIncomeRatio": 0.0137655417,
        "eps": 0.05,
        "epsdiluted": 0.05,
        "weightedAverageShsOut": 413600000,
        "weightedAverageShsOutDil": 414600000,
        "link": "https://www.sec.gov/Archives/edgar/data/814453/000081445322000129/0000814453-22-000129-index.htm",
        "finalLink": "https://www.sec.gov/Archives/edgar/data/814453/000081445322000129/nwl-20220930.htm"
    },
    {
        "date": "2022-06-30",
        "symbol": "NWL",
        "reportedCurrency": "USD",
        "cik": "0000814453",
        "fillingDate": "2022-07-29",
        "acceptedDate": "2022-07-29 16:01:35",
        "calendarYear": "2022",
        "period": "Q2",
        "revenue": 2534000000,
        "costOfRevenue": 1709000000,
        "grossProfit": 825000000,
        "grossProfitRatio": 0.3255722178,
        "researchAndDevelopmentExpenses": 0,
        "generalAndAdministrativeExpenses": 0,
        "sellingAndMarketingExpenses": 0,
        "sellingGeneralAndAdministrativeExpenses": 504000000,
        "otherExpenses": 0,
        "operatingExpenses": 504000000,
        "costAndExpenses": 2213000000,
        "interestIncome": 0,
        "interestExpense": 55000000,
        "depreciationAndAmortization": 71000000,
        "ebitda": 403000000,
        "ebitdaratio": 0.1590370955,
        "operatingIncome": 317000000,
        "operatingIncomeRatio": 0.1250986582,
        "totalOtherIncomeExpensesNet": -63000000,
        "incomeBeforeTax": 254000000,
        "incomeBeforeTaxRatio": 0.1002367798,
        "incomeTaxExpense": 50000000,
        "netIncome": 204000000,
        "netIncomeRatio": 0.0805051302,
        "eps": 0.49,
        "epsdiluted": 0.49,
        "weightedAverageShsOut": 413800000,
        "weightedAverageShsOutDil": 415700000,
        "link": "https://www.sec.gov/Archives/edgar/data/814453/000081445322000110/0000814453-22-000110-index.htm",
        "finalLink": "https://www.sec.gov/Archives/edgar/data/814453/000081445322000110/nwl-20220630.htm"
    },
    {
        "date": "2022-03-31",
        "symbol": "NWL",
        "reportedCurrency": "USD",
        "cik": "0000814453",
        "fillingDate": "2022-04-29",
        "acceptedDate": "2022-04-29 16:02:39",
        "calendarYear": "2022",
        "period": "Q1",
        "revenue": 2388000000,
        "costOfRevenue": 1648000000,
        "grossProfit": 740000000,
        "grossProfitRatio": 0.3098827471,
        "researchAndDevelopmentExpenses": 0,
        "generalAndAdministrativeExpenses": 0,
        "sellingAndMarketingExpenses": 0,
        "sellingGeneralAndAdministrativeExpenses": 518000000,
        "otherExpenses": 0,
        "operatingExpenses": 518000000,
        "costAndExpenses": 2166000000,
        "interestIncome": 0,
        "interestExpense": 59000000,
        "depreciationAndAmortization": 76000000,
        "ebitda": 304000000,
        "ebitdaratio": 0.1273031826,
        "operatingIncome": 217000000,
        "operatingIncomeRatio": 0.0908710218,
        "totalOtherIncomeExpensesNet": 65000000,
        "incomeBeforeTax": 282000000,
        "incomeBeforeTaxRatio": 0.1180904523,
        "incomeTaxExpense": 48000000,
        "netIncome": 234000000,
        "netIncomeRatio": 0.0979899497,
        "eps": 0.55,
        "epsdiluted": 0.55,
        "weightedAverageShsOut": 421900000,
        "weightedAverageShsOutDil": 424700000,
        "link": "https://www.sec.gov/Archives/edgar/data/814453/000081445322000069/0000814453-22-000069-index.htm",
        "finalLink": "https://www.sec.gov/Archives/edgar/data/814453/000081445322000069/nwl-20220331.htm"
    },
    {
        "date": "2021-12-31",
        "symbol": "NWL",
        "reportedCurrency": "USD",
        "cik": "0000814453",
        "fillingDate": "2022-02-14",
        "acceptedDate": "2022-02-14 16:03:03",
        "calendarYear": "2021",
        "period": "Q4",
        "revenue": 2805000000,
        "costOfRevenue": 1970000000,
        "grossProfit": 835000000,
        "grossProfitRatio": 0.2976827094,
        "researchAndDevelopmentExpenses": 153000000,
        "generalAndAdministrativeExpenses": 200000000,
        "sellingAndMarketingExpenses": 407000000,
        "sellingGeneralAndAdministrativeExpenses": 607000000,
        "otherExpenses": 5000000,
        "operatingExpenses": 607000000,
        "costAndExpenses": 2577000000,
        "interestIncome": 0,
        "interestExpense": 59000000,
        "depreciationAndAmortization": 81000000,
        "ebitda": 249000000,
        "ebitdaratio": 0.0887700535,
        "operatingIncome": 168000000,
        "operatingIncomeRatio": 0.0598930481,
        "totalOtherIncomeExpensesNet": -59000000,
        "incomeBeforeTax": 109000000,
        "incomeBeforeTaxRatio": 0.03885918,
        "incomeTaxExpense": 13000000,
        "netIncome": 96000000,
        "netIncomeRatio": 0.0342245989,
        "eps": 0.23,
        "epsdiluted": 0.22,
        "weightedAverageShsOut": 425500000,
        "weightedAverageShsOutDil": 428300000,
        "link": "https://www.sec.gov/Archives/edgar/data/814453/000081445322000017/0000814453-22-000017-index.htm",
        "finalLink": "https://www.sec.gov/Archives/edgar/data/814453/000081445322000017/nwl-20211231.htm"
    },
    {
        "date": "2021-09-30",
        "symbol": "NWL",
        "reportedCurrency": "USD",
        "cik": "0000814453",
        "fillingDate": "2021-10-29",
        "acceptedDate": "2021-10-29 16:06:01",
        "calendarYear": "2021",
        "period": "Q3",
        "revenue": 2787000000,
        "costOfRevenue": 1939000000,
        "grossProfit": 848000000,
        "grossProfitRatio": 0.3042698242,
        "researchAndDevelopmentExpenses": 0,
        "generalAndAdministrativeExpenses": 0,
        "sellingAndMarketingExpenses": 0,
        "sellingGeneralAndAdministrativeExpenses": 561000000,
        "otherExpenses": -1000000,
        "operatingExpenses": 561000000,
        "costAndExpenses": 2500000000,
        "interestIncome": 0,
        "interestExpense": 65000000,
        "depreciationAndAmortization": 78000000,
        "ebitda": 372000000,
        "ebitdaratio": 0.1334768568,
        "operatingIncome": 281000000,
        "operatingIncomeRatio": 0.1008252601,
        "totalOtherIncomeExpensesNet": -66000000,
        "incomeBeforeTax": 215000000,
        "incomeBeforeTaxRatio": 0.0771438823,
        "incomeTaxExpense": 25000000,
        "netIncome": 190000000,
        "netIncomeRatio": 0.0681736634,
        "eps": 0.45,
        "epsdiluted": 0.44,
        "weightedAverageShsOut": 425400000,
        "weightedAverageShsOutDil": 428500000,
        "link": "https://www.sec.gov/Archives/edgar/data/814453/000081445321000151/0000814453-21-000151-index.htm",
        "finalLink": "https://www.sec.gov/Archives/edgar/data/814453/000081445321000151/nwl-20210930.htm"
    },
    {
        "date": "2021-06-30",
        "symbol": "NWL",
        "reportedCurrency": "USD",
        "cik": "0000814453",
        "fillingDate": "2021-07-30",
        "acceptedDate": "2021-07-30 16:01:37",
        "calendarYear": "2021",
        "period": "Q2",
        "revenue": 2709000000,
        "costOfRevenue": 1827000000,
        "grossProfit": 882000000,
        "grossProfitRatio": 0.3255813953,
        "researchAndDevelopmentExpenses": 0,
        "generalAndAdministrativeExpenses": 0,
        "sellingAndMarketingExpenses": 0,
        "sellingGeneralAndAdministrativeExpenses": 572000000,
        "otherExpenses": 3000000,
        "operatingExpenses": 572000000,
        "costAndExpenses": 2399000000,
        "interestIncome": 0,
        "interestExpense": 65000000,
        "depreciationAndAmortization": 80000000,
        "ebitda": 395000000,
        "ebitdaratio": 0.1458102621,
        "operatingIncome": 305000000,
        "operatingIncomeRatio": 0.1125876707,
        "totalOtherIncomeExpensesNet": -62000000,
        "incomeBeforeTax": 243000000,
        "incomeBeforeTaxRatio": 0.0897009967,
        "incomeTaxExpense": 46000000,
        "netIncome": 197000000,
        "netIncomeRatio": 0.0727205611,
        "eps": 0.46,
        "epsdiluted": 0.46,
        "weightedAverageShsOut": 425400000,
        "weightedAverageShsOutDil": 427800000,
        "link": "https://www.sec.gov/Archives/edgar/data/814453/000081445321000120/0000814453-21-000120-index.htm",
        "finalLink": "https://www.sec.gov/Archives/edgar/data/814453/000081445321000120/nwl-20210630.htm"
    },
    {
        "date": "2021-03-31",
        "symbol": "NWL",
        "reportedCurrency": "USD",
        "cik": "0000814453",
        "fillingDate": "2021-04-30",
        "acceptedDate": "2021-04-30 16:02:05",
        "calendarYear": "2021",
        "period": "Q1",
        "revenue": 2288000000,
        "costOfRevenue": 1557000000,
        "grossProfit": 731000000,
        "grossProfitRatio": 0.319493007,
        "researchAndDevelopmentExpenses": 0,
        "generalAndAdministrativeExpenses": 0,
        "sellingAndMarketingExpenses": 0,
        "sellingGeneralAndAdministrativeExpenses": 534000000,
        "otherExpenses": 1000000,
        "operatingExpenses": 534000000,
        "costAndExpenses": 2091000000,
        "interestIncome": 0,
        "interestExpense": 67000000,
        "depreciationAndAmortization": 86000000,
        "ebitda": 291000000,
        "ebitdaratio": 0.1271853147,
        "operatingIncome": 192000000,
        "operatingIncomeRatio": 0.0839160839,
        "totalOtherIncomeExpensesNet": -66000000,
        "incomeBeforeTax": 126000000,
        "incomeBeforeTaxRatio": 0.0550699301,
        "incomeTaxExpense": 37000000,
        "netIncome": 89000000,
        "netIncomeRatio": 0.0388986014,
        "eps": 0.21,
        "epsdiluted": 0.21,
        "weightedAverageShsOut": 424900000,
        "weightedAverageShsOutDil": 427600000,
        "link": "https://www.sec.gov/Archives/edgar/data/814453/000081445321000072/0000814453-21-000072-index.htm",
        "finalLink": "https://www.sec.gov/Archives/edgar/data/814453/000081445321000072/nwl-20210331.htm"
    },
    {
        "date": "2020-12-31",
        "symbol": "NWL",
        "reportedCurrency": "USD",
        "cik": "0000814453",
        "fillingDate": "2021-02-19",
        "acceptedDate": "2021-02-18 19:24:25",
        "calendarYear": "2020",
        "period": "Q4",
        "revenue": 2689000000,
        "costOfRevenue": 1805000000,
        "grossProfit": 884000000,
        "grossProfitRatio": 0.328746746,
        "researchAndDevelopmentExpenses": 144000000,
        "generalAndAdministrativeExpenses": 246000000,
        "sellingAndMarketingExpenses": 362000000,
        "sellingGeneralAndAdministrativeExpenses": 608000000,
        "otherExpenses": -58000000,
        "operatingExpenses": 608000000,
        "costAndExpenses": 2413000000,
        "interestIncome": 0,
        "interestExpense": 69000000,
        "depreciationAndAmortization": 90000000,
        "ebitda": 338000000,
        "ebitdaratio": 0.1256972852,
        "operatingIncome": 248000000,
        "operatingIncomeRatio": 0.0922275939,
        "totalOtherIncomeExpensesNet": -147000000,
        "incomeBeforeTax": 101000000,
        "incomeBeforeTaxRatio": 0.0375604314,
        "incomeTaxExpense": -26000000,
        "netIncome": 127000000,
        "netIncomeRatio": 0.0472294533,
        "eps": 0.3,
        "epsdiluted": 0.3,
        "weightedAverageShsOut": 424300000,
        "weightedAverageShsOutDil": 426200000,
        "link": "https://www.sec.gov/Archives/edgar/data/814453/000081445321000050/0000814453-21-000050-index.htm",
        "finalLink": "https://www.sec.gov/Archives/edgar/data/814453/000081445321000050/nwl-20201231.htm"
    },
    {
        "date": "2020-09-30",
        "symbol": "NWL",
        "reportedCurrency": "USD",
        "cik": "0000814453",
        "fillingDate": "2020-10-30",
        "acceptedDate": "2020-10-30 16:01:57",
        "calendarYear": "2020",
        "period": "Q3",
        "revenue": 2699000000,
        "costOfRevenue": 1785000000,
        "grossProfit": 914000000,
        "grossProfitRatio": 0.3386439422,
        "researchAndDevelopmentExpenses": 0,
        "generalAndAdministrativeExpenses": 0,
        "sellingAndMarketingExpenses": 0,
        "sellingGeneralAndAdministrativeExpenses": 545000000,
        "otherExpenses": 0,
        "operatingExpenses": 545000000,
        "costAndExpenses": 2330000000,
        "interestIncome": 0,
        "interestExpense": 71000000,
        "depreciationAndAmortization": 91000000,
        "ebitda": 460000000,
        "ebitdaratio": 0.1704334939,
        "operatingIncome": 363000000,
        "operatingIncomeRatio": 0.1344942571,
        "totalOtherIncomeExpensesNet": -80000000,
        "incomeBeforeTax": 283000000,
        "incomeBeforeTaxRatio": 0.1048536495,
        "incomeTaxExpense": -21000000,
        "netIncome": 304000000,
        "netIncomeRatio": 0.112634309,
        "eps": 0.72,
        "epsdiluted": 0.71,
        "weightedAverageShsOut": 424300000,
        "weightedAverageShsOutDil": 425400000,
        "link": "https://www.sec.gov/Archives/edgar/data/814453/000081445320000230/0000814453-20-000230-index.htm",
        "finalLink": "https://www.sec.gov/Archives/edgar/data/814453/000081445320000230/nwl-20200930.htm"
    },
    {
        "date": "2020-06-30",
        "symbol": "NWL",
        "reportedCurrency": "USD",
        "cik": "0000814453",
        "fillingDate": "2020-08-05",
        "acceptedDate": "2020-08-05 17:17:33",
        "calendarYear": "2020",
        "period": "Q2",
        "revenue": 2111000000,
        "costOfRevenue": 1447000000,
        "grossProfit": 664000000,
        "grossProfitRatio": 0.3145428707,
        "researchAndDevelopmentExpenses": 0,
        "generalAndAdministrativeExpenses": 0,
        "sellingAndMarketingExpenses": 0,
        "sellingGeneralAndAdministrativeExpenses": 488000000,
        "otherExpenses": 1000000,
        "operatingExpenses": 488000000,
        "costAndExpenses": 1935000000,
        "interestIncome": 0,
        "interestExpense": 71000000,
        "depreciationAndAmortization": 85000000,
        "ebitda": 260000000,
        "ebitdaratio": 0.1231643771,
        "operatingIncome": 163000000,
        "operatingIncomeRatio": 0.0772145902,
        "totalOtherIncomeExpensesNet": -70000000,
        "incomeBeforeTax": 93000000,
        "incomeBeforeTaxRatio": 0.0440549503,
        "incomeTaxExpense": 15000000,
        "netIncome": 78000000,
        "netIncomeRatio": 0.0369493131,
        "eps": 0.18,
        "epsdiluted": 0.18,
        "weightedAverageShsOut": 424200000,
        "weightedAverageShsOutDil": 424700000,
        "link": "https://www.sec.gov/Archives/edgar/data/814453/000081445320000215/0000814453-20-000215-index.htm",
        "finalLink": "https://www.sec.gov/Archives/edgar/data/814453/000081445320000215/nwl-20200630.htm"
    },
    {
        "date": "2020-03-31",
        "symbol": "NWL",
        "reportedCurrency": "USD",
        "cik": "0000814453",
        "fillingDate": "2020-05-01",
        "acceptedDate": "2020-05-01 16:45:23",
        "calendarYear": "2020",
        "period": "Q1",
        "revenue": 1886000000,
        "costOfRevenue": 1269000000,
        "grossProfit": 617000000,
        "grossProfitRatio": 0.3271474019,
        "researchAndDevelopmentExpenses": 0,
        "generalAndAdministrativeExpenses": 548000000,
        "sellingAndMarketingExpenses": 0,
        "sellingGeneralAndAdministrativeExpenses": 548000000,
        "otherExpenses": 0,
        "operatingExpenses": 548000000,
        "costAndExpenses": 1817000000,
        "interestIncome": 0,
        "interestExpense": 63000000,
        "depreciationAndAmortization": 91000000,
        "ebitda": -1331000000,
        "ebitdaratio": -0.7057264051,
        "operatingIncome": -1408000000,
        "operatingIncomeRatio": -0.7465535525,
        "totalOtherIncomeExpensesNet": -75000000,
        "incomeBeforeTax": -1483000000,
        "incomeBeforeTaxRatio": -0.7863202545,
        "incomeTaxExpense": -204000000,
        "netIncome": -1279000000,
        "netIncomeRatio": -0.678154825,
        "eps": -3.02,
        "epsdiluted": -3.02,
        "weightedAverageShsOut": 423509933,
        "weightedAverageShsOutDil": 423800000,
        "link": "https://www.sec.gov/Archives/edgar/data/814453/000081445320000114/0000814453-20-000114-index.htm",
        "finalLink": "https://www.sec.gov/Archives/edgar/data/814453/000081445320000114/nwl-20200331.htm"
    },
    {
        "date": "2019-12-31",
        "symbol": "NWL",
        "reportedCurrency": "USD",
        "cik": "0000814453",
        "fillingDate": "2020-03-02",
        "acceptedDate": "2020-03-02 16:30:25",
        "calendarYear": "2019",
        "period": "Q4",
        "revenue": 2623900000,
        "costOfRevenue": 1771400000,
        "grossProfit": 852500000,
        "grossProfitRatio": 0.3248980525,
        "researchAndDevelopmentExpenses": 149000000,
        "generalAndAdministrativeExpenses": 709000000,
        "sellingAndMarketingExpenses": -69200000,
        "sellingGeneralAndAdministrativeExpenses": 639800000,
        "otherExpenses": -4800000,
        "operatingExpenses": 639800000,
        "costAndExpenses": 2411200000,
        "interestIncome": 0,
        "interestExpense": 0,
        "depreciationAndAmortization": 121200000,
        "ebitda": 376200000,
        "ebitdaratio": 0.1433743664,
        "operatingIncome": 132700000,
        "operatingIncomeRatio": 0.0505735737,
        "totalOtherIncomeExpensesNet": -345600000,
        "incomeBeforeTax": 57900000,
        "incomeBeforeTaxRatio": 0.0220663897,
        "incomeTaxExpense": -720300000,
        "netIncome": 793800000,
        "netIncomeRatio": 0.3025267731,
        "eps": 1.88,
        "epsdiluted": 1.87,
        "weightedAverageShsOut": 423400000,
        "weightedAverageShsOutDil": 424900000,
        "link": "https://www.sec.gov/Archives/edgar/data/814453/000081445320000078/0000814453-20-000078-index.htm",
        "finalLink": "https://www.sec.gov/Archives/edgar/data/814453/000081445320000078/nwl-20191231x10k.htm"
    },
    {
        "date": "2019-09-30",
        "symbol": "NWL",
        "reportedCurrency": "USD",
        "cik": "0000814453",
        "fillingDate": "2019-11-04",
        "acceptedDate": "2019-11-04 17:10:51",
        "calendarYear": "2019",
        "period": "Q3",
        "revenue": 2450600000,
        "costOfRevenue": 1639900000,
        "grossProfit": 810700000,
        "grossProfitRatio": 0.3308169428,
        "researchAndDevelopmentExpenses": 0,
        "generalAndAdministrativeExpenses": 607700000,
        "sellingAndMarketingExpenses": 0,
        "sellingGeneralAndAdministrativeExpenses": 607700000,
        "otherExpenses": 0,
        "operatingExpenses": 607700000,
        "costAndExpenses": 2247600000,
        "interestIncome": 0,
        "interestExpense": 75000000,
        "depreciationAndAmortization": 150500000,
        "ebitda": -523700000,
        "ebitdaratio": -0.2137027667,
        "operatingIncome": -634800000,
        "operatingIncomeRatio": -0.2590386028,
        "totalOtherIncomeExpensesNet": -291100000,
        "incomeBeforeTax": -745000000,
        "incomeBeforeTaxRatio": -0.3040071819,
        "incomeTaxExpense": -291100000,
        "netIncome": -625800000,
        "netIncomeRatio": -0.2553660328,
        "eps": -1.48,
        "epsdiluted": -1.48,
        "weightedAverageShsOut": 423400000,
        "weightedAverageShsOutDil": 423400000,
        "link": "https://www.sec.gov/Archives/edgar/data/814453/000081445319000111/0000814453-19-000111-index.htm",
        "finalLink": "https://www.sec.gov/Archives/edgar/data/814453/000081445319000111/newell-10qxq3x09302019.htm"
    },
    {
        "date": "2019-06-30",
        "symbol": "NWL",
        "reportedCurrency": "USD",
        "cik": "0000814453",
        "fillingDate": "2019-08-02",
        "acceptedDate": "2019-08-02 16:49:09",
        "calendarYear": "2019",
        "period": "Q2",
        "revenue": 2116500000,
        "costOfRevenue": 1369900000,
        "grossProfit": 746600000,
        "grossProfitRatio": 0.3527521852,
        "researchAndDevelopmentExpenses": 0,
        "generalAndAdministrativeExpenses": 558900000,
        "sellingAndMarketingExpenses": 0,
        "sellingGeneralAndAdministrativeExpenses": 558900000,
        "otherExpenses": -200000,
        "operatingExpenses": 558900000,
        "costAndExpenses": 1928800000,
        "interestIncome": 0,
        "interestExpense": 78200000,
        "depreciationAndAmortization": 87400000,
        "ebitda": 263700000,
        "ebitdaratio": 0.1245924876,
        "operatingIncome": -178100000,
        "operatingIncomeRatio": -0.0841483581,
        "totalOtherIncomeExpensesNet": -78400000,
        "incomeBeforeTax": 99700000,
        "incomeBeforeTaxRatio": 0.0471060713,
        "incomeTaxExpense": 16700000,
        "netIncome": 89800000,
        "netIncomeRatio": 0.0424285377,
        "eps": 0.21,
        "epsdiluted": 0.21,
        "weightedAverageShsOut": 423300000,
        "weightedAverageShsOutDil": 423500000,
        "link": "https://www.sec.gov/Archives/edgar/data/814453/000162828019009873/0001628280-19-009873-index.htm",
        "finalLink": "https://www.sec.gov/Archives/edgar/data/814453/000162828019009873/newell-10qxq2x06302019.htm"
    },
    {
        "date": "2019-03-31",
        "symbol": "NWL",
        "reportedCurrency": "USD",
        "cik": "0000814453",
        "fillingDate": "2019-05-08",
        "acceptedDate": "2019-05-08 16:56:21",
        "calendarYear": "2019",
        "period": "Q1",
        "revenue": 1712100000,
        "costOfRevenue": 1168300000,
        "grossProfit": 543800000,
        "grossProfitRatio": 0.3176216343,
        "researchAndDevelopmentExpenses": 0,
        "generalAndAdministrativeExpenses": 517900000,
        "sellingAndMarketingExpenses": 0,
        "sellingGeneralAndAdministrativeExpenses": 517900000,
        "otherExpenses": 0,
        "operatingExpenses": 517900000,
        "costAndExpenses": 1686200000,
        "interestIncome": 0,
        "interestExpense": 80200000,
        "depreciationAndAmortization": 86900000,
        "ebitda": 77100000,
        "ebitdaratio": 0.0450324163,
        "operatingIncome": 15000000,
        "operatingIncomeRatio": 0.0087611705,
        "totalOtherIncomeExpensesNet": -100500000,
        "incomeBeforeTax": -88500000,
        "incomeBeforeTaxRatio": -0.0516909059,
        "incomeTaxExpense": -16700000,
        "netIncome": -151200000,
        "netIncomeRatio": -0.0883125986,
        "eps": -0.37,
        "epsdiluted": -0.36,
        "weightedAverageShsOut": 411111111,
        "weightedAverageShsOutDil": 423000000,
        "link": "https://www.sec.gov/Archives/edgar/data/814453/000119312519141536/0001193125-19-141536-index.htm",
        "finalLink": "https://www.sec.gov/Archives/edgar/data/814453/000119312519141536/d928651d10q.htm"
    },
    {
        "date": "2018-12-31",
        "symbol": "NWL",
        "reportedCurrency": "USD",
        "cik": "0000814453",
        "fillingDate": "2019-03-04",
        "acceptedDate": "2019-03-04 08:13:08",
        "calendarYear": "2018",
        "period": "Q4",
        "revenue": 2340600000,
        "costOfRevenue": 1528900000,
        "grossProfit": 811700000,
        "grossProfitRatio": 0.346791421,
        "researchAndDevelopmentExpenses": 151000000,
        "generalAndAdministrativeExpenses": 165000000,
        "sellingAndMarketingExpenses": 397000000,
        "sellingGeneralAndAdministrativeExpenses": 562000000,
        "otherExpenses": 500000,
        "operatingExpenses": 619200000,
        "costAndExpenses": 2148100000,
        "interestIncome": 0,
        "interestExpense": 0,
        "depreciationAndAmortization": 96300000,
        "ebitda": 288800000,
        "ebitdaratio": 0.1233871657,
        "operatingIncome": 17800000,
        "operatingIncomeRatio": 0.0076048876,
        "totalOtherIncomeExpensesNet": -107700000,
        "incomeBeforeTax": -89900000,
        "incomeBeforeTaxRatio": -0.038408955,
        "incomeTaxExpense": -226700000,
        "netIncome": 208100000,
        "netIncomeRatio": 0.0889088268,
        "eps": 0.46,
        "epsdiluted": 0.46,
        "weightedAverageShsOut": 451500000,
        "weightedAverageShsOutDil": 451800000,
        "link": "https://www.sec.gov/Archives/edgar/data/814453/000119312519061714/0001193125-19-061714-index.htm",
        "finalLink": "https://www.sec.gov/Archives/edgar/data/814453/000119312519061714/d660135d10k.htm"
    },
    {
        "date": "2018-09-30",
        "symbol": "NWL",
        "reportedCurrency": "USD",
        "cik": "0000814453",
        "fillingDate": "2018-11-09",
        "acceptedDate": "2018-11-09 16:32:25",
        "calendarYear": "2018",
        "period": "Q3",
        "revenue": 2277200000,
        "costOfRevenue": 1460200000,
        "grossProfit": 817000000,
        "grossProfitRatio": 0.3587739329,
        "researchAndDevelopmentExpenses": 0,
        "generalAndAdministrativeExpenses": 575700000,
        "sellingAndMarketingExpenses": 0,
        "sellingGeneralAndAdministrativeExpenses": 575700000,
        "otherExpenses": -3900000,
        "operatingExpenses": 575700000,
        "costAndExpenses": 2035900000,
        "interestIncome": 0,
        "interestExpense": 105600000,
        "depreciationAndAmortization": 82800000,
        "ebitda": 393800000,
        "ebitdaratio": 0.1729316705,
        "operatingIncome": -7903800000,
        "operatingIncomeRatio": -3.4708413842,
        "totalOtherIncomeExpensesNet": -178200000,
        "incomeBeforeTax": -8013300000,
        "incomeBeforeTaxRatio": -3.5189267522,
        "incomeTaxExpense": -1218000000,
        "netIncome": -7112400000,
        "netIncomeRatio": -3.1233093272,
        "eps": -15.1,
        "epsdiluted": -15.1,
        "weightedAverageShsOut": 470959383,
        "weightedAverageShsOutDil": 471000000,
        "link": "https://www.sec.gov/Archives/edgar/data/814453/000119312518323823/0001193125-18-323823-index.htm",
        "finalLink": "https://www.sec.gov/Archives/edgar/data/814453/000119312518323823/d588416d10q.htm"
    },
    {
        "date": "2018-06-30",
        "symbol": "NWL",
        "reportedCurrency": "USD",
        "cik": "0000814453",
        "fillingDate": "2018-08-09",
        "acceptedDate": "2018-08-09 17:10:10",
        "calendarYear": "2018",
        "period": "Q2",
        "revenue": 2203100000,
        "costOfRevenue": 1428000000,
        "grossProfit": 775100000,
        "grossProfitRatio": 0.351822432,
        "researchAndDevelopmentExpenses": 0,
        "generalAndAdministrativeExpenses": 613600000,
        "sellingAndMarketingExpenses": 0,
        "sellingGeneralAndAdministrativeExpenses": 613600000,
        "otherExpenses": 0,
        "operatingExpenses": 613600000,
        "costAndExpenses": 2041600000,
        "interestIncome": 0,
        "interestExpense": 120500000,
        "depreciationAndAmortization": 105000000,
        "ebitda": 266200000,
        "ebitdaratio": 0.1208297399,
        "operatingIncome": 84200000,
        "operatingIncomeRatio": 0.0382188734,
        "totalOtherIncomeExpensesNet": -107300000,
        "incomeBeforeTax": -23100000,
        "incomeBeforeTaxRatio": -0.0104852254,
        "incomeTaxExpense": 53000000,
        "netIncome": 131700000,
        "netIncomeRatio": 0.0597794018,
        "eps": 0.27,
        "epsdiluted": 0.27,
        "weightedAverageShsOut": 486200000,
        "weightedAverageShsOutDil": 486200000,
        "link": "https://www.sec.gov/Archives/edgar/data/814453/000119312518244528/0001193125-18-244528-index.htm",
        "finalLink": "https://www.sec.gov/Archives/edgar/data/814453/000119312518244528/d629346d10q.htm"
    },
    {
        "date": "2018-03-31",
        "symbol": "NWL",
        "reportedCurrency": "USD",
        "cik": "0000814453",
        "fillingDate": "2018-05-10",
        "acceptedDate": "2018-05-10 16:04:03",
        "calendarYear": "2018",
        "period": "Q1",
        "revenue": 3017400000,
        "costOfRevenue": 2012000000,
        "grossProfit": 1005400000,
        "grossProfitRatio": 0.3332007689,
        "researchAndDevelopmentExpenses": 0,
        "generalAndAdministrativeExpenses": 880400000,
        "sellingAndMarketingExpenses": 0,
        "sellingGeneralAndAdministrativeExpenses": 880400000,
        "otherExpenses": 1000000,
        "operatingExpenses": 880400000,
        "costAndExpenses": 2892400000,
        "interestIncome": 0,
        "interestExpense": 116100000,
        "depreciationAndAmortization": 149800000,
        "ebitda": 117100000,
        "ebitdaratio": 0.0388082455,
        "operatingIncome": 117100000,
        "operatingIncomeRatio": 0.0388082455,
        "totalOtherIncomeExpensesNet": -24400000,
        "incomeBeforeTax": 2000000,
        "incomeBeforeTaxRatio": 0.0006628223,
        "incomeTaxExpense": -51300000,
        "netIncome": 53300000,
        "netIncomeRatio": 0.0176642142,
        "eps": 0.11,
        "epsdiluted": 0.11,
        "weightedAverageShsOut": 486000000,
        "weightedAverageShsOutDil": 486000000,
        "link": "https://www.sec.gov/Archives/edgar/data/814453/000119312518159187/0001193125-18-159187-index.htm",
        "finalLink": "https://www.sec.gov/Archives/edgar/data/814453/000119312518159187/d332104d10q.htm"
    },
    {
        "date": "2017-12-31",
        "symbol": "NWL",
        "reportedCurrency": "USD",
        "cik": "0000814453",
        "fillingDate": "2018-03-01",
        "acceptedDate": "2018-03-01 17:21:34",
        "calendarYear": "2017",
        "period": "Q4",
        "revenue": 3743100000,
        "costOfRevenue": 2514000000,
        "grossProfit": 1229100000,
        "grossProfitRatio": 0.3283641901,
        "researchAndDevelopmentExpenses": 158000000,
        "generalAndAdministrativeExpenses": 878600000,
        "sellingAndMarketingExpenses": -2400000,
        "sellingGeneralAndAdministrativeExpenses": 876200000,
        "otherExpenses": -4600000,
        "operatingExpenses": 876200000,
        "costAndExpenses": 3390200000,
        "interestIncome": 0,
        "interestExpense": 0,
        "depreciationAndAmortization": 159800000,
        "ebitda": 476400000,
        "ebitdaratio": 0.1272741845,
        "operatingIncome": 323200000,
        "operatingIncomeRatio": 0.0863455425,
        "totalOtherIncomeExpensesNet": -155800000,
        "incomeBeforeTax": 202700000,
        "incomeBeforeTaxRatio": 0.0541529748,
        "incomeTaxExpense": -1450200000,
        "netIncome": 1652900000,
        "netIncomeRatio": 0.4415858513,
        "eps": 3.39,
        "epsdiluted": 3.38,
        "weightedAverageShsOut": 488100000,
        "weightedAverageShsOutDil": 488800000,
        "link": "https://www.sec.gov/Archives/edgar/data/814453/000119312518067603/0001193125-18-067603-index.htm",
        "finalLink": "https://www.sec.gov/Archives/edgar/data/814453/000119312518067603/d494599d10k.htm"
    },
    {
        "date": "2017-09-30",
        "symbol": "NWL",
        "reportedCurrency": "USD",
        "cik": "0000814453",
        "fillingDate": "2017-11-08",
        "acceptedDate": "2017-11-08 16:38:02",
        "calendarYear": "2017",
        "period": "Q3",
        "revenue": 3678200000,
        "costOfRevenue": 2410500000,
        "grossProfit": 1267700000,
        "grossProfitRatio": 0.3446522756,
        "researchAndDevelopmentExpenses": 0,
        "generalAndAdministrativeExpenses": 905500000,
        "sellingAndMarketingExpenses": 0,
        "sellingGeneralAndAdministrativeExpenses": 905500000,
        "otherExpenses": 0,
        "operatingExpenses": 905500000,
        "costAndExpenses": 3316000000,
        "interestIncome": 0,
        "interestExpense": 0,
        "depreciationAndAmortization": 155800000,
        "ebitda": 435500000,
        "ebitdaratio": 0.1184003045,
        "operatingIncome": 323400000,
        "operatingIncomeRatio": 0.0879234408,
        "totalOtherIncomeExpensesNet": -157800000,
        "incomeBeforeTax": 165600000,
        "incomeBeforeTaxRatio": 0.0450220216,
        "incomeTaxExpense": -68800000,
        "netIncome": 234400000,
        "netIncomeRatio": 0.0637268229,
        "eps": 0.48,
        "epsdiluted": 0.48,
        "weightedAverageShsOut": 490400000,
        "weightedAverageShsOutDil": 491500000,
        "link": "https://www.sec.gov/Archives/edgar/data/814453/000119312517337345/0001193125-17-337345-index.htm",
        "finalLink": "https://www.sec.gov/Archives/edgar/data/814453/000119312517337345/d460834d10q.htm"
    },
    {
        "date": "2017-06-30",
        "symbol": "NWL",
        "reportedCurrency": "USD",
        "cik": "0000814453",
        "fillingDate": "2017-08-09",
        "acceptedDate": "2017-08-09 16:37:41",
        "calendarYear": "2017",
        "period": "Q2",
        "revenue": 4054600000,
        "costOfRevenue": 2579300000,
        "grossProfit": 1475300000,
        "grossProfitRatio": 0.3638583337,
        "researchAndDevelopmentExpenses": 0,
        "generalAndAdministrativeExpenses": 955500000,
        "sellingAndMarketingExpenses": 0,
        "sellingGeneralAndAdministrativeExpenses": 955500000,
        "otherExpenses": 0,
        "operatingExpenses": 955500000,
        "costAndExpenses": 3534800000,
        "interestIncome": 100000,
        "interestExpense": 114600000,
        "depreciationAndAmortization": 149400000,
        "ebitda": 530500000,
        "ebitdaratio": 0.130839047,
        "operatingIncome": 423100000,
        "operatingIncomeRatio": 0.1043506141,
        "totalOtherIncomeExpensesNet": -152500000,
        "incomeBeforeTax": 270600000,
        "incomeBeforeTaxRatio": 0.0667390125,
        "incomeTaxExpense": 47600000,
        "netIncome": 223000000,
        "netIncomeRatio": 0.0549992601,
        "eps": 0.46,
        "epsdiluted": 0.46,
        "weightedAverageShsOut": 484300000,
        "weightedAverageShsOutDil": 485900000,
        "link": "https://www.sec.gov/Archives/edgar/data/814453/000119312517252867/0001193125-17-252867-index.htm",
        "finalLink": "https://www.sec.gov/Archives/edgar/data/814453/000119312517252867/d404431d10q.htm"
    },
    {
        "date": "2017-03-31",
        "symbol": "NWL",
        "reportedCurrency": "USD",
        "cik": "0000814453",
        "fillingDate": "2017-05-10",
        "acceptedDate": "2017-05-10 17:00:03",
        "calendarYear": "2017",
        "period": "Q1",
        "revenue": 3266300000,
        "costOfRevenue": 2149100000,
        "grossProfit": 1117200000,
        "grossProfitRatio": 0.3420383921,
        "researchAndDevelopmentExpenses": 0,
        "generalAndAdministrativeExpenses": 929500000,
        "sellingAndMarketingExpenses": 0,
        "sellingGeneralAndAdministrativeExpenses": 929500000,
        "otherExpenses": 0,
        "operatingExpenses": 929500000,
        "costAndExpenses": 3078600000,
        "interestIncome": 0,
        "interestExpense": 122200000,
        "depreciationAndAmortization": 170600000,
        "ebitda": 212400000,
        "ebitdaratio": 0.0650277072,
        "operatingIncome": 156000000,
        "operatingIncomeRatio": 0.0477604629,
        "totalOtherIncomeExpensesNet": 634100000,
        "incomeBeforeTax": 790100000,
        "incomeBeforeTaxRatio": 0.2418944984,
        "incomeTaxExpense": 151600000,
        "netIncome": 638500000,
        "netIncomeRatio": 0.1954811254,
        "eps": 1.32,
        "epsdiluted": 1.31,
        "weightedAverageShsOut": 484200000,
        "weightedAverageShsOutDil": 485800000,
        "link": "https://www.sec.gov/Archives/edgar/data/814453/000119312517166044/0001193125-17-166044-index.htm",
        "finalLink": "https://www.sec.gov/Archives/edgar/data/814453/000119312517166044/d525259d10q.htm"
    },
    {
        "date": "2016-12-31",
        "symbol": "NWL",
        "reportedCurrency": "USD",
        "cik": "0000814453",
        "fillingDate": "2017-03-01",
        "acceptedDate": "2017-03-01 16:42:10",
        "calendarYear": "2016",
        "period": "Q4",
        "revenue": 4135900000,
        "costOfRevenue": 2613200000,
        "grossProfit": 1522700000,
        "grossProfitRatio": 0.3681665417,
        "researchAndDevelopmentExpenses": 188000000,
        "generalAndAdministrativeExpenses": 973700000,
        "sellingAndMarketingExpenses": 2700000,
        "sellingGeneralAndAdministrativeExpenses": 976400000,
        "otherExpenses": 3800000,
        "operatingExpenses": 976400000,
        "costAndExpenses": 3589600000,
        "interestIncome": 1100000,
        "interestExpense": 125000000,
        "depreciationAndAmortization": 130000000,
        "ebitda": 985500000,
        "ebitdaratio": 0.2382794555,
        "operatingIncome": 513100000,
        "operatingIncomeRatio": 0.1240600595,
        "totalOtherIncomeExpensesNet": -120600000,
        "incomeBeforeTax": 392500000,
        "incomeBeforeTaxRatio": 0.0949007471,
        "incomeTaxExpense": 226600000,
        "netIncome": 165600000,
        "netIncomeRatio": 0.0400396528,
        "eps": 0.34,
        "epsdiluted": 0.34,
        "weightedAverageShsOut": 484100000,
        "weightedAverageShsOutDil": 485900000,
        "link": "https://www.sec.gov/Archives/edgar/data/814453/000081445317000027/0000814453-17-000027-index.htm",
        "finalLink": "https://www.sec.gov/Archives/edgar/data/814453/000081445317000027/nwl-12312016x10k.htm"
    },
    {
        "date": "2016-09-30",
        "symbol": "NWL",
        "reportedCurrency": "USD",
        "cik": "0000814453",
        "fillingDate": "2016-11-08",
        "acceptedDate": "2016-11-07 19:50:20",
        "calendarYear": "2016",
        "period": "Q3",
        "revenue": 3954600000,
        "costOfRevenue": 2679800000,
        "grossProfit": 1274800000,
        "grossProfitRatio": 0.3223587721,
        "researchAndDevelopmentExpenses": 0,
        "generalAndAdministrativeExpenses": 937900000,
        "sellingAndMarketingExpenses": 0,
        "sellingGeneralAndAdministrativeExpenses": 937900000,
        "otherExpenses": 700000,
        "operatingExpenses": 937900000,
        "costAndExpenses": 3617700000,
        "interestIncome": 0,
        "interestExpense": 124500000,
        "depreciationAndAmortization": 138000000,
        "ebitda": 619900000,
        "ebitdaratio": 0.1567541597,
        "operatingIncome": 323900000,
        "operatingIncomeRatio": 0.0819046174,
        "totalOtherIncomeExpensesNet": -123800000,
        "incomeBeforeTax": 200100000,
        "incomeBeforeTaxRatio": 0.0505993021,
        "incomeTaxExpense": 13600000,
        "netIncome": 186500000,
        "netIncomeRatio": 0.0471602691,
        "eps": 0.39,
        "epsdiluted": 0.38,
        "weightedAverageShsOut": 484000000,
        "weightedAverageShsOutDil": 486200000,
        "link": "https://www.sec.gov/Archives/edgar/data/814453/000081445316000273/0000814453-16-000273-index.htm",
        "finalLink": "https://www.sec.gov/Archives/edgar/data/814453/000081445316000273/nwl-10qx2016xq3.htm"
    },
    {
        "date": "2016-06-30",
        "symbol": "NWL",
        "reportedCurrency": "USD",
        "cik": "0000814453",
        "fillingDate": "2016-08-09",
        "acceptedDate": "2016-08-09 12:07:19",
        "calendarYear": "2016",
        "period": "Q2",
        "revenue": 3858600000,
        "costOfRevenue": 2762900000,
        "grossProfit": 1095700000,
        "grossProfitRatio": 0.2839630954,
        "researchAndDevelopmentExpenses": 0,
        "generalAndAdministrativeExpenses": 947000000,
        "sellingAndMarketingExpenses": 0,
        "sellingGeneralAndAdministrativeExpenses": 947000000,
        "otherExpenses": 0,
        "operatingExpenses": 947000000,
        "costAndExpenses": 3709900000,
        "interestIncome": 0,
        "interestExpense": 126700000,
        "depreciationAndAmortization": 93000000,
        "ebitda": 603100000,
        "ebitdaratio": 0.1563002125,
        "operatingIncome": 137700000,
        "operatingIncomeRatio": 0.0356865184,
        "totalOtherIncomeExpensesNet": 32600000,
        "incomeBeforeTax": 170300000,
        "incomeBeforeTaxRatio": 0.0441351786,
        "incomeTaxExpense": 34500000,
        "netIncome": 135200000,
        "netIncomeRatio": 0.035038615,
        "eps": 0.3,
        "epsdiluted": 0.3,
        "weightedAverageShsOut": 448300000,
        "weightedAverageShsOutDil": 450200000,
        "link": "https://www.sec.gov/Archives/edgar/data/814453/000081445316000258/0000814453-16-000258-index.htm",
        "finalLink": "https://www.sec.gov/Archives/edgar/data/814453/000081445316000258/nwl-10qx2016xq2.htm"
    },
    {
        "date": "2016-03-31",
        "symbol": "NWL",
        "reportedCurrency": "USD",
        "cik": "0000814453",
        "fillingDate": "2016-05-09",
        "acceptedDate": "2016-05-09 16:19:25",
        "calendarYear": "2016",
        "period": "Q1",
        "revenue": 2015300000,
        "costOfRevenue": 1429800000,
        "grossProfit": 585500000,
        "grossProfitRatio": 0.2905274649,
        "researchAndDevelopmentExpenses": 0,
        "generalAndAdministrativeExpenses": 362500000,
        "sellingAndMarketingExpenses": 289000000,
        "sellingGeneralAndAdministrativeExpenses": 651500000,
        "otherExpenses": 1500000,
        "operatingExpenses": 651500000,
        "costAndExpenses": 2081300000,
        "interestIncome": 0,
        "interestExpense": 29400000,
        "depreciationAndAmortization": 76200000,
        "ebitda": 185900000,
        "ebitdaratio": 0.0922443309,
        "operatingIncome": -72100000,
        "operatingIncomeRatio": -0.0357763112,
        "totalOtherIncomeExpensesNet": -73800000,
        "incomeBeforeTax": -138700000,
        "incomeBeforeTaxRatio": -0.0688235002,
        "incomeTaxExpense": -39500000,
        "netIncome": -99200000,
        "netIncomeRatio": -0.0492234407,
        "eps": -0.37,
        "epsdiluted": -0.37,
        "weightedAverageShsOut": 268700000,
        "weightedAverageShsOutDil": 270100000,
        "link": "https://www.sec.gov/Archives/edgar/data/814453/000081445316000202/0000814453-16-000202-index.htm",
        "finalLink": "https://www.sec.gov/Archives/edgar/data/814453/000081445316000202/nwl-10qx2016xq1.htm"
    },
    {
        "date": "2015-12-31",
        "symbol": "NWL",
        "reportedCurrency": "USD",
        "cik": "0000814453",
        "fillingDate": "2016-03-07",
        "acceptedDate": "2016-03-07 06:09:36",
        "calendarYear": "2015",
        "period": "Q4",
        "revenue": 1560800000,
        "costOfRevenue": 963600000,
        "grossProfit": 597200000,
        "grossProfitRatio": 0.3826242952,
        "researchAndDevelopmentExpenses": 0,
        "generalAndAdministrativeExpenses": 427600000,
        "sellingAndMarketingExpenses": 0,
        "sellingGeneralAndAdministrativeExpenses": 427600000,
        "otherExpenses": 0,
        "operatingExpenses": 427600000,
        "costAndExpenses": 1391200000,
        "interestIncome": 0,
        "interestExpense": 0,
        "depreciationAndAmortization": 43000000,
        "ebitda": 107100000,
        "ebitdaratio": 0.0686186571,
        "operatingIncome": 101900000,
        "operatingIncomeRatio": 0.0652870323,
        "totalOtherIncomeExpensesNet": -194700000,
        "incomeBeforeTax": -92800000,
        "incomeBeforeTaxRatio": -0.0594566889,
        "incomeTaxExpense": -13100000,
        "netIncome": 13200000,
        "netIncomeRatio": 0.0084572014,
        "eps": 0.0619,
        "epsdiluted": 0.0619,
        "weightedAverageShsOut": 213200000,
        "weightedAverageShsOutDil": 213200000,
        "link": "https://www.sec.gov/Archives/edgar/data/814453/000119312516494049/0001193125-16-494049-index.htm",
        "finalLink": "https://www.sec.gov/Archives/edgar/data/814453/000119312516494049/d141771d10ka.htm"
    },
    {
        "date": "2015-09-30",
        "symbol": "NWL",
        "reportedCurrency": "USD",
        "cik": "0000814453",
        "fillingDate": "2015-11-09",
        "acceptedDate": "2015-11-09 16:26:17",
        "calendarYear": "2015",
        "period": "Q3",
        "revenue": 1530000000,
        "costOfRevenue": 931100000,
        "grossProfit": 598900000,
        "grossProfitRatio": 0.3914379085,
        "researchAndDevelopmentExpenses": 0,
        "generalAndAdministrativeExpenses": 391300000,
        "sellingAndMarketingExpenses": 0,
        "sellingGeneralAndAdministrativeExpenses": 391300000,
        "otherExpenses": 0,
        "operatingExpenses": 391300000,
        "costAndExpenses": 1322400000,
        "interestIncome": 0,
        "interestExpense": 17500000,
        "depreciationAndAmortization": 43100000,
        "ebitda": 270900000,
        "ebitdaratio": 0.1770588235,
        "operatingIncome": 186600000,
        "operatingIncomeRatio": 0.1219607843,
        "totalOtherIncomeExpensesNet": -26800000,
        "incomeBeforeTax": 159800000,
        "incomeBeforeTaxRatio": 0.1044444444,
        "incomeTaxExpense": 25800000,
        "netIncome": 134200000,
        "netIncomeRatio": 0.0877124183,
        "eps": 0.5,
        "epsdiluted": 0.5,
        "weightedAverageShsOut": 268800000,
        "weightedAverageShsOutDil": 271000000,
        "link": "https://www.sec.gov/Archives/edgar/data/814453/000081445315000131/0000814453-15-000131-index.htm",
        "finalLink": "https://www.sec.gov/Archives/edgar/data/814453/000081445315000131/nwl-10qx2015xq3.htm"
    },
    {
        "date": "2015-06-30",
        "symbol": "NWL",
        "reportedCurrency": "USD",
        "cik": "0000814453",
        "fillingDate": "2015-08-07",
        "acceptedDate": "2015-08-07 15:33:55",
        "calendarYear": "2015",
        "period": "Q2",
        "revenue": 1560900000,
        "costOfRevenue": 939900000,
        "grossProfit": 621000000,
        "grossProfitRatio": 0.3978473957,
        "researchAndDevelopmentExpenses": 0,
        "generalAndAdministrativeExpenses": 393000000,
        "sellingAndMarketingExpenses": 0,
        "sellingGeneralAndAdministrativeExpenses": 393000000,
        "otherExpenses": 0,
        "operatingExpenses": 393000000,
        "costAndExpenses": 1332900000,
        "interestIncome": 0,
        "interestExpense": 18100000,
        "depreciationAndAmortization": 43300000,
        "ebitda": 292700000,
        "ebitdaratio": 0.1875200205,
        "operatingIncome": 214700000,
        "operatingIncomeRatio": 0.13754885,
        "totalOtherIncomeExpensesNet": -23100000,
        "incomeBeforeTax": 191600000,
        "incomeBeforeTaxRatio": 0.1227496957,
        "incomeTaxExpense": 43500000,
        "netIncome": 148500000,
        "netIncomeRatio": 0.0951374207,
        "eps": 0.55,
        "epsdiluted": 0.55,
        "weightedAverageShsOut": 269700000,
        "weightedAverageShsOutDil": 271700000,
        "link": "https://www.sec.gov/Archives/edgar/data/814453/000081445315000108/0000814453-15-000108-index.htm",
        "finalLink": "https://www.sec.gov/Archives/edgar/data/814453/000081445315000108/nwl-10qx2015xq2.htm"
    },
    {
        "date": "2015-03-31",
        "symbol": "NWL",
        "reportedCurrency": "USD",
        "cik": "0000814453",
        "fillingDate": "2015-05-11",
        "acceptedDate": "2015-05-11 15:38:43",
        "calendarYear": "2015",
        "period": "Q1",
        "revenue": 1264000000,
        "costOfRevenue": 776500000,
        "grossProfit": 487500000,
        "grossProfitRatio": 0.3856803797,
        "researchAndDevelopmentExpenses": 0,
        "generalAndAdministrativeExpenses": 362000000,
        "sellingAndMarketingExpenses": 0,
        "sellingGeneralAndAdministrativeExpenses": 362000000,
        "otherExpenses": -100000,
        "operatingExpenses": 362000000,
        "costAndExpenses": 1138500000,
        "interestIncome": 0,
        "interestExpense": 19200000,
        "depreciationAndAmortization": 42200000,
        "ebitda": 169700000,
        "ebitdaratio": 0.1342563291,
        "operatingIncome": 98200000,
        "operatingIncomeRatio": 0.0776898734,
        "totalOtherIncomeExpensesNet": -19300000,
        "incomeBeforeTax": 78900000,
        "incomeBeforeTaxRatio": 0.0624208861,
        "incomeTaxExpense": 22000000,
        "netIncome": 54100000,
        "netIncomeRatio": 0.0428006329,
        "eps": 0.2,
        "epsdiluted": 0.2,
        "weightedAverageShsOut": 270500000,
        "weightedAverageShsOutDil": 272700000,
        "link": "https://www.sec.gov/Archives/edgar/data/814453/000081445315000059/0000814453-15-000059-index.htm",
        "finalLink": "https://www.sec.gov/Archives/edgar/data/814453/000081445315000059/nwl-10qx2015xq1.htm"
    },
    {
        "date": "2014-12-31",
        "symbol": "NWL",
        "reportedCurrency": "USD",
        "cik": "0000814453",
        "fillingDate": "2015-03-02",
        "acceptedDate": "2015-03-02 16:09:32",
        "calendarYear": "2014",
        "period": "Q4",
        "revenue": 1526000000,
        "costOfRevenue": 951900000,
        "grossProfit": 574100000,
        "grossProfitRatio": 0.3762123198,
        "researchAndDevelopmentExpenses": 107500000,
        "generalAndAdministrativeExpenses": 385600000,
        "sellingAndMarketingExpenses": 0,
        "sellingGeneralAndAdministrativeExpenses": 385600000,
        "otherExpenses": -69300000,
        "operatingExpenses": 385600000,
        "costAndExpenses": 1337500000,
        "interestIncome": 0,
        "interestExpense": 0,
        "depreciationAndAmortization": 41700000,
        "ebitda": 273000000,
        "ebitdaratio": 0.1788990826,
        "operatingIncome": 113500000,
        "operatingIncomeRatio": 0.0743774574,
        "totalOtherIncomeExpensesNet": -53800000,
        "incomeBeforeTax": 59700000,
        "incomeBeforeTaxRatio": 0.0391218873,
        "incomeTaxExpense": 10400000,
        "netIncome": 52000000,
        "netIncomeRatio": 0.0340760157,
        "eps": 0.19,
        "epsdiluted": 0.19,
        "weightedAverageShsOut": 272700000,
        "weightedAverageShsOutDil": 275600000,
        "link": "https://www.sec.gov/Archives/edgar/data/814453/000081445315000041/0000814453-15-000041-index.htm",
        "finalLink": "https://www.sec.gov/Archives/edgar/data/814453/000081445315000041/nwl-12312014x10k.htm"
    },
    {
        "date": "2014-09-30",
        "symbol": "NWL",
        "reportedCurrency": "USD",
        "cik": "0000814453",
        "fillingDate": "2014-11-07",
        "acceptedDate": "2014-11-07 16:46:46",
        "calendarYear": "2014",
        "period": "Q3",
        "revenue": 1484500000,
        "costOfRevenue": 907800000,
        "grossProfit": 576700000,
        "grossProfitRatio": 0.38848097,
        "researchAndDevelopmentExpenses": 0,
        "generalAndAdministrativeExpenses": 383800000,
        "sellingAndMarketingExpenses": 0,
        "sellingGeneralAndAdministrativeExpenses": 383800000,
        "otherExpenses": 0,
        "operatingExpenses": 383800000,
        "costAndExpenses": 1291600000,
        "interestIncome": 0,
        "interestExpense": 14300000,
        "depreciationAndAmortization": 38700000,
        "ebitda": 249200000,
        "ebitdaratio": 0.167867969,
        "operatingIncome": 173200000,
        "operatingIncomeRatio": 0.1166722802,
        "totalOtherIncomeExpensesNet": -22000000,
        "incomeBeforeTax": 151200000,
        "incomeBeforeTaxRatio": 0.1018524756,
        "incomeTaxExpense": 28300000,
        "netIncome": 122300000,
        "netIncomeRatio": 0.0823846413,
        "eps": 0.45,
        "epsdiluted": 0.44,
        "weightedAverageShsOut": 273500000,
        "weightedAverageShsOutDil": 276400000,
        "link": "https://www.sec.gov/Archives/edgar/data/814453/000081445314000140/0000814453-14-000140-index.htm",
        "finalLink": "https://www.sec.gov/Archives/edgar/data/814453/000081445314000140/nwl-10qx2014xq3.htm"
    },
    {
        "date": "2014-06-30",
        "symbol": "NWL",
        "reportedCurrency": "USD",
        "cik": "0000814453",
        "fillingDate": "2014-08-08",
        "acceptedDate": "2014-08-08 16:38:23",
        "calendarYear": "2014",
        "period": "Q2",
        "revenue": 1521000000,
        "costOfRevenue": 912600000,
        "grossProfit": 608400000,
        "grossProfitRatio": 0.4,
        "researchAndDevelopmentExpenses": 0,
        "generalAndAdministrativeExpenses": 383500000,
        "sellingAndMarketingExpenses": 0,
        "sellingGeneralAndAdministrativeExpenses": 383500000,
        "otherExpenses": 2600000,
        "operatingExpenses": 383500000,
        "costAndExpenses": 1296100000,
        "interestIncome": 0,
        "interestExpense": 15000000,
        "depreciationAndAmortization": 37600000,
        "ebitda": 276900000,
        "ebitdaratio": 0.1820512821,
        "operatingIncome": 213400000,
        "operatingIncomeRatio": 0.1403024326,
        "totalOtherIncomeExpensesNet": -12400000,
        "incomeBeforeTax": 201000000,
        "incomeBeforeTaxRatio": 0.1321499014,
        "incomeTaxExpense": 51900000,
        "netIncome": 150600000,
        "netIncomeRatio": 0.0990138067,
        "eps": 0.54,
        "epsdiluted": 0.54,
        "weightedAverageShsOut": 277400000,
        "weightedAverageShsOutDil": 279700000,
        "link": "https://www.sec.gov/Archives/edgar/data/814453/000081445314000125/0000814453-14-000125-index.htm",
        "finalLink": "https://www.sec.gov/Archives/edgar/data/814453/000081445314000125/nwl-10qx2014xq2.htm"
    },
    {
        "date": "2014-03-31",
        "symbol": "NWL",
        "reportedCurrency": "USD",
        "cik": "0000814453",
        "fillingDate": "2014-05-09",
        "acceptedDate": "2014-05-09 17:18:30",
        "calendarYear": "2014",
        "period": "Q1",
        "revenue": 1232200000,
        "costOfRevenue": 762900000,
        "grossProfit": 469300000,
        "grossProfitRatio": 0.3808634962,
        "researchAndDevelopmentExpenses": 0,
        "generalAndAdministrativeExpenses": 352100000,
        "sellingAndMarketingExpenses": 0,
        "sellingGeneralAndAdministrativeExpenses": 352100000,
        "otherExpenses": 0,
        "operatingExpenses": 352100000,
        "costAndExpenses": 1115000000,
        "interestIncome": 0,
        "interestExpense": 14400000,
        "depreciationAndAmortization": 38100000,
        "ebitda": 162500000,
        "ebitdaratio": 0.1318779419,
        "operatingIncome": 105200000,
        "operatingIncomeRatio": 0.0853757507,
        "totalOtherIncomeExpensesNet": -54400000,
        "incomeBeforeTax": 50800000,
        "incomeBeforeTaxRatio": 0.0412270735,
        "incomeTaxExpense": -1300000,
        "netIncome": 52900000,
        "netIncomeRatio": 0.0429313423,
        "eps": 0.19,
        "epsdiluted": 0.19,
        "weightedAverageShsOut": 280900000,
        "weightedAverageShsOutDil": 283800000,
        "link": "https://www.sec.gov/Archives/edgar/data/814453/000081445314000062/0000814453-14-000062-index.htm",
        "finalLink": "https://www.sec.gov/Archives/edgar/data/814453/000081445314000062/nwl-10qx2014xq1.htm"
    },
    {
        "date": "2013-12-31",
        "symbol": "NWL",
        "reportedCurrency": "USD",
        "cik": "0000814453",
        "fillingDate": "2014-03-03",
        "acceptedDate": "2014-03-03 16:11:13",
        "calendarYear": "2013",
        "period": "Q4",
        "revenue": 1489800000,
        "costOfRevenue": 932800000,
        "grossProfit": 557000000,
        "grossProfitRatio": 0.373875688,
        "researchAndDevelopmentExpenses": 102900000,
        "generalAndAdministrativeExpenses": 384400000,
        "sellingAndMarketingExpenses": 0,
        "sellingGeneralAndAdministrativeExpenses": 384400000,
        "otherExpenses": -600000,
        "operatingExpenses": 384400000,
        "costAndExpenses": 1317200000,
        "interestIncome": 0,
        "interestExpense": 0,
        "depreciationAndAmortization": 39500000,
        "ebitda": 225500000,
        "ebitdaratio": 0.151362599,
        "operatingIncome": 159200000,
        "operatingIncomeRatio": 0.1068599812,
        "totalOtherIncomeExpensesNet": -13800000,
        "incomeBeforeTax": 143600000,
        "incomeBeforeTaxRatio": 0.096388777,
        "incomeTaxExpense": 26200000,
        "netIncome": 117300000,
        "netIncomeRatio": 0.0787354007,
        "eps": 0.41,
        "epsdiluted": 0.41,
        "weightedAverageShsOut": 283400000,
        "weightedAverageShsOutDil": 286700000,
        "link": "https://www.sec.gov/Archives/edgar/data/814453/000081445314000038/0000814453-14-000038-index.htm",
        "finalLink": "https://www.sec.gov/Archives/edgar/data/814453/000081445314000038/nwl-12312013x10k.htm"
    },
    {
        "date": "2013-09-30",
        "symbol": "NWL",
        "reportedCurrency": "USD",
        "cik": "0000814453",
        "fillingDate": "2013-11-08",
        "acceptedDate": "2013-11-08 15:28:50",
        "calendarYear": "2013",
        "period": "Q3",
        "revenue": 1487200000,
        "costOfRevenue": 922300000,
        "grossProfit": 564900000,
        "grossProfitRatio": 0.3798413125,
        "researchAndDevelopmentExpenses": 0,
        "generalAndAdministrativeExpenses": 355000000,
        "sellingAndMarketingExpenses": 0,
        "sellingGeneralAndAdministrativeExpenses": 355000000,
        "otherExpenses": -700000,
        "operatingExpenses": 355000000,
        "costAndExpenses": 1277300000,
        "interestIncome": 0,
        "interestExpense": 15700000,
        "depreciationAndAmortization": 39800000,
        "ebitda": 256300000,
        "ebitdaratio": 0.1723372781,
        "operatingIncome": 178600000,
        "operatingIncomeRatio": 0.120091447,
        "totalOtherIncomeExpensesNet": -16400000,
        "incomeBeforeTax": 162200000,
        "incomeBeforeTaxRatio": 0.1090640129,
        "incomeTaxExpense": 39900000,
        "netIncome": 193300000,
        "netIncomeRatio": 0.1299757934,
        "eps": 0.67,
        "epsdiluted": 0.66,
        "weightedAverageShsOut": 290100000,
        "weightedAverageShsOutDil": 292900000,
        "link": "https://www.sec.gov/Archives/edgar/data/814453/000081445313000112/0000814453-13-000112-index.htm",
        "finalLink": "https://www.sec.gov/Archives/edgar/data/814453/000081445313000112/nwl-10qx2013xq3.htm"
    },
    {
        "date": "2013-06-30",
        "symbol": "NWL",
        "reportedCurrency": "USD",
        "cik": "0000814453",
        "fillingDate": "2013-08-09",
        "acceptedDate": "2013-08-09 15:12:11",
        "calendarYear": "2013",
        "period": "Q2",
        "revenue": 1474700000,
        "costOfRevenue": 892000000,
        "grossProfit": 582700000,
        "grossProfitRatio": 0.3951312131,
        "researchAndDevelopmentExpenses": 0,
        "generalAndAdministrativeExpenses": 365300000,
        "sellingAndMarketingExpenses": 0,
        "sellingGeneralAndAdministrativeExpenses": 365300000,
        "otherExpenses": 0,
        "operatingExpenses": 365300000,
        "costAndExpenses": 1257300000,
        "interestIncome": 0,
        "interestExpense": 15000000,
        "depreciationAndAmortization": 39800000,
        "ebitda": 257200000,
        "ebitdaratio": 0.1744083542,
        "operatingIncome": 185400000,
        "operatingIncomeRatio": 0.1257204855,
        "totalOtherIncomeExpensesNet": -19200000,
        "incomeBeforeTax": 166200000,
        "incomeBeforeTaxRatio": 0.1127008883,
        "incomeTaxExpense": 49600000,
        "netIncome": 109800000,
        "netIncomeRatio": 0.0744558215,
        "eps": 0.38,
        "epsdiluted": 0.37,
        "weightedAverageShsOut": 290900000,
        "weightedAverageShsOutDil": 294300000,
        "link": "https://www.sec.gov/Archives/edgar/data/814453/000081445313000096/0000814453-13-000096-index.htm",
        "finalLink": "https://www.sec.gov/Archives/edgar/data/814453/000081445313000096/nwl-10qx2013xq2.htm"
    },
    {
        "date": "2013-03-31",
        "symbol": "NWL",
        "reportedCurrency": "USD",
        "cik": "0000814453",
        "fillingDate": "2013-05-10",
        "acceptedDate": "2013-05-10 16:13:58",
        "calendarYear": "2013",
        "period": "Q1",
        "revenue": 1240800000,
        "costOfRevenue": 767200000,
        "grossProfit": 473600000,
        "grossProfitRatio": 0.3816892328,
        "researchAndDevelopmentExpenses": 0,
        "generalAndAdministrativeExpenses": 341400000,
        "sellingAndMarketingExpenses": 0,
        "sellingGeneralAndAdministrativeExpenses": 341400000,
        "otherExpenses": 0,
        "operatingExpenses": 341400000,
        "costAndExpenses": 1108600000,
        "interestIncome": 0,
        "interestExpense": 14600000,
        "depreciationAndAmortization": 39800000,
        "ebitda": 172000000,
        "ebitdaratio": 0.138620245,
        "operatingIncome": 97800000,
        "operatingIncomeRatio": 0.0788201161,
        "totalOtherIncomeExpensesNet": -27600000,
        "incomeBeforeTax": 70200000,
        "incomeBeforeTaxRatio": 0.0565764023,
        "incomeTaxExpense": 6400000,
        "netIncome": 54200000,
        "netIncomeRatio": 0.0436814958,
        "eps": 0.19,
        "epsdiluted": 0.19,
        "weightedAverageShsOut": 290000000,
        "weightedAverageShsOutDil": 293100000,
        "link": "https://www.sec.gov/Archives/edgar/data/814453/000081445313000079/0000814453-13-000079-index.htm",
        "finalLink": "https://www.sec.gov/Archives/edgar/data/814453/000081445313000079/nwl-10qx2013xq1.htm"
    },
    {
        "date": "2012-12-31",
        "symbol": "NWL",
        "reportedCurrency": "USD",
        "cik": "0000814453",
        "fillingDate": "2013-03-01",
        "acceptedDate": "2013-03-01 14:31:41",
        "calendarYear": "2012",
        "period": "Q4",
        "revenue": 1518800000,
        "costOfRevenue": 963800000,
        "grossProfit": 555000000,
        "grossProfitRatio": 0.3654200685,
        "researchAndDevelopmentExpenses": 116100000,
        "generalAndAdministrativeExpenses": 382600000,
        "sellingAndMarketingExpenses": 0,
        "sellingGeneralAndAdministrativeExpenses": 382600000,
        "otherExpenses": 200000,
        "operatingExpenses": 382600000,
        "costAndExpenses": 1346400000,
        "interestIncome": 4300000,
        "interestExpense": 21700000,
        "depreciationAndAmortization": 41600000,
        "ebitda": 195800000,
        "ebitdaratio": 0.1289175665,
        "operatingIncome": 153800000,
        "operatingIncomeRatio": 0.1012641559,
        "totalOtherIncomeExpensesNet": -21300000,
        "incomeBeforeTax": 132500000,
        "incomeBeforeTaxRatio": 0.0872399263,
        "incomeTaxExpense": 30600000,
        "netIncome": 101900000,
        "netIncomeRatio": 0.0670924414,
        "eps": 0.35,
        "epsdiluted": 0.35,
        "weightedAverageShsOut": 290000000,
        "weightedAverageShsOutDil": 293100000,
        "link": "https://www.sec.gov/Archives/edgar/data/814453/000081445313000036/0000814453-13-000036-index.htm",
        "finalLink": "https://www.sec.gov/Archives/edgar/data/814453/000081445313000036/nwl-12312012x10k.htm"
    },
    {
        "date": "2012-09-30",
        "symbol": "NWL",
        "reportedCurrency": "USD",
        "cik": "0000814453",
        "fillingDate": "2012-11-06",
        "acceptedDate": "2012-11-06 17:19:42",
        "calendarYear": "2012",
        "period": "Q3",
        "revenue": 1535300000,
        "costOfRevenue": 953000000,
        "grossProfit": 582300000,
        "grossProfitRatio": 0.3792744089,
        "researchAndDevelopmentExpenses": 0,
        "generalAndAdministrativeExpenses": 380200000,
        "sellingAndMarketingExpenses": 0,
        "sellingGeneralAndAdministrativeExpenses": 380200000,
        "otherExpenses": 0,
        "operatingExpenses": 380200000,
        "costAndExpenses": 1333200000,
        "interestIncome": 0,
        "interestExpense": 18000000,
        "depreciationAndAmortization": 41300000,
        "ebitda": 240600000,
        "ebitdaratio": 0.1567120432,
        "operatingIncome": 188400000,
        "operatingIncomeRatio": 0.1227121735,
        "totalOtherIncomeExpensesNet": -24900000,
        "incomeBeforeTax": 164800000,
        "incomeBeforeTaxRatio": 0.1073405849,
        "incomeTaxExpense": 58200000,
        "netIncome": 108300000,
        "netIncomeRatio": 0.0705399596,
        "eps": 0.37,
        "epsdiluted": 0.37,
        "weightedAverageShsOut": 290700000,
        "weightedAverageShsOutDil": 292700000,
        "link": "https://www.sec.gov/Archives/edgar/data/814453/000081445312000131/0000814453-12-000131-index.htm",
        "finalLink": "https://www.sec.gov/Archives/edgar/data/814453/000081445312000131/nwl-9302012x10q.htm"
    },
    {
        "date": "2012-06-30",
        "symbol": "NWL",
        "reportedCurrency": "USD",
        "cik": "0000814453",
        "fillingDate": "2012-08-07",
        "acceptedDate": "2012-08-07 17:05:54",
        "calendarYear": "2012",
        "period": "Q2",
        "revenue": 1516200000,
        "costOfRevenue": 935000000,
        "grossProfit": 581200000,
        "grossProfitRatio": 0.3833267379,
        "researchAndDevelopmentExpenses": 0,
        "generalAndAdministrativeExpenses": 384600000,
        "sellingAndMarketingExpenses": 0,
        "sellingGeneralAndAdministrativeExpenses": 384600000,
        "otherExpenses": 0,
        "operatingExpenses": 384600000,
        "costAndExpenses": 1319600000,
        "interestIncome": 0,
        "interestExpense": 20500000,
        "depreciationAndAmortization": 41400000,
        "ebitda": 228800000,
        "ebitdaratio": 0.1509035747,
        "operatingIncome": 185500000,
        "operatingIncomeRatio": 0.122345337,
        "totalOtherIncomeExpensesNet": -13100000,
        "incomeBeforeTax": 164300000,
        "incomeBeforeTaxRatio": 0.1083630128,
        "incomeTaxExpense": 52500000,
        "netIncome": 111800000,
        "netIncomeRatio": 0.073736974,
        "eps": 0.38,
        "epsdiluted": 0.38,
        "weightedAverageShsOut": 292100000,
        "weightedAverageShsOutDil": 294000000,
        "link": "https://www.sec.gov/Archives/edgar/data/814453/000081445312000100/0000814453-12-000100-index.htm",
        "finalLink": "https://www.sec.gov/Archives/edgar/data/814453/000081445312000100/nwl-6302012x10q.htm"
    },
    {
        "date": "2012-03-31",
        "symbol": "NWL",
        "reportedCurrency": "USD",
        "cik": "0000814453",
        "fillingDate": "2012-05-09",
        "acceptedDate": "2012-05-09 17:11:15",
        "calendarYear": "2012",
        "period": "Q1",
        "revenue": 1332400000,
        "costOfRevenue": 821800000,
        "grossProfit": 510600000,
        "grossProfitRatio": 0.3832182528,
        "researchAndDevelopmentExpenses": 0,
        "generalAndAdministrativeExpenses": 373700000,
        "sellingAndMarketingExpenses": 0,
        "sellingGeneralAndAdministrativeExpenses": 373700000,
        "otherExpenses": 0,
        "operatingExpenses": 373700000,
        "costAndExpenses": 1195500000,
        "interestIncome": 0,
        "interestExpense": 20200000,
        "depreciationAndAmortization": 39400000,
        "ebitda": 174700000,
        "ebitdaratio": 0.1311167817,
        "operatingIncome": 124200000,
        "operatingIncomeRatio": 0.0932152507,
        "totalOtherIncomeExpensesNet": -18900000,
        "incomeBeforeTax": 104300000,
        "incomeBeforeTaxRatio": 0.0782797959,
        "incomeTaxExpense": 25000000,
        "netIncome": 79300000,
        "netIncomeRatio": 0.0595166617,
        "eps": 0.27,
        "epsdiluted": 0.27,
        "weightedAverageShsOut": 292100000,
        "weightedAverageShsOutDil": 294700000,
        "link": "https://www.sec.gov/Archives/edgar/data/814453/000081445312000061/0000814453-12-000061-index.htm",
        "finalLink": "https://www.sec.gov/Archives/edgar/data/814453/000081445312000061/nwl-3312012x10q.htm"
    },
    {
        "date": "2011-12-31",
        "symbol": "NWL",
        "reportedCurrency": "USD",
        "cik": "0000814453",
        "fillingDate": "2012-02-29",
        "acceptedDate": "2012-02-29 15:03:12",
        "calendarYear": "2011",
        "period": "Q4",
        "revenue": 1495200000,
        "costOfRevenue": 938600000,
        "grossProfit": 556600000,
        "grossProfitRatio": 0.3722578919,
        "researchAndDevelopmentExpenses": 0,
        "generalAndAdministrativeExpenses": 393300000,
        "sellingAndMarketingExpenses": 0,
        "sellingGeneralAndAdministrativeExpenses": 393300000,
        "otherExpenses": 0,
        "operatingExpenses": 393300000,
        "costAndExpenses": 1331900000,
        "interestIncome": 2200000,
        "interestExpense": 23400000,
        "depreciationAndAmortization": 40500000,
        "ebitda": 165500000,
        "ebitdaratio": 0.1106875334,
        "operatingIncome": 125500000,
        "operatingIncomeRatio": 0.0839352595,
        "totalOtherIncomeExpensesNet": -23900000,
        "incomeBeforeTax": 101600000,
        "incomeBeforeTaxRatio": 0.0679507758,
        "incomeTaxExpense": 19900000,
        "netIncome": 80400000,
        "netIncomeRatio": 0.0537720706,
        "eps": 0.28,
        "epsdiluted": 0.28,
        "weightedAverageShsOut": 291800000,
        "weightedAverageShsOutDil": 292100000,
        "link": "https://www.sec.gov/Archives/edgar/data/814453/000081445312000054/0000814453-12-000054-index.htm",
        "finalLink": "https://www.sec.gov/Archives/edgar/data/814453/000081445312000054/nwl-12312011.htm"
    },
    {
        "date": "2011-09-30",
        "symbol": "NWL",
        "reportedCurrency": "USD",
        "cik": "0000814453",
        "fillingDate": "2011-11-07",
        "acceptedDate": "2011-11-07 17:30:09",
        "calendarYear": "2011",
        "period": "Q3",
        "revenue": 1549900000,
        "costOfRevenue": 970600000,
        "grossProfit": 579300000,
        "grossProfitRatio": 0.3737660494,
        "researchAndDevelopmentExpenses": 0,
        "generalAndAdministrativeExpenses": 383400000,
        "sellingAndMarketingExpenses": 0,
        "sellingGeneralAndAdministrativeExpenses": 383400000,
        "otherExpenses": 0,
        "operatingExpenses": 383400000,
        "costAndExpenses": 1354000000,
        "interestIncome": 0,
        "interestExpense": 21800000,
        "depreciationAndAmortization": 39600000,
        "ebitda": -158600000,
        "ebitdaratio": -0.1023291825,
        "operatingIncome": -192200000,
        "operatingIncomeRatio": -0.1240080005,
        "totalOtherIncomeExpensesNet": -27800000,
        "incomeBeforeTax": -220000000,
        "incomeBeforeTaxRatio": -0.1419446416,
        "incomeTaxExpense": -53600000,
        "netIncome": -177600000,
        "netIncomeRatio": -0.1145880379,
        "eps": -0.61,
        "epsdiluted": -0.61,
        "weightedAverageShsOut": 290800000,
        "weightedAverageShsOutDil": 290800000,
        "link": "https://www.sec.gov/Archives/edgar/data/814453/000081445311000122/0000814453-11-000122-index.htm",
        "finalLink": "https://www.sec.gov/Archives/edgar/data/814453/000081445311000122/nwl-9302011x10q.htm"
    },
    {
        "date": "2011-06-30",
        "symbol": "NWL",
        "reportedCurrency": "USD",
        "cik": "0000814453",
        "fillingDate": "2011-08-05",
        "acceptedDate": "2011-08-05 16:54:21",
        "calendarYear": "2011",
        "period": "Q2",
        "revenue": 1572800000,
        "costOfRevenue": 982900000,
        "grossProfit": 589900000,
        "grossProfitRatio": 0.3750635809,
        "researchAndDevelopmentExpenses": 0,
        "generalAndAdministrativeExpenses": 391000000,
        "sellingAndMarketingExpenses": 0,
        "sellingGeneralAndAdministrativeExpenses": 391000000,
        "otherExpenses": 0,
        "operatingExpenses": 391000000,
        "costAndExpenses": 1373900000,
        "interestIncome": 0,
        "interestExpense": 21300000,
        "depreciationAndAmortization": 40800000,
        "ebitda": 233200000,
        "ebitdaratio": 0.1482706002,
        "operatingIncome": 197900000,
        "operatingIncomeRatio": 0.1258265514,
        "totalOtherIncomeExpensesNet": -24900000,
        "incomeBeforeTax": 173000000,
        "incomeBeforeTaxRatio": 0.1099949135,
        "incomeTaxExpense": 26300000,
        "netIncome": 146700000,
        "netIncomeRatio": 0.0932731434,
        "eps": 0.5,
        "epsdiluted": 0.49,
        "weightedAverageShsOut": 294300000,
        "weightedAverageShsOutDil": 304900000,
        "link": "https://www.sec.gov/Archives/edgar/data/814453/000119312511212468/0001193125-11-212468-index.htm",
        "finalLink": "https://www.sec.gov/Archives/edgar/data/814453/000119312511212468/d10q.htm"
    },
    {
        "date": "2011-03-31",
        "symbol": "NWL",
        "reportedCurrency": "USD",
        "cik": "0000814453",
        "fillingDate": "2011-05-06",
        "acceptedDate": "2011-05-06 17:17:44",
        "calendarYear": "2011",
        "period": "Q1",
        "revenue": 1302700000,
        "costOfRevenue": 811800000,
        "grossProfit": 490900000,
        "grossProfitRatio": 0.376832732,
        "researchAndDevelopmentExpenses": 0,
        "generalAndAdministrativeExpenses": 354500000,
        "sellingAndMarketingExpenses": 0,
        "sellingGeneralAndAdministrativeExpenses": 354500000,
        "otherExpenses": 0,
        "operatingExpenses": 354500000,
        "costAndExpenses": 1166300000,
        "interestIncome": 0,
        "interestExpense": 21900000,
        "depreciationAndAmortization": 40700000,
        "ebitda": 162400000,
        "ebitdaratio": 0.1246641591,
        "operatingIncome": 130600000,
        "operatingIncomeRatio": 0.10025332,
        "totalOtherIncomeExpensesNet": -28200000,
        "incomeBeforeTax": 102400000,
        "incomeBeforeTaxRatio": 0.0786059722,
        "incomeTaxExpense": 26700000,
        "netIncome": 75700000,
        "netIncomeRatio": 0.0581100791,
        "eps": 0.26,
        "epsdiluted": 0.25,
        "weightedAverageShsOut": 294200000,
        "weightedAverageShsOutDil": 298200000,
        "link": "https://www.sec.gov/Archives/edgar/data/814453/000119312511130991/0001193125-11-130991-index.htm",
        "finalLink": "https://www.sec.gov/Archives/edgar/data/814453/000119312511130991/d10q.htm"
    },
    {
        "date": "2010-12-31",
        "symbol": "NWL",
        "reportedCurrency": "USD",
        "cik": "0000814453",
        "fillingDate": "2011-03-01",
        "acceptedDate": "2011-03-01 17:21:03",
        "calendarYear": "2010",
        "period": "Q4",
        "revenue": 1469300000,
        "costOfRevenue": 924600000,
        "grossProfit": 544700000,
        "grossProfitRatio": 0.3707207514,
        "researchAndDevelopmentExpenses": 0,
        "generalAndAdministrativeExpenses": 398800000,
        "sellingAndMarketingExpenses": 0,
        "sellingGeneralAndAdministrativeExpenses": 398800000,
        "otherExpenses": 0,
        "operatingExpenses": 398800000,
        "costAndExpenses": 1323400000,
        "interestIncome": 3500000,
        "interestExpense": 26400000,
        "depreciationAndAmortization": 42100000,
        "ebitda": 165100000,
        "ebitdaratio": 0.112366433,
        "operatingIncome": 121800000,
        "operatingIncomeRatio": 0.0828966174,
        "totalOtherIncomeExpensesNet": -25200000,
        "incomeBeforeTax": 96600000,
        "incomeBeforeTaxRatio": 0.0657455931,
        "incomeTaxExpense": 20900000,
        "netIncome": 75700000,
        "netIncomeRatio": 0.0515211325,
        "eps": 0.26,
        "epsdiluted": 0.26,
        "weightedAverageShsOut": 293500000,
        "weightedAverageShsOutDil": 294200000,
        "link": "https://www.sec.gov/Archives/edgar/data/814453/000119312511052372/0001193125-11-052372-index.htm",
        "finalLink": "https://www.sec.gov/Archives/edgar/data/814453/000119312511052372/d10k.htm"
    },
    {
        "date": "2010-09-30",
        "symbol": "NWL",
        "reportedCurrency": "USD",
        "cik": "0000814453",
        "fillingDate": "2010-11-09",
        "acceptedDate": "2010-11-09 14:49:52",
        "calendarYear": "2010",
        "period": "Q3",
        "revenue": 1487300000,
        "costOfRevenue": 920200000,
        "grossProfit": 567100000,
        "grossProfitRatio": 0.381294964,
        "researchAndDevelopmentExpenses": 0,
        "generalAndAdministrativeExpenses": 376400000,
        "sellingAndMarketingExpenses": 0,
        "sellingGeneralAndAdministrativeExpenses": 376400000,
        "otherExpenses": 0,
        "operatingExpenses": 376400000,
        "costAndExpenses": 1296600000,
        "interestIncome": 0,
        "interestExpense": 30300000,
        "depreciationAndAmortization": 43300000,
        "ebitda": 234000000,
        "ebitdaratio": 0.1573320783,
        "operatingIncome": 174500000,
        "operatingIncomeRatio": 0.1173266994,
        "totalOtherIncomeExpensesNet": -245400000,
        "incomeBeforeTax": -70900000,
        "incomeBeforeTaxRatio": -0.047670275,
        "incomeTaxExpense": -99200000,
        "netIncome": 28300000,
        "netIncomeRatio": 0.0190277684,
        "eps": 0.1,
        "epsdiluted": 0.09,
        "weightedAverageShsOut": 273300000,
        "weightedAverageShsOutDil": 301000000,
        "link": "https://www.sec.gov/Archives/edgar/data/814453/000119312510253944/0001193125-10-253944-index.htm",
        "finalLink": "https://www.sec.gov/Archives/edgar/data/814453/000119312510253944/d10q.htm"
    },
    {
        "date": "2010-06-30",
        "symbol": "NWL",
        "reportedCurrency": "USD",
        "cik": "0000814453",
        "fillingDate": "2010-08-06",
        "acceptedDate": "2010-08-06 16:13:57",
        "calendarYear": "2010",
        "period": "Q2",
        "revenue": 1496200000,
        "costOfRevenue": 908900000,
        "grossProfit": 587300000,
        "grossProfitRatio": 0.3925277369,
        "researchAndDevelopmentExpenses": 0,
        "generalAndAdministrativeExpenses": 362600000,
        "sellingAndMarketingExpenses": 0,
        "sellingGeneralAndAdministrativeExpenses": 362600000,
        "otherExpenses": 0,
        "operatingExpenses": 362600000,
        "costAndExpenses": 1271500000,
        "interestIncome": 0,
        "interestExpense": 33200000,
        "depreciationAndAmortization": 42700000,
        "ebitda": 252100000,
        "ebitdaratio": 0.1684935169,
        "operatingIncome": 203500000,
        "operatingIncomeRatio": 0.1360112284,
        "totalOtherIncomeExpensesNet": -27300000,
        "incomeBeforeTax": 176200000,
        "incomeBeforeTaxRatio": 0.1177650047,
        "incomeTaxExpense": 45800000,
        "netIncome": 130400000,
        "netIncomeRatio": 0.0871541238,
        "eps": 0.46,
        "epsdiluted": 0.41,
        "weightedAverageShsOut": 281500000,
        "weightedAverageShsOutDil": 315400000,
        "link": "https://www.sec.gov/Archives/edgar/data/814453/000119312510181391/0001193125-10-181391-index.htm",
        "finalLink": "https://www.sec.gov/Archives/edgar/data/814453/000119312510181391/d10q.htm"
    },
    {
        "date": "2010-03-31",
        "symbol": "NWL",
        "reportedCurrency": "USD",
        "cik": "0000814453",
        "fillingDate": "2010-05-06",
        "acceptedDate": "2010-05-06 17:26:35",
        "calendarYear": "2010",
        "period": "Q1",
        "revenue": 1306400000,
        "costOfRevenue": 834700000,
        "grossProfit": 471700000,
        "grossProfitRatio": 0.3610685854,
        "researchAndDevelopmentExpenses": 0,
        "generalAndAdministrativeExpenses": 325600000,
        "sellingAndMarketingExpenses": 0,
        "sellingGeneralAndAdministrativeExpenses": 325600000,
        "otherExpenses": 0,
        "operatingExpenses": 325600000,
        "costAndExpenses": 1160300000,
        "interestIncome": 0,
        "interestExpense": 32000000,
        "depreciationAndAmortization": 44200000,
        "ebitda": 174600000,
        "ebitdaratio": 0.1336497244,
        "operatingIncome": 146100000,
        "operatingIncomeRatio": 0.1118340478,
        "totalOtherIncomeExpensesNet": -15700000,
        "incomeBeforeTax": 114400000,
        "incomeBeforeTaxRatio": 0.0875688916,
        "incomeTaxExpense": 42500000,
        "netIncome": 71900000,
        "netIncomeRatio": 0.0550367422,
        "eps": 0.21,
        "epsdiluted": 0.19,
        "weightedAverageShsOut": 281100000,
        "weightedAverageShsOutDil": 307800000,
        "link": "https://www.sec.gov/Archives/edgar/data/814453/000119312510111169/0001193125-10-111169-index.htm",
        "finalLink": "https://www.sec.gov/Archives/edgar/data/814453/000119312510111169/d10q.htm"
    },
    {
        "date": "2009-12-31",
        "symbol": "NWL",
        "reportedCurrency": "USD",
        "cik": "0000814453",
        "fillingDate": "2010-03-01",
        "acceptedDate": "2010-03-01 17:22:12",
        "calendarYear": "2009",
        "period": "Q4",
        "revenue": 1420400000,
        "costOfRevenue": 894600000,
        "grossProfit": 525800000,
        "grossProfitRatio": 0.3701774148,
        "researchAndDevelopmentExpenses": 0,
        "generalAndAdministrativeExpenses": 383500000,
        "sellingAndMarketingExpenses": 0,
        "sellingGeneralAndAdministrativeExpenses": 383500000,
        "otherExpenses": 0,
        "operatingExpenses": 383500000,
        "costAndExpenses": 1278100000,
        "interestIncome": 6300000,
        "interestExpense": 39700000,
        "depreciationAndAmortization": 45500000,
        "ebitda": 176900000,
        "ebitdaratio": 0.1245423824,
        "operatingIncome": 129300000,
        "operatingIncomeRatio": 0.0910306956,
        "totalOtherIncomeExpensesNet": -37600000,
        "incomeBeforeTax": 91700000,
        "incomeBeforeTaxRatio": 0.0645592791,
        "incomeTaxExpense": 31100000,
        "netIncome": 60600000,
        "netIncomeRatio": 0.0426640383,
        "eps": 0.22,
        "epsdiluted": 0.22,
        "weightedAverageShsOut": 281100000,
        "weightedAverageShsOutDil": 281100000,
        "link": "https://www.sec.gov/Archives/edgar/data/814453/000119312510044915/0001193125-10-044915-index.htm",
        "finalLink": "https://www.sec.gov/Archives/edgar/data/814453/000119312510044915/d10k.htm"
    },
    {
        "date": "2009-09-30",
        "symbol": "NWL",
        "reportedCurrency": "USD",
        "cik": "0000814453",
        "fillingDate": "2009-11-09",
        "acceptedDate": "2009-11-09 17:09:02",
        "calendarYear": "2009",
        "period": "Q3",
        "revenue": 1449000000,
        "costOfRevenue": 906400000,
        "grossProfit": 542600000,
        "grossProfitRatio": 0.3744651484,
        "researchAndDevelopmentExpenses": 0,
        "generalAndAdministrativeExpenses": 350300000,
        "sellingAndMarketingExpenses": 0,
        "sellingGeneralAndAdministrativeExpenses": 350300000,
        "otherExpenses": 0,
        "operatingExpenses": 350300000,
        "costAndExpenses": 1256700000,
        "interestIncome": 0,
        "interestExpense": 35700000,
        "depreciationAndAmortization": 45700000,
        "ebitda": 210400000,
        "ebitdaratio": 0.1452035887,
        "operatingIncome": 165300000,
        "operatingIncomeRatio": 0.1140786749,
        "totalOtherIncomeExpensesNet": -36300000,
        "incomeBeforeTax": 129000000,
        "incomeBeforeTaxRatio": 0.0890269151,
        "incomeTaxExpense": 43500000,
        "netIncome": 85500000,
        "netIncomeRatio": 0.0590062112,
        "eps": 0.3,
        "epsdiluted": 0.28,
        "weightedAverageShsOut": 280800000,
        "weightedAverageShsOutDil": 301800000,
        "link": "https://www.sec.gov/Archives/edgar/data/814453/000119312509229570/0001193125-09-229570-index.htm",
        "finalLink": "https://www.sec.gov/Archives/edgar/data/814453/000119312509229570/d10q.htm"
    },
    {
        "date": "2009-06-30",
        "symbol": "NWL",
        "reportedCurrency": "USD",
        "cik": "0000814453",
        "fillingDate": "2009-08-10",
        "acceptedDate": "2009-08-10 15:47:39",
        "calendarYear": "2009",
        "period": "Q2",
        "revenue": 1504300000,
        "costOfRevenue": 946000000,
        "grossProfit": 558300000,
        "grossProfitRatio": 0.3711360766,
        "researchAndDevelopmentExpenses": 0,
        "generalAndAdministrativeExpenses": 329300000,
        "sellingAndMarketingExpenses": 0,
        "sellingGeneralAndAdministrativeExpenses": 329300000,
        "otherExpenses": 0,
        "operatingExpenses": 329300000,
        "costAndExpenses": 1275300000,
        "interestIncome": 0,
        "interestExpense": 40300000,
        "depreciationAndAmortization": 42000000,
        "ebitda": 240300000,
        "ebitdaratio": 0.1597420727,
        "operatingIncome": 199500000,
        "operatingIncomeRatio": 0.1326198232,
        "totalOtherIncomeExpensesNet": -41500000,
        "incomeBeforeTax": 158000000,
        "incomeBeforeTaxRatio": 0.1050322409,
        "incomeTaxExpense": 52300000,
        "netIncome": 105700000,
        "netIncomeRatio": 0.0702652396,
        "eps": 0.38,
        "epsdiluted": 0.37,
        "weightedAverageShsOut": 280800000,
        "weightedAverageShsOutDil": 286800000,
        "link": "https://www.sec.gov/Archives/edgar/data/814453/000119312509170557/0001193125-09-170557-index.htm",
        "finalLink": "https://www.sec.gov/Archives/edgar/data/814453/000119312509170557/d10q.htm"
    },
    {
        "date": "2009-03-31",
        "symbol": "NWL",
        "reportedCurrency": "USD",
        "cik": "0000814453",
        "fillingDate": "2009-05-11",
        "acceptedDate": "2009-05-11 16:40:16",
        "calendarYear": "2009",
        "period": "Q1",
        "revenue": 1203900000,
        "costOfRevenue": 781100000,
        "grossProfit": 422800000,
        "grossProfitRatio": 0.3511919595,
        "researchAndDevelopmentExpenses": 0,
        "generalAndAdministrativeExpenses": 311500000,
        "sellingAndMarketingExpenses": 0,
        "sellingGeneralAndAdministrativeExpenses": 311500000,
        "otherExpenses": 0,
        "operatingExpenses": 311500000,
        "costAndExpenses": 1092600000,
        "interestIncome": 0,
        "interestExpense": 30600000,
        "depreciationAndAmortization": 41900000,
        "ebitda": 122000000,
        "ebitdaratio": 0.1013373204,
        "operatingIncome": 80800000,
        "operatingIncomeRatio": 0.0671152089,
        "totalOtherIncomeExpensesNet": -31300000,
        "incomeBeforeTax": 49500000,
        "incomeBeforeTaxRatio": 0.0411163718,
        "incomeTaxExpense": 15800000,
        "netIncome": 33700000,
        "netIncomeRatio": 0.0279923582,
        "eps": 0.12,
        "epsdiluted": 0.12,
        "weightedAverageShsOut": 280700000,
        "weightedAverageShsOutDil": 280700000,
        "link": "https://www.sec.gov/Archives/edgar/data/814453/000119312509107240/0001193125-09-107240-index.htm",
        "finalLink": "https://www.sec.gov/Archives/edgar/data/814453/000119312509107240/d10q.htm"
    },
    {
        "date": "2008-12-31",
        "symbol": "NWL",
        "reportedCurrency": "USD",
        "cik": "0000814453",
        "fillingDate": "2009-03-02",
        "acceptedDate": "2009-03-02 17:12:28",
        "calendarYear": "2008",
        "period": "Q4",
        "revenue": 1451500000,
        "costOfRevenue": 1016700000,
        "grossProfit": 434800000,
        "grossProfitRatio": 0.2995521874,
        "researchAndDevelopmentExpenses": 0,
        "generalAndAdministrativeExpenses": 354500000,
        "sellingAndMarketingExpenses": 0,
        "sellingGeneralAndAdministrativeExpenses": 354500000,
        "otherExpenses": 299400000,
        "operatingExpenses": 653900000,
        "costAndExpenses": 1670600000,
        "interestIncome": 0,
        "interestExpense": 0,
        "depreciationAndAmortization": 45800000,
        "ebitda": -173300000,
        "ebitdaratio": -0.1193937306,
        "operatingIncome": -238100000,
        "operatingIncomeRatio": -0.1640372029,
        "totalOtherIncomeExpensesNet": -39300000,
        "incomeBeforeTax": -277400000,
        "incomeBeforeTaxRatio": -0.1911126421,
        "incomeTaxExpense": -20700000,
        "netIncome": -256700000,
        "netIncomeRatio": -0.1768515329,
        "eps": -0.91,
        "epsdiluted": -0.91,
        "weightedAverageShsOut": 280700000,
        "weightedAverageShsOutDil": 280700000,
        "link": "https://www.sec.gov/Archives/edgar/data/814453/000119312509042727/0001193125-09-042727-index.htm",
        "finalLink": "https://www.sec.gov/Archives/edgar/data/814453/000119312509042727/d10k.htm"
    },
    {
        "date": "2008-09-30",
        "symbol": "NWL",
        "reportedCurrency": "USD",
        "cik": "0000814453",
        "fillingDate": "2008-11-10",
        "acceptedDate": "2008-11-10 16:39:19",
        "calendarYear": "2008",
        "period": "Q3",
        "revenue": 1760300000,
        "costOfRevenue": 1185600000,
        "grossProfit": 574700000,
        "grossProfitRatio": 0.3264784412,
        "researchAndDevelopmentExpenses": 0,
        "generalAndAdministrativeExpenses": 394300000,
        "sellingAndMarketingExpenses": 0,
        "sellingGeneralAndAdministrativeExpenses": 394300000,
        "otherExpenses": 0,
        "operatingExpenses": 394300000,
        "costAndExpenses": 1579900000,
        "interestIncome": 0,
        "interestExpense": 38800000,
        "depreciationAndAmortization": 46500000,
        "ebitda": 226900000,
        "ebitdaratio": 0.1288984832,
        "operatingIncome": 166900000,
        "operatingIncomeRatio": 0.0948133841,
        "totalOtherIncomeExpensesNet": -94200000,
        "incomeBeforeTax": 72700000,
        "incomeBeforeTaxRatio": 0.0412997784,
        "incomeTaxExpense": 17700000,
        "netIncome": 55000000,
        "netIncomeRatio": 0.0312446742,
        "eps": 0.2,
        "epsdiluted": 0.2,
        "weightedAverageShsOut": 277100000,
        "weightedAverageShsOutDil": 278400000,
        "link": "https://www.sec.gov/Archives/edgar/data/814453/000095013708013605/0000950137-08-013605-index.htm",
        "finalLink": "https://www.sec.gov/Archives/edgar/data/814453/000095013708013605/c47525e10vq.htm"
    },
    {
        "date": "2008-06-30",
        "symbol": "NWL",
        "reportedCurrency": "USD",
        "cik": "0000814453",
        "fillingDate": "2008-08-11",
        "acceptedDate": "2008-08-11 17:06:37",
        "calendarYear": "2008",
        "period": "Q2",
        "revenue": 1825100000,
        "costOfRevenue": 1201900000,
        "grossProfit": 623200000,
        "grossProfitRatio": 0.3414607419,
        "researchAndDevelopmentExpenses": 0,
        "generalAndAdministrativeExpenses": 392900000,
        "sellingAndMarketingExpenses": 0,
        "sellingGeneralAndAdministrativeExpenses": 392900000,
        "otherExpenses": 0,
        "operatingExpenses": 392900000,
        "costAndExpenses": 1594800000,
        "interestIncome": 0,
        "interestExpense": 38700000,
        "depreciationAndAmortization": 46800000,
        "ebitda": 277100000,
        "ebitdaratio": 0.1518272971,
        "operatingIncome": 160900000,
        "operatingIncomeRatio": 0.0881595529,
        "totalOtherIncomeExpensesNet": -39500000,
        "incomeBeforeTax": 121400000,
        "incomeBeforeTaxRatio": 0.0665169032,
        "incomeTaxExpense": 28900000,
        "netIncome": 92500000,
        "netIncomeRatio": 0.0506821544,
        "eps": 0.33,
        "epsdiluted": 0.33,
        "weightedAverageShsOut": 277100000,
        "weightedAverageShsOutDil": 278200000,
        "link": "https://www.sec.gov/Archives/edgar/data/814453/000095013708010531/0000950137-08-010531-index.htm",
        "finalLink": "https://www.sec.gov/Archives/edgar/data/814453/000095013708010531/c34609e10vq.htm"
    },
    {
        "date": "2008-03-31",
        "symbol": "NWL",
        "reportedCurrency": "USD",
        "cik": "0000814453",
        "fillingDate": "2008-05-12",
        "acceptedDate": "2008-05-12 15:30:46",
        "calendarYear": "2008",
        "period": "Q1",
        "revenue": 1433700000,
        "costOfRevenue": 943200000,
        "grossProfit": 490500000,
        "grossProfitRatio": 0.3421217828,
        "researchAndDevelopmentExpenses": 0,
        "generalAndAdministrativeExpenses": 361000000,
        "sellingAndMarketingExpenses": 0,
        "sellingGeneralAndAdministrativeExpenses": 361000000,
        "otherExpenses": 0,
        "operatingExpenses": 361000000,
        "costAndExpenses": 1304200000,
        "interestIncome": 0,
        "interestExpense": 25800000,
        "depreciationAndAmortization": 44200000,
        "ebitda": 173700000,
        "ebitdaratio": 0.1211550534,
        "operatingIncome": 111100000,
        "operatingIncomeRatio": 0.0774918044,
        "totalOtherIncomeExpensesNet": -26000000,
        "incomeBeforeTax": 85100000,
        "incomeBeforeTaxRatio": 0.0593569087,
        "incomeTaxExpense": 27700000,
        "netIncome": 56900000,
        "netIncomeRatio": 0.0396875218,
        "eps": 0.21,
        "epsdiluted": 0.2,
        "weightedAverageShsOut": 276900000,
        "weightedAverageShsOutDil": 278200000,
        "link": "https://www.sec.gov/Archives/edgar/data/814453/000095013708007241/0000950137-08-007241-index.htm",
        "finalLink": "https://www.sec.gov/Archives/edgar/data/814453/000095013708007241/c26543e10vq.htm"
    },
    {
        "date": "2007-12-31",
        "symbol": "NWL",
        "reportedCurrency": "USD",
        "cik": "0000814453",
        "fillingDate": "2008-02-29",
        "acceptedDate": "2008-02-29 15:58:00",
        "calendarYear": "2007",
        "period": "Q4",
        "revenue": 1642500000,
        "costOfRevenue": 1066600000,
        "grossProfit": 575900000,
        "grossProfitRatio": 0.3506240487,
        "researchAndDevelopmentExpenses": 0,
        "generalAndAdministrativeExpenses": 370700000,
        "sellingAndMarketingExpenses": 0,
        "sellingGeneralAndAdministrativeExpenses": 370700000,
        "otherExpenses": 0,
        "operatingExpenses": 370700000,
        "costAndExpenses": 1437300000,
        "interestIncome": 0,
        "interestExpense": 0,
        "depreciationAndAmortization": 42600000,
        "ebitda": 247800000,
        "ebitdaratio": 0.1508675799,
        "operatingIncome": 172900000,
        "operatingIncomeRatio": 0.1052663623,
        "totalOtherIncomeExpensesNet": -24100000,
        "incomeBeforeTax": 148800000,
        "incomeBeforeTaxRatio": 0.0905936073,
        "incomeTaxExpense": 47800000,
        "netIncome": 105400000,
        "netIncomeRatio": 0.0641704718,
        "eps": 0.38,
        "epsdiluted": 0.38,
        "weightedAverageShsOut": 276000000,
        "weightedAverageShsOutDil": 276900000,
        "link": "https://www.sec.gov/Archives/edgar/data/814453/000095013708003094/0000950137-08-003094-index.htm",
        "finalLink": "https://www.sec.gov/Archives/edgar/data/814453/000095013708003094/c24008e10vk.htm"
    },
    {
        "date": "2007-09-30",
        "symbol": "NWL",
        "reportedCurrency": "USD",
        "cik": "0000814453",
        "fillingDate": "2007-11-09",
        "acceptedDate": "2007-11-09 16:41:29",
        "calendarYear": "2007",
        "period": "Q3",
        "revenue": 1687300000,
        "costOfRevenue": 1086300000,
        "grossProfit": 601000000,
        "grossProfitRatio": 0.3561903633,
        "researchAndDevelopmentExpenses": 0,
        "generalAndAdministrativeExpenses": 364500000,
        "sellingAndMarketingExpenses": 0,
        "sellingGeneralAndAdministrativeExpenses": 364500000,
        "otherExpenses": 0,
        "operatingExpenses": 364500000,
        "costAndExpenses": 1450800000,
        "interestIncome": 0,
        "interestExpense": 28000000,
        "depreciationAndAmortization": 42000000,
        "ebitda": 278500000,
        "ebitdaratio": 0.1650565993,
        "operatingIncome": 213800000,
        "operatingIncomeRatio": 0.1267113139,
        "totalOtherIncomeExpensesNet": -30100000,
        "incomeBeforeTax": 183700000,
        "incomeBeforeTaxRatio": 0.1088721626,
        "incomeTaxExpense": 13800000,
        "netIncome": 170200000,
        "netIncomeRatio": 0.1008712144,
        "eps": 0.62,
        "epsdiluted": 0.61,
        "weightedAverageShsOut": 276000000,
        "weightedAverageShsOutDil": 286100000,
        "link": "https://www.sec.gov/Archives/edgar/data/814453/000095013707016947/0000950137-07-016947-index.htm",
        "finalLink": "https://www.sec.gov/Archives/edgar/data/814453/000095013707016947/c21321e10vq.htm"
    },
    {
        "date": "2007-06-30",
        "symbol": "NWL",
        "reportedCurrency": "USD",
        "cik": "0000814453",
        "fillingDate": "2007-08-09",
        "acceptedDate": "2007-08-09 16:27:45",
        "calendarYear": "2007",
        "period": "Q2",
        "revenue": 1693100000,
        "costOfRevenue": 1087500000,
        "grossProfit": 605600000,
        "grossProfitRatio": 0.3576870829,
        "researchAndDevelopmentExpenses": 0,
        "generalAndAdministrativeExpenses": 357300000,
        "sellingAndMarketingExpenses": 0,
        "sellingGeneralAndAdministrativeExpenses": 357300000,
        "otherExpenses": 0,
        "operatingExpenses": 357300000,
        "costAndExpenses": 1444800000,
        "interestIncome": 0,
        "interestExpense": 27500000,
        "depreciationAndAmortization": 46300000,
        "ebitda": 294600000,
        "ebitdaratio": 0.1740003544,
        "operatingIncome": 232800000,
        "operatingIncomeRatio": 0.1374992617,
        "totalOtherIncomeExpensesNet": -29000000,
        "incomeBeforeTax": 203800000,
        "incomeBeforeTaxRatio": 0.1203709173,
        "incomeTaxExpense": 60600000,
        "netIncome": 142200000,
        "netIncomeRatio": 0.0839879511,
        "eps": 0.52,
        "epsdiluted": 0.51,
        "weightedAverageShsOut": 276000000,
        "weightedAverageShsOutDil": 286100000,
        "link": "https://www.sec.gov/Archives/edgar/data/814453/000095013707011811/0000950137-07-011811-index.htm",
        "finalLink": "https://www.sec.gov/Archives/edgar/data/814453/000095013707011811/c17470e10vq.htm"
    },
    {
        "date": "2007-03-31",
        "symbol": "NWL",
        "reportedCurrency": "USD",
        "cik": "0000814453",
        "fillingDate": "2007-05-10",
        "acceptedDate": "2007-05-10 13:00:15",
        "calendarYear": "2007",
        "period": "Q1",
        "revenue": 1384400000,
        "costOfRevenue": 909700000,
        "grossProfit": 474700000,
        "grossProfitRatio": 0.3428922277,
        "researchAndDevelopmentExpenses": 0,
        "generalAndAdministrativeExpenses": 338400000,
        "sellingAndMarketingExpenses": 0,
        "sellingGeneralAndAdministrativeExpenses": 338400000,
        "otherExpenses": 0,
        "operatingExpenses": 338400000,
        "costAndExpenses": 1248100000,
        "interestIncome": 0,
        "interestExpense": 27400000,
        "depreciationAndAmortization": 46100000,
        "ebitda": 182400000,
        "ebitdaratio": 0.1317538284,
        "operatingIncome": 120800000,
        "operatingIncomeRatio": 0.0872580179,
        "totalOtherIncomeExpensesNet": -28200000,
        "incomeBeforeTax": 92600000,
        "incomeBeforeTaxRatio": 0.0668881826,
        "incomeTaxExpense": 27500000,
        "netIncome": 49300000,
        "netIncomeRatio": 0.0356110951,
        "eps": 0.18,
        "epsdiluted": 0.18,
        "weightedAverageShsOut": 275900000,
        "weightedAverageShsOutDil": 277900000,
        "link": "https://www.sec.gov/Archives/edgar/data/814453/000095013707007200/0000950137-07-007200-index.htm",
        "finalLink": "https://www.sec.gov/Archives/edgar/data/814453/000095013707007200/c15090e10vq.htm"
    },
    {
        "date": "2006-12-31",
        "symbol": "NWL",
        "reportedCurrency": "USD",
        "cik": "0000814453",
        "fillingDate": "2007-03-01",
        "acceptedDate": "2007-03-01 15:31:39",
        "calendarYear": "2006",
        "period": "Q4",
        "revenue": 1638200000,
        "costOfRevenue": 1098500000,
        "grossProfit": 539700000,
        "grossProfitRatio": 0.329446954,
        "researchAndDevelopmentExpenses": 0,
        "generalAndAdministrativeExpenses": 356700000,
        "sellingAndMarketingExpenses": 0,
        "sellingGeneralAndAdministrativeExpenses": 356700000,
        "otherExpenses": 0,
        "operatingExpenses": 356700000,
        "costAndExpenses": 1455200000,
        "interestIncome": 0,
        "interestExpense": 0,
        "depreciationAndAmortization": 46200000,
        "ebitda": 229200000,
        "ebitdaratio": 0.1399096569,
        "operatingIncome": 166900000,
        "operatingIncomeRatio": 0.1018801123,
        "totalOtherIncomeExpensesNet": -31800000,
        "incomeBeforeTax": 135100000,
        "incomeBeforeTaxRatio": 0.0824685631,
        "incomeTaxExpense": 42800000,
        "netIncome": 102200000,
        "netIncomeRatio": 0.0623855451,
        "eps": 0.37,
        "epsdiluted": 0.37,
        "weightedAverageShsOut": 274600000,
        "weightedAverageShsOutDil": 275900000,
        "link": "https://www.sec.gov/Archives/edgar/data/814453/000095013707003109/0000950137-07-003109-index.htm",
        "finalLink": "https://www.sec.gov/Archives/edgar/data/814453/000095013707003109/c12738e10vk.htm"
    },
    {
        "date": "2006-09-30",
        "symbol": "NWL",
        "reportedCurrency": "USD",
        "cik": "0000814453",
        "fillingDate": "2006-11-06",
        "acceptedDate": "2006-11-06 16:11:20",
        "calendarYear": "2006",
        "period": "Q3",
        "revenue": 1586100000,
        "costOfRevenue": 1050900000,
        "grossProfit": 535200000,
        "grossProfitRatio": 0.3374314356,
        "researchAndDevelopmentExpenses": 0,
        "generalAndAdministrativeExpenses": 334900000,
        "sellingAndMarketingExpenses": 0,
        "sellingGeneralAndAdministrativeExpenses": 334900000,
        "otherExpenses": 0,
        "operatingExpenses": 334900000,
        "costAndExpenses": 1385800000,
        "interestIncome": 0,
        "interestExpense": 32900000,
        "depreciationAndAmortization": 42000000,
        "ebitda": 242300000,
        "ebitdaratio": 0.1527646428,
        "operatingIncome": 178200000,
        "operatingIncomeRatio": 0.1123510497,
        "totalOtherIncomeExpensesNet": -36300000,
        "incomeBeforeTax": 141900000,
        "incomeBeforeTaxRatio": 0.0894647248,
        "incomeTaxExpense": 29200000,
        "netIncome": 108500000,
        "netIncomeRatio": 0.0684067839,
        "eps": 0.39,
        "epsdiluted": 0.39,
        "weightedAverageShsOut": 274600000,
        "weightedAverageShsOutDil": 275600000,
        "link": "https://www.sec.gov/Archives/edgar/data/814453/000095013706011874/0000950137-06-011874-index.htm",
        "finalLink": "https://www.sec.gov/Archives/edgar/data/814453/000095013706011874/c09723e10vq.htm"
    },
    {
        "date": "2006-06-30",
        "symbol": "NWL",
        "reportedCurrency": "USD",
        "cik": "0000814453",
        "fillingDate": "2006-08-07",
        "acceptedDate": "2006-08-07 14:55:44",
        "calendarYear": "2006",
        "period": "Q2",
        "revenue": 1696800000,
        "costOfRevenue": 1122400000,
        "grossProfit": 574400000,
        "grossProfitRatio": 0.3385195662,
        "researchAndDevelopmentExpenses": 0,
        "generalAndAdministrativeExpenses": 353600000,
        "sellingAndMarketingExpenses": 0,
        "sellingGeneralAndAdministrativeExpenses": 353600000,
        "otherExpenses": 0,
        "operatingExpenses": 353600000,
        "costAndExpenses": 1476000000,
        "interestIncome": 0,
        "interestExpense": 35600000,
        "depreciationAndAmortization": 51600000,
        "ebitda": 272400000,
        "ebitdaratio": 0.1605374823,
        "operatingIncome": 201000000,
        "operatingIncomeRatio": 0.1184582744,
        "totalOtherIncomeExpensesNet": -37400000,
        "incomeBeforeTax": 164400000,
        "incomeBeforeTaxRatio": 0.0968882603,
        "incomeTaxExpense": 28700000,
        "netIncome": 119500000,
        "netIncomeRatio": 0.0704266855,
        "eps": 0.44,
        "epsdiluted": 0.43,
        "weightedAverageShsOut": 274600000,
        "weightedAverageShsOutDil": 283600000,
        "link": "https://www.sec.gov/Archives/edgar/data/814453/000095013706008765/0000950137-06-008765-index.htm",
        "finalLink": "https://www.sec.gov/Archives/edgar/data/814453/000095013706008765/c07477e10vq.htm"
    },
    {
        "date": "2006-03-31",
        "symbol": "NWL",
        "reportedCurrency": "USD",
        "cik": "0000814453",
        "fillingDate": "2006-05-02",
        "acceptedDate": "2006-05-02 16:33:50",
        "calendarYear": "2006",
        "period": "Q1",
        "revenue": 1484800000,
        "costOfRevenue": 1026000000,
        "grossProfit": 458800000,
        "grossProfitRatio": 0.3089978448,
        "researchAndDevelopmentExpenses": 0,
        "generalAndAdministrativeExpenses": 346900000,
        "sellingAndMarketingExpenses": 0,
        "sellingGeneralAndAdministrativeExpenses": 346900000,
        "otherExpenses": 50900000,
        "operatingExpenses": 397800000,
        "costAndExpenses": 1423800000,
        "interestIncome": 0,
        "interestExpense": 33700000,
        "depreciationAndAmortization": 53500000,
        "ebitda": 172400000,
        "ebitdaratio": 0.1161099138,
        "operatingIncome": 31200000,
        "operatingIncomeRatio": 0.021012931,
        "totalOtherIncomeExpensesNet": -115400000,
        "incomeBeforeTax": -5600000,
        "incomeBeforeTaxRatio": -0.0037715517,
        "incomeTaxExpense": -62000000,
        "netIncome": 54800000,
        "netIncomeRatio": 0.0369073276,
        "eps": 0.2,
        "epsdiluted": 0.2,
        "weightedAverageShsOut": 274500000,
        "weightedAverageShsOutDil": 283300000,
        "link": "https://www.sec.gov/Archives/edgar/data/814453/000095013706005264/0000950137-06-005264-index.htm",
        "finalLink": "https://www.sec.gov/Archives/edgar/data/814453/000095013706005264/c04811e10vq.htm"
    },
    {
        "date": "2005-12-31",
        "symbol": "NWL",
        "reportedCurrency": "USD",
        "cik": "0000814453",
        "fillingDate": "2006-02-16",
        "acceptedDate": "2006-02-16 16:44:28",
        "calendarYear": "2005",
        "period": "Q4",
        "revenue": 1726200000,
        "costOfRevenue": 1215200000,
        "grossProfit": 511000000,
        "grossProfitRatio": 0.296025953,
        "researchAndDevelopmentExpenses": 0,
        "generalAndAdministrativeExpenses": 326800000,
        "sellingAndMarketingExpenses": 0,
        "sellingGeneralAndAdministrativeExpenses": 326800000,
        "otherExpenses": -24200000,
        "operatingExpenses": 302600000,
        "costAndExpenses": 1517800000,
        "interestIncome": 0,
        "interestExpense": 0,
        "depreciationAndAmortization": 52300000,
        "ebitda": 260700000,
        "ebitdaratio": 0.1510253737,
        "operatingIncome": 157300000,
        "operatingIncomeRatio": 0.0911250145,
        "totalOtherIncomeExpensesNet": -8900000,
        "incomeBeforeTax": 148400000,
        "incomeBeforeTaxRatio": 0.0859691809,
        "incomeTaxExpense": 33800000,
        "netIncome": 77000000,
        "netIncomeRatio": 0.0446066504,
        "eps": 0.28,
        "epsdiluted": 0.28,
        "weightedAverageShsOut": 274400000,
        "weightedAverageShsOutDil": 274500000,
        "link": "https://www.sec.gov/Archives/edgar/data/814453/000095013706001966/0000950137-06-001966-index.htm",
        "finalLink": "https://www.sec.gov/Archives/edgar/data/814453/000095013706001966/c01752e10vk.htm"
    },
    {
        "date": "2005-09-30",
        "symbol": "NWL",
        "reportedCurrency": "USD",
        "cik": "0000814453",
        "fillingDate": "2005-11-09",
        "acceptedDate": "2005-11-09 06:06:52",
        "calendarYear": "2005",
        "period": "Q3",
        "revenue": 1598200000,
        "costOfRevenue": 1098000000,
        "grossProfit": 500200000,
        "grossProfitRatio": 0.3129770992,
        "researchAndDevelopmentExpenses": 0,
        "generalAndAdministrativeExpenses": 311500000,
        "sellingAndMarketingExpenses": 0,
        "sellingGeneralAndAdministrativeExpenses": 311500000,
        "otherExpenses": 58600000,
        "operatingExpenses": 370100000,
        "costAndExpenses": 1468100000,
        "interestIncome": 0,
        "interestExpense": 34300000,
        "depreciationAndAmortization": 51600000,
        "ebitda": 254100000,
        "ebitdaratio": 0.1589913653,
        "operatingIncome": 115500000,
        "operatingIncomeRatio": 0.0722688024,
        "totalOtherIncomeExpensesNet": -118200000,
        "incomeBeforeTax": 81800000,
        "incomeBeforeTaxRatio": 0.0511825804,
        "incomeTaxExpense": 28300000,
        "netIncome": 71500000,
        "netIncomeRatio": 0.0447378301,
        "eps": 0.26,
        "epsdiluted": 0.26,
        "weightedAverageShsOut": 274400000,
        "weightedAverageShsOutDil": 283300000,
        "link": "https://www.sec.gov/Archives/edgar/data/814453/000095013405020937/0000950134-05-020937-index.htm",
        "finalLink": "https://www.sec.gov/Archives/edgar/data/814453/000095013405020937/c99799e10vq.htm"
    },
    {
        "date": "2005-06-30",
        "symbol": "NWL",
        "reportedCurrency": "USD",
        "cik": "0000814453",
        "fillingDate": "2005-08-05",
        "acceptedDate": "2005-08-05 12:03:51",
        "calendarYear": "2005",
        "period": "Q2",
        "revenue": 1641100000,
        "costOfRevenue": 1132800000,
        "grossProfit": 508300000,
        "grossProfitRatio": 0.3097312778,
        "researchAndDevelopmentExpenses": 0,
        "generalAndAdministrativeExpenses": 324400000,
        "sellingAndMarketingExpenses": 0,
        "sellingGeneralAndAdministrativeExpenses": 324400000,
        "otherExpenses": 0,
        "operatingExpenses": 324400000,
        "costAndExpenses": 1457200000,
        "interestIncome": 0,
        "interestExpense": 31000000,
        "depreciationAndAmortization": 54300000,
        "ebitda": 244400000,
        "ebitdaratio": 0.1489245019,
        "operatingIncome": 183600000,
        "operatingIncomeRatio": 0.1118761806,
        "totalOtherIncomeExpensesNet": -32900000,
        "incomeBeforeTax": 150700000,
        "incomeBeforeTaxRatio": 0.0918286515,
        "incomeTaxExpense": 47200000,
        "netIncome": 66200000,
        "netIncomeRatio": 0.0403387971,
        "eps": 0.24,
        "epsdiluted": 0.24,
        "weightedAverageShsOut": 274400000,
        "weightedAverageShsOutDil": 274700000,
        "link": "https://www.sec.gov/Archives/edgar/data/814453/000095013705009684/0000950137-05-009684-index.htm",
        "finalLink": "https://www.sec.gov/Archives/edgar/data/814453/000095013705009684/c97413e10vq.htm"
    },
    {
        "date": "2005-03-31",
        "symbol": "NWL",
        "reportedCurrency": "USD",
        "cik": "0000814453",
        "fillingDate": "2005-05-06",
        "acceptedDate": "2005-05-06 09:41:26",
        "calendarYear": "2005",
        "period": "Q1",
        "revenue": 1393600000,
        "costOfRevenue": 1014700000,
        "grossProfit": 378900000,
        "grossProfitRatio": 0.2718857635,
        "researchAndDevelopmentExpenses": 0,
        "generalAndAdministrativeExpenses": 304000000,
        "sellingAndMarketingExpenses": 0,
        "sellingGeneralAndAdministrativeExpenses": 304000000,
        "otherExpenses": 0,
        "operatingExpenses": 304000000,
        "costAndExpenses": 1318700000,
        "interestIncome": 0,
        "interestExpense": 30800000,
        "depreciationAndAmortization": 55600000,
        "ebitda": 131000000,
        "ebitdaratio": 0.0940011481,
        "operatingIncome": 68700000,
        "operatingIncomeRatio": 0.0492967853,
        "totalOtherIncomeExpensesNet": -26000000,
        "incomeBeforeTax": 40200000,
        "incomeBeforeTaxRatio": 0.0288461538,
        "incomeTaxExpense": -46700000,
        "netIncome": 36600000,
        "netIncomeRatio": 0.0262629162,
        "eps": 0.13,
        "epsdiluted": 0.13,
        "weightedAverageShsOut": 274400000,
        "weightedAverageShsOutDil": 274900000,
        "link": "https://www.sec.gov/Archives/edgar/data/814453/000095013705005473/0000950137-05-005473-index.htm",
        "finalLink": "https://www.sec.gov/Archives/edgar/data/814453/000095013705005473/c94859e10vq.htm"
    },
    {
        "date": "2004-12-31",
        "symbol": "NWL",
        "reportedCurrency": "USD",
        "cik": "0000814453",
        "fillingDate": "2005-03-03",
        "acceptedDate": "2005-03-03 17:14:21",
        "calendarYear": "2004",
        "period": "Q4",
        "revenue": 1808500000,
        "costOfRevenue": 1286900000,
        "grossProfit": 521600000,
        "grossProfitRatio": 0.2884158142,
        "researchAndDevelopmentExpenses": 0,
        "generalAndAdministrativeExpenses": 324300000,
        "sellingAndMarketingExpenses": 0,
        "sellingGeneralAndAdministrativeExpenses": 324300000,
        "otherExpenses": 0,
        "operatingExpenses": 324300000,
        "costAndExpenses": 1611200000,
        "interestIncome": 0,
        "interestExpense": 0,
        "depreciationAndAmortization": 63700000,
        "ebitda": 261000000,
        "ebitdaratio": 0.144318496,
        "operatingIncome": 193100000,
        "operatingIncomeRatio": 0.1067735693,
        "totalOtherIncomeExpensesNet": -22200000,
        "incomeBeforeTax": 170900000,
        "incomeBeforeTaxRatio": 0.0944982029,
        "incomeTaxExpense": 46700000,
        "netIncome": 124200000,
        "netIncomeRatio": 0.0686756981,
        "eps": 0.45,
        "epsdiluted": 0.45,
        "weightedAverageShsOut": 274400000,
        "weightedAverageShsOutDil": 274400000,
        "link": "https://www.sec.gov/Archives/edgar/data/814453/000095013705002621/0000950137-05-002621-index.htm",
        "finalLink": "https://www.sec.gov/Archives/edgar/data/814453/000095013705002621/c91569e10vk.htm"
    },
    {
        "date": "2004-09-30",
        "symbol": "NWL",
        "reportedCurrency": "USD",
        "cik": "0000814453",
        "fillingDate": "2004-11-09",
        "acceptedDate": "2004-11-09 15:50:56",
        "calendarYear": "2004",
        "period": "Q3",
        "revenue": 1671800000,
        "costOfRevenue": 1198500000,
        "grossProfit": 473300000,
        "grossProfitRatio": 0.2831080273,
        "researchAndDevelopmentExpenses": 0,
        "generalAndAdministrativeExpenses": 307100000,
        "sellingAndMarketingExpenses": 0,
        "sellingGeneralAndAdministrativeExpenses": 307100000,
        "otherExpenses": 348800000,
        "operatingExpenses": 655900000,
        "costAndExpenses": 1854400000,
        "interestIncome": 0,
        "interestExpense": 29500000,
        "depreciationAndAmortization": 58400000,
        "ebitda": -35400000,
        "ebitdaratio": -0.0211747817,
        "operatingIncome": -182700000,
        "operatingIncomeRatio": -0.1092834071,
        "totalOtherIncomeExpensesNet": -29200000,
        "incomeBeforeTax": -211400000,
        "incomeBeforeTaxRatio": -0.1264505324,
        "incomeTaxExpense": 23600000,
        "netIncome": -226400000,
        "netIncomeRatio": -0.1354228975,
        "eps": -0.83,
        "epsdiluted": -0.83,
        "weightedAverageShsOut": 274400000,
        "weightedAverageShsOutDil": 274400000,
        "link": "https://www.sec.gov/Archives/edgar/data/814453/000095013704009667/0000950137-04-009667-index.htm",
        "finalLink": "https://www.sec.gov/Archives/edgar/data/814453/000095013704009667/c89466e10vq.htm"
    },
    {
        "date": "2004-06-30",
        "symbol": "NWL",
        "reportedCurrency": "USD",
        "cik": "0000814453",
        "fillingDate": "2004-08-09",
        "acceptedDate": "2004-08-09 16:15:49",
        "calendarYear": "2004",
        "period": "Q2",
        "revenue": 1735800000,
        "costOfRevenue": 1249400000,
        "grossProfit": 486400000,
        "grossProfitRatio": 0.2802166148,
        "researchAndDevelopmentExpenses": 0,
        "generalAndAdministrativeExpenses": 328400000,
        "sellingAndMarketingExpenses": 0,
        "sellingGeneralAndAdministrativeExpenses": 328400000,
        "otherExpenses": 25100000,
        "operatingExpenses": 353500000,
        "costAndExpenses": 1602900000,
        "interestIncome": 0,
        "interestExpense": 29500000,
        "depreciationAndAmortization": 62500000,
        "ebitda": 186700000,
        "ebitdaratio": 0.1075584745,
        "operatingIncome": 107800000,
        "operatingIncomeRatio": 0.062103929,
        "totalOtherIncomeExpensesNet": -31200000,
        "incomeBeforeTax": 77000000,
        "incomeBeforeTaxRatio": 0.0443599493,
        "incomeTaxExpense": 19400000,
        "netIncome": 61000000,
        "netIncomeRatio": 0.0351422975,
        "eps": 0.22,
        "epsdiluted": 0.22,
        "weightedAverageShsOut": 274400000,
        "weightedAverageShsOutDil": 274500000,
        "link": "https://www.sec.gov/Archives/edgar/data/814453/000095013704006451/0000950137-04-006451-index.htm",
        "finalLink": "https://www.sec.gov/Archives/edgar/data/814453/000095013704006451/c87344e10vq.htm"
    },
    {
        "date": "2004-03-31",
        "symbol": "NWL",
        "reportedCurrency": "USD",
        "cik": "0000814453",
        "fillingDate": "2004-05-10",
        "acceptedDate": "2004-05-10 16:45:24",
        "calendarYear": "2004",
        "period": "Q1",
        "revenue": 1541000000,
        "costOfRevenue": 1129500000,
        "grossProfit": 411500000,
        "grossProfitRatio": 0.2670343933,
        "researchAndDevelopmentExpenses": 0,
        "generalAndAdministrativeExpenses": 313800000,
        "sellingAndMarketingExpenses": 0,
        "sellingGeneralAndAdministrativeExpenses": 313800000,
        "otherExpenses": 0,
        "operatingExpenses": 313800000,
        "costAndExpenses": 1443300000,
        "interestIncome": 0,
        "interestExpense": 30900000,
        "depreciationAndAmortization": 64500000,
        "ebitda": 169100000,
        "ebitdaratio": 0.109733939,
        "operatingIncome": 74900000,
        "operatingIncomeRatio": 0.0486048021,
        "totalOtherIncomeExpensesNet": -33200000,
        "incomeBeforeTax": 48300000,
        "incomeBeforeTaxRatio": 0.0313432836,
        "incomeTaxExpense": 15200000,
        "netIncome": -74900000,
        "netIncomeRatio": -0.0486048021,
        "eps": -0.27,
        "epsdiluted": -0.27,
        "weightedAverageShsOut": 274400000,
        "weightedAverageShsOutDil": 274500000,
        "link": "https://www.sec.gov/Archives/edgar/data/814453/000095013704003845/0000950137-04-003845-index.htm",
        "finalLink": "https://www.sec.gov/Archives/edgar/data/814453/000095013704003845/c85256e10vq.htm"
    },
    {
        "date": "2003-12-31",
        "symbol": "NWL",
        "reportedCurrency": "USD",
        "cik": "0000814453",
        "fillingDate": "2004-03-15",
        "acceptedDate": "2004-03-15 15:54:53",
        "calendarYear": "2003",
        "period": "Q4",
        "revenue": 2092800000,
        "costOfRevenue": 1561200000,
        "grossProfit": 531600000,
        "grossProfitRatio": 0.2540137615,
        "researchAndDevelopmentExpenses": 0,
        "generalAndAdministrativeExpenses": 350400000,
        "sellingAndMarketingExpenses": 0,
        "sellingGeneralAndAdministrativeExpenses": 350400000,
        "otherExpenses": 289400000,
        "operatingExpenses": 639800000,
        "costAndExpenses": 2201000000,
        "interestIncome": 0,
        "interestExpense": 0,
        "depreciationAndAmortization": 69600000,
        "ebitda": -38600000,
        "ebitdaratio": -0.0184441896,
        "operatingIncome": -187200000,
        "operatingIncomeRatio": -0.0894495413,
        "totalOtherIncomeExpensesNet": -36600000,
        "incomeBeforeTax": -223800000,
        "incomeBeforeTaxRatio": -0.1069380734,
        "incomeTaxExpense": -12200000,
        "netIncome": -211600000,
        "netIncomeRatio": -0.1011085627,
        "eps": -0.77,
        "epsdiluted": -0.77,
        "weightedAverageShsOut": 274400000,
        "weightedAverageShsOutDil": 274400000,
        "link": "https://www.sec.gov/Archives/edgar/data/814453/000095013704001865/0000950137-04-001865-index.htm",
        "finalLink": "https://www.sec.gov/Archives/edgar/data/814453/000095013704001865/c83697e10vk.htm"
    },
    {
        "date": "2003-09-30",
        "symbol": "NWL",
        "reportedCurrency": "USD",
        "cik": "0000814453",
        "fillingDate": "2003-11-10",
        "acceptedDate": "2003-11-10 17:21:54",
        "calendarYear": "2003",
        "period": "Q3",
        "revenue": 1944700000,
        "costOfRevenue": 1422500000,
        "grossProfit": 522200000,
        "grossProfitRatio": 0.2685247082,
        "researchAndDevelopmentExpenses": 0,
        "generalAndAdministrativeExpenses": 328300000,
        "sellingAndMarketingExpenses": 0,
        "sellingGeneralAndAdministrativeExpenses": 328300000,
        "otherExpenses": 0,
        "operatingExpenses": 328300000,
        "costAndExpenses": 1750800000,
        "interestIncome": 0,
        "interestExpense": 0,
        "depreciationAndAmortization": 71000000,
        "ebitda": 280900000,
        "ebitdaratio": 0.1444438731,
        "operatingIncome": 145500000,
        "operatingIncomeRatio": 0.0748187381,
        "totalOtherIncomeExpensesNet": -49800000,
        "incomeBeforeTax": 110900000,
        "incomeBeforeTaxRatio": 0.0570267908,
        "incomeTaxExpense": 35700000,
        "netIncome": 75200000,
        "netIncomeRatio": 0.0386692035,
        "eps": 0.27,
        "epsdiluted": 0.27,
        "weightedAverageShsOut": 274400000,
        "weightedAverageShsOutDil": 274400000,
        "link": "https://www.sec.gov/Archives/edgar/data/814453/000089581303000236/0000895813-03-000236-index.htm",
        "finalLink": "https://www.sec.gov/Archives/edgar/data/814453/000089581303000236/x10-q.txt"
    },
    {
        "date": "2003-06-30",
        "symbol": "NWL",
        "reportedCurrency": "USD",
        "cik": "0000814453",
        "fillingDate": "2003-08-05",
        "acceptedDate": "2003-08-04 17:33:32",
        "calendarYear": "2003",
        "period": "Q2",
        "revenue": 1976100000,
        "costOfRevenue": 1426100000,
        "grossProfit": 550000000,
        "grossProfitRatio": 0.2783259956,
        "researchAndDevelopmentExpenses": 0,
        "generalAndAdministrativeExpenses": 351600000,
        "sellingAndMarketingExpenses": 0,
        "sellingGeneralAndAdministrativeExpenses": 351600000,
        "otherExpenses": 0,
        "operatingExpenses": 351600000,
        "costAndExpenses": 1777700000,
        "interestIncome": 0,
        "interestExpense": 0,
        "depreciationAndAmortization": 72500000,
        "ebitda": 261000000,
        "ebitdaratio": 0.1320783361,
        "operatingIncome": 140500000,
        "operatingIncomeRatio": 0.0710996407,
        "totalOtherIncomeExpensesNet": -43400000,
        "incomeBeforeTax": 109200000,
        "incomeBeforeTaxRatio": 0.0552603613,
        "incomeTaxExpense": 35400000,
        "netIncome": 73800000,
        "netIncomeRatio": 0.0373462881,
        "eps": 0.27,
        "epsdiluted": 0.27,
        "weightedAverageShsOut": 274200000,
        "weightedAverageShsOutDil": 274700000,
        "link": "https://www.sec.gov/Archives/edgar/data/814453/000089581303000165/0000895813-03-000165-index.htm",
        "finalLink": "https://www.sec.gov/Archives/edgar/data/814453/000089581303000165/x801-10q.txt"
    },
    {
        "date": "2003-03-31",
        "symbol": "NWL",
        "reportedCurrency": "USD",
        "cik": "0000814453",
        "fillingDate": "2003-04-30",
        "acceptedDate": "2003-04-30 17:19:27",
        "calendarYear": "2003",
        "period": "Q1",
        "revenue": 1736400000,
        "costOfRevenue": 1273000000,
        "grossProfit": 463400000,
        "grossProfitRatio": 0.2668739922,
        "researchAndDevelopmentExpenses": 0,
        "generalAndAdministrativeExpenses": 322600000,
        "sellingAndMarketingExpenses": 0,
        "sellingGeneralAndAdministrativeExpenses": 322600000,
        "otherExpenses": 0,
        "operatingExpenses": 322600000,
        "costAndExpenses": 1595600000,
        "interestIncome": 0,
        "interestExpense": 0,
        "depreciationAndAmortization": 65100000,
        "ebitda": 205900000,
        "ebitdaratio": 0.1185786685,
        "operatingIncome": 81100000,
        "operatingIncomeRatio": 0.0467058282,
        "totalOtherIncomeExpensesNet": -57300000,
        "incomeBeforeTax": 23800000,
        "incomeBeforeTaxRatio": 0.0137065192,
        "incomeTaxExpense": 7800000,
        "netIncome": 16000000,
        "netIncomeRatio": 0.0092144667,
        "eps": 0.06,
        "epsdiluted": 0.06,
        "weightedAverageShsOut": 273600000,
        "weightedAverageShsOutDil": 274000000,
        "link": "https://www.sec.gov/Archives/edgar/data/814453/000089581303000103/0000895813-03-000103-index.htm",
        "finalLink": "https://www.sec.gov/Archives/edgar/data/814453/000089581303000103/x0430-10q.txt"
    },
    {
        "date": "2002-12-31",
        "symbol": "NWL",
        "reportedCurrency": "USD",
        "cik": "0000814453",
        "fillingDate": "2003-03-28",
        "acceptedDate": "2003-03-28 17:09:49",
        "calendarYear": "2002",
        "period": "Q4",
        "revenue": 2013600000,
        "costOfRevenue": 1443900000,
        "grossProfit": 569700000,
        "grossProfitRatio": 0.2829261025,
        "researchAndDevelopmentExpenses": 0,
        "generalAndAdministrativeExpenses": 336400000,
        "sellingAndMarketingExpenses": 0,
        "sellingGeneralAndAdministrativeExpenses": 336400000,
        "otherExpenses": 1341000000,
        "operatingExpenses": 1677400000,
        "costAndExpenses": 3121300000,
        "interestIncome": 0,
        "interestExpense": 0,
        "depreciationAndAmortization": 62300000,
        "ebitda": -1045400000,
        "ebitdaratio": -0.5191696464,
        "operatingIncome": 180400000,
        "operatingIncomeRatio": 0.0895907827,
        "totalOtherIncomeExpensesNet": -37400000,
        "incomeBeforeTax": 143000000,
        "incomeBeforeTaxRatio": 0.0710170838,
        "incomeTaxExpense": 47200000,
        "netIncome": 95800000,
        "netIncomeRatio": 0.0475764799,
        "eps": 0.35,
        "epsdiluted": 0.35,
        "weightedAverageShsOut": 267400000,
        "weightedAverageShsOutDil": 273600000,
        "link": "https://www.sec.gov/Archives/edgar/data/814453/000089581303000076/0000895813-03-000076-index.htm",
        "finalLink": "https://www.sec.gov/Archives/edgar/data/814453/000089581303000076/x328-10k.txt"
    },
    {
        "date": "2002-09-30",
        "symbol": "NWL",
        "reportedCurrency": "USD",
        "cik": "0000814453",
        "fillingDate": "2002-11-13",
        "acceptedDate": "2002-11-13 17:01:44",
        "calendarYear": "2002",
        "period": "Q3",
        "revenue": 1948300000,
        "costOfRevenue": 1398000000,
        "grossProfit": 550300000,
        "grossProfitRatio": 0.2824513679,
        "researchAndDevelopmentExpenses": 0,
        "generalAndAdministrativeExpenses": 341700000,
        "sellingAndMarketingExpenses": 0,
        "sellingGeneralAndAdministrativeExpenses": 341700000,
        "otherExpenses": 0,
        "operatingExpenses": 341700000,
        "costAndExpenses": 1739700000,
        "interestIncome": 0,
        "interestExpense": 0,
        "depreciationAndAmortization": 71983000,
        "ebitda": 280583000,
        "ebitdaratio": 0.1440142688,
        "operatingIncome": 157400000,
        "operatingIncomeRatio": 0.0807883796,
        "totalOtherIncomeExpensesNet": -43400000,
        "incomeBeforeTax": 114000000,
        "incomeBeforeTaxRatio": 0.0585125494,
        "incomeTaxExpense": 37800000,
        "netIncome": 76200000,
        "netIncomeRatio": 0.0391110199,
        "eps": 0.29,
        "epsdiluted": 0.29,
        "weightedAverageShsOut": 267200000,
        "weightedAverageShsOutDil": 277700000,
        "link": "https://www.sec.gov/Archives/edgar/data/814453/000089581302000230/0000895813-02-000230-index.htm",
        "finalLink": "https://www.sec.gov/Archives/edgar/data/814453/000089581302000230/x1113-10q.txt"
    },
    {
        "date": "2002-06-30",
        "symbol": "NWL",
        "reportedCurrency": "USD",
        "cik": "0000814453",
        "fillingDate": "2002-08-13",
        "acceptedDate": "2002-08-13 17:19:16",
        "calendarYear": "2002",
        "period": "Q2",
        "revenue": 1894990000,
        "costOfRevenue": 1374404000,
        "grossProfit": 520586000,
        "grossProfitRatio": 0.274717017,
        "researchAndDevelopmentExpenses": 0,
        "generalAndAdministrativeExpenses": 330039000,
        "sellingAndMarketingExpenses": 0,
        "sellingGeneralAndAdministrativeExpenses": 330039000,
        "otherExpenses": 0,
        "operatingExpenses": 330039000,
        "costAndExpenses": 1704443000,
        "interestIncome": 0,
        "interestExpense": 0,
        "depreciationAndAmortization": 78426000,
        "ebitda": 268973000,
        "ebitdaratio": 0.1419390076,
        "operatingIncome": 181695000,
        "operatingIncomeRatio": 0.0958817725,
        "totalOtherIncomeExpensesNet": -47419000,
        "incomeBeforeTax": 134276000,
        "incomeBeforeTaxRatio": 0.0708584214,
        "incomeTaxExpense": 45654000,
        "netIncome": 88622000,
        "netIncomeRatio": 0.0467664737,
        "eps": 0.33,
        "epsdiluted": 0.33,
        "weightedAverageShsOut": 267032000,
        "weightedAverageShsOutDil": 268045000,
        "link": "https://www.sec.gov/Archives/edgar/data/814453/000089581302000158/0000895813-02-000158-index.htm",
        "finalLink": "https://www.sec.gov/Archives/edgar/data/814453/000089581302000158/x0813-10q.txt"
    },
    {
        "date": "2002-03-31",
        "symbol": "NWL",
        "reportedCurrency": "USD",
        "cik": "0000814453",
        "fillingDate": "2002-05-15",
        "acceptedDate": "2002-05-15 14:30:22",
        "calendarYear": "2002",
        "period": "Q1",
        "revenue": 1597008000,
        "costOfRevenue": 1177894000,
        "grossProfit": 419114000,
        "grossProfitRatio": 0.2624370072,
        "researchAndDevelopmentExpenses": 0,
        "generalAndAdministrativeExpenses": 299155000,
        "sellingAndMarketingExpenses": 0,
        "sellingGeneralAndAdministrativeExpenses": 299155000,
        "otherExpenses": 0,
        "operatingExpenses": 299155000,
        "costAndExpenses": 1477049000,
        "interestIncome": 0,
        "interestExpense": 0,
        "depreciationAndAmortization": 67991000,
        "ebitda": 187950000,
        "ebitdaratio": 0.1176888281,
        "operatingIncome": 110172000,
        "operatingIncomeRatio": 0.0689865048,
        "totalOtherIncomeExpensesNet": -32954000,
        "incomeBeforeTax": 77218000,
        "incomeBeforeTaxRatio": 0.0483516676,
        "incomeTaxExpense": 26254000,
        "netIncome": -463985000,
        "netIncomeRatio": -0.2905339234,
        "eps": -1.74,
        "epsdiluted": -1.73,
        "weightedAverageShsOut": 266826000,
        "weightedAverageShsOutDil": 267508000,
        "link": "https://www.sec.gov/Archives/edgar/data/814453/000089581302000103/0000895813-02-000103-index.htm",
        "finalLink": "https://www.sec.gov/Archives/edgar/data/814453/000089581302000103/x515-10q.txt"
    },
    {
        "date": "2001-12-31",
        "symbol": "NWL",
        "reportedCurrency": "USD",
        "cik": "0000814453",
        "fillingDate": "2002-03-07",
        "acceptedDate": "2002-03-07 00:00:00",
        "calendarYear": "2001",
        "period": "Q4",
        "revenue": 1806112000,
        "costOfRevenue": 1278266000,
        "grossProfit": 527846000,
        "grossProfitRatio": 0.2922554083,
        "researchAndDevelopmentExpenses": 0,
        "generalAndAdministrativeExpenses": 328734000,
        "sellingAndMarketingExpenses": 0,
        "sellingGeneralAndAdministrativeExpenses": 328734000,
        "otherExpenses": 14480000,
        "operatingExpenses": 343214000,
        "costAndExpenses": 1621480000,
        "interestIncome": 0,
        "interestExpense": 0,
        "depreciationAndAmortization": 74112000,
        "ebitda": 258744000,
        "ebitdaratio": 0.1432602186,
        "operatingIncome": 146946000,
        "operatingIncomeRatio": 0.0813604029,
        "totalOtherIncomeExpensesNet": -36586000,
        "incomeBeforeTax": 110360000,
        "incomeBeforeTaxRatio": 0.0611036303,
        "incomeTaxExpense": 39623000,
        "netIncome": 70737000,
        "netIncomeRatio": 0.0391653452,
        "eps": 0.27,
        "epsdiluted": 0.27,
        "weightedAverageShsOut": 266699000,
        "weightedAverageShsOutDil": 266826000,
        "link": "https://www.sec.gov/Archives/edgar/data/814453/000089581302000039/0000895813-02-000039-index.htm",
        "finalLink": "https://www.sec.gov/Archives/edgar/data/814453/000089581302000039/x10-k.txt"
    },
    {
        "date": "2001-09-30",
        "symbol": "NWL",
        "reportedCurrency": "USD",
        "cik": "0000814453",
        "fillingDate": "2001-11-14",
        "acceptedDate": "2001-11-14 00:00:00",
        "calendarYear": "2001",
        "period": "Q3",
        "revenue": 1767818000,
        "costOfRevenue": 1278243000,
        "grossProfit": 489575000,
        "grossProfitRatio": 0.2769374449,
        "researchAndDevelopmentExpenses": 0,
        "generalAndAdministrativeExpenses": 296440000,
        "sellingAndMarketingExpenses": 0,
        "sellingGeneralAndAdministrativeExpenses": 296440000,
        "otherExpenses": 14222000,
        "operatingExpenses": 310662000,
        "costAndExpenses": 1588905000,
        "interestIncome": 0,
        "interestExpense": 0,
        "depreciationAndAmortization": 87259000,
        "ebitda": 266172000,
        "ebitdaratio": 0.1505652731,
        "operatingIncome": 167590000,
        "operatingIncomeRatio": 0.0948004829,
        "totalOtherIncomeExpensesNet": -37369000,
        "incomeBeforeTax": 130221000,
        "incomeBeforeTaxRatio": 0.0736619946,
        "incomeTaxExpense": 46751000,
        "netIncome": 83470000,
        "netIncomeRatio": 0.047216399,
        "eps": 0.31,
        "epsdiluted": 0.31,
        "weightedAverageShsOut": 266662000,
        "weightedAverageShsOutDil": 266662000,
        "link": "https://www.sec.gov/Archives/edgar/data/814453/000089581301500215/0000895813-01-500215-index.htm",
        "finalLink": "https://www.sec.gov/Archives/edgar/data/814453/000089581301500215/x10-q.txt"
    },
    {
        "date": "2001-06-30",
        "symbol": "NWL",
        "reportedCurrency": "USD",
        "cik": "0000814453",
        "fillingDate": "2001-08-10",
        "acceptedDate": "2001-08-10 00:00:00",
        "calendarYear": "2001",
        "period": "Q2",
        "revenue": 1724653000,
        "costOfRevenue": 1271118000,
        "grossProfit": 453535000,
        "grossProfitRatio": 0.2629717398,
        "researchAndDevelopmentExpenses": 0,
        "generalAndAdministrativeExpenses": 278459000,
        "sellingAndMarketingExpenses": 0,
        "sellingGeneralAndAdministrativeExpenses": 278459000,
        "otherExpenses": 14182000,
        "operatingExpenses": 292641000,
        "costAndExpenses": 1563759000,
        "interestIncome": 0,
        "interestExpense": 0,
        "depreciationAndAmortization": 79853000,
        "ebitda": 240747000,
        "ebitdaratio": 0.1395915584,
        "operatingIncome": 153199000,
        "operatingIncomeRatio": 0.0888288833,
        "totalOtherIncomeExpensesNet": -38902000,
        "incomeBeforeTax": 114297000,
        "incomeBeforeTaxRatio": 0.0662724618,
        "incomeTaxExpense": 42290000,
        "netIncome": 72007000,
        "netIncomeRatio": 0.0417515871,
        "eps": 0.27,
        "epsdiluted": 0.27,
        "weightedAverageShsOut": 266648000,
        "weightedAverageShsOutDil": 266648000,
        "link": "https://www.sec.gov/Archives/edgar/data/814453/000089581301500119/0000895813-01-500119-index.htm",
        "finalLink": "https://www.sec.gov/Archives/edgar/data/814453/000089581301500119/x0810-10q.txt"
    },
    {
        "date": "2001-03-31",
        "symbol": "NWL",
        "reportedCurrency": "USD",
        "cik": "0000814453",
        "fillingDate": "2001-05-11",
        "acceptedDate": "2001-05-11 00:00:00",
        "calendarYear": "2001",
        "period": "Q1",
        "revenue": 1610736000,
        "costOfRevenue": 1218960000,
        "grossProfit": 391776000,
        "grossProfitRatio": 0.2432279405,
        "researchAndDevelopmentExpenses": 0,
        "generalAndAdministrativeExpenses": 264607000,
        "sellingAndMarketingExpenses": 0,
        "sellingGeneralAndAdministrativeExpenses": 264607000,
        "otherExpenses": 14073000,
        "operatingExpenses": 278680000,
        "costAndExpenses": 1497640000,
        "interestIncome": 0,
        "interestExpense": 0,
        "depreciationAndAmortization": 87551000,
        "ebitda": 200647000,
        "ebitdaratio": 0.1245685202,
        "operatingIncome": 103117000,
        "operatingIncomeRatio": 0.0640185605,
        "totalOtherIncomeExpensesNet": -42130000,
        "incomeBeforeTax": 60987000,
        "incomeBeforeTaxRatio": 0.0378628155,
        "incomeTaxExpense": 22566000,
        "netIncome": 38421000,
        "netIncomeRatio": 0.0238530709,
        "eps": 0.14,
        "epsdiluted": 0.14,
        "weightedAverageShsOut": 266618000,
        "weightedAverageShsOutDil": 266618000,
        "link": "https://www.sec.gov/Archives/edgar/data/814453/000089581301500028/0000895813-01-500028-index.htm",
        "finalLink": "https://www.sec.gov/Archives/edgar/data/814453/000089581301500028/x0511-10.txt"
    },
    {
        "date": "2000-12-31",
        "symbol": "NWL",
        "reportedCurrency": "USD",
        "cik": "0000814453",
        "fillingDate": "2001-03-27",
        "acceptedDate": "2001-03-27 00:00:00",
        "calendarYear": "2000",
        "period": "Q4",
        "revenue": 1985647000,
        "costOfRevenue": 1460860000,
        "grossProfit": 524787000,
        "grossProfitRatio": 0.2642901785,
        "researchAndDevelopmentExpenses": 0,
        "generalAndAdministrativeExpenses": 223718000,
        "sellingAndMarketingExpenses": 0,
        "sellingGeneralAndAdministrativeExpenses": 223718000,
        "otherExpenses": 70739000,
        "operatingExpenses": 294457000,
        "costAndExpenses": 1755317000,
        "interestIncome": 0,
        "interestExpense": 0,
        "depreciationAndAmortization": 70739000,
        "ebitda": 301069000,
        "ebitdaratio": 0.1516226197,
        "operatingIncome": 230330000,
        "operatingIncomeRatio": 0.1159974557,
        "totalOtherIncomeExpensesNet": -76931000,
        "incomeBeforeTax": 153399000,
        "incomeBeforeTaxRatio": 0.0772539127,
        "incomeTaxExpense": 59058000,
        "netIncome": 94341000,
        "netIncomeRatio": 0.047511466,
        "eps": 0.35,
        "epsdiluted": 0.35,
        "weightedAverageShsOut": 266432000,
        "weightedAverageShsOutDil": 266618000,
        "link": "https://www.sec.gov/Archives/edgar/data/814453/000089581301000111/0000895813-01-000111-index.htm",
        "finalLink": "https://www.sec.gov/Archives/edgar/data/814453/000089581301000111/0000895813-01-000111-0001.txt"
    },
    {
        "date": "2000-09-30",
        "symbol": "NWL",
        "reportedCurrency": "USD",
        "cik": "0000814453",
        "fillingDate": "2000-11-14",
        "acceptedDate": "2000-11-14 00:00:00",
        "calendarYear": "2000",
        "period": "Q3",
        "revenue": 1686741000,
        "costOfRevenue": 1163682000,
        "grossProfit": 523059000,
        "grossProfitRatio": 0.3101003651,
        "researchAndDevelopmentExpenses": 0,
        "generalAndAdministrativeExpenses": 214509000,
        "sellingAndMarketingExpenses": 0,
        "sellingGeneralAndAdministrativeExpenses": 214509000,
        "otherExpenses": 67684000,
        "operatingExpenses": 282193000,
        "costAndExpenses": 1445875000,
        "interestIncome": 0,
        "interestExpense": 0,
        "depreciationAndAmortization": 67684000,
        "ebitda": 308550000,
        "ebitdaratio": 0.1829267208,
        "operatingIncome": 240866000,
        "operatingIncomeRatio": 0.1427996355,
        "totalOtherIncomeExpensesNet": -40867000,
        "incomeBeforeTax": 199999000,
        "incomeBeforeTaxRatio": 0.1185712566,
        "incomeTaxExpense": 77000000,
        "netIncome": 122999000,
        "netIncomeRatio": 0.0729210946,
        "eps": 0.46,
        "epsdiluted": 0.46,
        "weightedAverageShsOut": 266567000,
        "weightedAverageShsOutDil": 276500000,
        "link": "https://www.sec.gov/Archives/edgar/data/814453/000089581300000532/0000895813-00-000532-index.htm",
        "finalLink": "https://www.sec.gov/Archives/edgar/data/814453/000089581300000532/0000895813-00-000532-0001.txt"
    },
    {
        "date": "2000-06-30",
        "symbol": "NWL",
        "reportedCurrency": "USD",
        "cik": "0000814453",
        "fillingDate": "2000-08-11",
        "acceptedDate": "2000-08-11 00:00:00",
        "calendarYear": "2000",
        "period": "Q2",
        "revenue": 1711515000,
        "costOfRevenue": 1159465000,
        "grossProfit": 552050000,
        "grossProfitRatio": 0.3225504889,
        "researchAndDevelopmentExpenses": 0,
        "generalAndAdministrativeExpenses": 221589000,
        "sellingAndMarketingExpenses": 0,
        "sellingGeneralAndAdministrativeExpenses": 221589000,
        "otherExpenses": 77070000,
        "operatingExpenses": 298659000,
        "costAndExpenses": 1458124000,
        "interestIncome": 0,
        "interestExpense": 0,
        "depreciationAndAmortization": 77070000,
        "ebitda": 330461000,
        "ebitdaratio": 0.1930809838,
        "operatingIncome": 253391000,
        "operatingIncomeRatio": 0.1480507036,
        "totalOtherIncomeExpensesNet": -45237000,
        "incomeBeforeTax": 208154000,
        "incomeBeforeTaxRatio": 0.1216197346,
        "incomeTaxExpense": 80139000,
        "netIncome": 128015000,
        "netIncomeRatio": 0.0747963062,
        "eps": 0.48,
        "epsdiluted": 0.48,
        "weightedAverageShsOut": 266542000,
        "weightedAverageShsOutDil": 276492000,
        "link": "https://www.sec.gov/Archives/edgar/data/814453/000089581300000301/0000895813-00-000301-index.htm",
        "finalLink": "https://www.sec.gov/Archives/edgar/data/814453/000089581300000301/0000895813-00-000301-0001.txt"
    },
    {
        "date": "2000-03-31",
        "symbol": "NWL",
        "reportedCurrency": "USD",
        "cik": "0000814453",
        "fillingDate": "2000-05-15",
        "acceptedDate": "2000-05-15 00:00:00",
        "calendarYear": "2000",
        "period": "Q1",
        "revenue": 1550844000,
        "costOfRevenue": 1078499000,
        "grossProfit": 472345000,
        "grossProfitRatio": 0.3045728648,
        "researchAndDevelopmentExpenses": 0,
        "generalAndAdministrativeExpenses": 239608000,
        "sellingAndMarketingExpenses": 0,
        "sellingGeneralAndAdministrativeExpenses": 239608000,
        "otherExpenses": 77083000,
        "operatingExpenses": 316691000,
        "costAndExpenses": 1395190000,
        "interestIncome": 0,
        "interestExpense": 0,
        "depreciationAndAmortization": 77083000,
        "ebitda": 236607000,
        "ebitdaratio": 0.1525666024,
        "operatingIncome": 155654000,
        "operatingIncomeRatio": 0.1003672839,
        "totalOtherIncomeExpensesNet": -31719000,
        "incomeBeforeTax": 123935000,
        "incomeBeforeTaxRatio": 0.0799145498,
        "incomeTaxExpense": 47715000,
        "netIncome": 76220000,
        "netIncomeRatio": 0.049147432,
        "eps": 0.28,
        "epsdiluted": 0.28,
        "weightedAverageShsOut": 274059000,
        "weightedAverageShsOutDil": 284016000,
        "link": "https://www.sec.gov/Archives/edgar/data/814453/000089581300000177/0000895813-00-000177-index.html",
        "finalLink": "https://www.sec.gov/Archives/edgar/data/814453/000089581300000177/"
    },
    {
        "date": "1999-12-31",
        "symbol": "NWL",
        "reportedCurrency": "USD",
        "cik": "0000814453",
        "fillingDate": "2000-03-30",
        "acceptedDate": "2000-03-30 00:00:00",
        "calendarYear": "1999",
        "period": "Q4",
        "revenue": 1690100000,
        "costOfRevenue": 1173400000,
        "grossProfit": 516700000,
        "grossProfitRatio": 0.3057215549,
        "researchAndDevelopmentExpenses": 0,
        "generalAndAdministrativeExpenses": 254500000,
        "sellingAndMarketingExpenses": 0,
        "sellingGeneralAndAdministrativeExpenses": 254500000,
        "otherExpenses": 73500000,
        "operatingExpenses": 328000000,
        "costAndExpenses": 1501400000,
        "interestIncome": 0,
        "interestExpense": 0,
        "depreciationAndAmortization": 73500000,
        "ebitda": 262200000,
        "ebitdaratio": 0.1551387492,
        "operatingIncome": 188700000,
        "operatingIncomeRatio": 0.1116501982,
        "totalOtherIncomeExpensesNet": -71300000,
        "incomeBeforeTax": 117400000,
        "incomeBeforeTaxRatio": 0.0694633454,
        "incomeTaxExpense": 45800000,
        "netIncome": 71600000,
        "netIncomeRatio": 0.0423643571,
        "eps": 0.26,
        "epsdiluted": 0.26,
        "weightedAverageShsOut": 274059000,
        "weightedAverageShsOutDil": 274059000,
        "link": "https://www.sec.gov/Archives/edgar/data/814453/000089581300000093/0000895813-00-000093-index.html",
        "finalLink": "https://www.sec.gov/Archives/edgar/data/814453/000089581300000093/"
    },
    {
        "date": "1999-09-30",
        "symbol": "NWL",
        "reportedCurrency": "USD",
        "cik": "0000814453",
        "fillingDate": "1999-11-12",
        "acceptedDate": "1999-11-12 00:00:00",
        "calendarYear": "1999",
        "period": "Q3",
        "revenue": 1609500000,
        "costOfRevenue": 1120700000,
        "grossProfit": 488800000,
        "grossProfitRatio": 0.3036968002,
        "researchAndDevelopmentExpenses": 0,
        "generalAndAdministrativeExpenses": 267500000,
        "sellingAndMarketingExpenses": 0,
        "sellingGeneralAndAdministrativeExpenses": 267500000,
        "otherExpenses": 56900000,
        "operatingExpenses": 324400000,
        "costAndExpenses": 1445100000,
        "interestIncome": 0,
        "interestExpense": 0,
        "depreciationAndAmortization": 56900000,
        "ebitda": 221300000,
        "ebitdaratio": 0.1374961168,
        "operatingIncome": 164400000,
        "operatingIncomeRatio": 0.1021435228,
        "totalOtherIncomeExpensesNet": -45200000,
        "incomeBeforeTax": 119200000,
        "incomeBeforeTaxRatio": 0.0740602672,
        "incomeTaxExpense": 46500000,
        "netIncome": 72700000,
        "netIncomeRatio": 0.0451693072,
        "eps": 0.26,
        "epsdiluted": 0.26,
        "weightedAverageShsOut": 279615385,
        "weightedAverageShsOutDil": 279615385,
        "link": "https://www.sec.gov/Archives/edgar/data/814453/000089581399000413/0000895813-99-000413-index.html",
        "finalLink": "https://www.sec.gov/Archives/edgar/data/814453/000089581399000413/"
    },
    {
        "date": "1999-06-30",
        "symbol": "NWL",
        "reportedCurrency": "USD",
        "cik": "0000814453",
        "fillingDate": "1999-08-13",
        "acceptedDate": "1999-08-13 00:00:00",
        "calendarYear": "1999",
        "period": "Q2",
        "revenue": 1597300000,
        "costOfRevenue": 1105200000,
        "grossProfit": 492100000,
        "grossProfitRatio": 0.308082389,
        "researchAndDevelopmentExpenses": 0,
        "generalAndAdministrativeExpenses": 335200000,
        "sellingAndMarketingExpenses": 0,
        "sellingGeneralAndAdministrativeExpenses": 335200000,
        "otherExpenses": 71300000,
        "operatingExpenses": 406500000,
        "costAndExpenses": 1511700000,
        "interestIncome": 0,
        "interestExpense": 0,
        "depreciationAndAmortization": 71300000,
        "ebitda": 156900000,
        "ebitdaratio": 0.0982282602,
        "operatingIncome": 85600000,
        "operatingIncomeRatio": 0.0535904339,
        "totalOtherIncomeExpensesNet": -36300000,
        "incomeBeforeTax": 49300000,
        "incomeBeforeTaxRatio": 0.030864584,
        "incomeTaxExpense": 19200000,
        "netIncome": 30100000,
        "netIncomeRatio": 0.0188442998,
        "eps": 0.11,
        "epsdiluted": 0.11,
        "weightedAverageShsOut": 273636364,
        "weightedAverageShsOutDil": 273636364,
        "link": "https://www.sec.gov/Archives/edgar/data/814453/000089581399000329/0000895813-99-000329-index.html",
        "finalLink": "https://www.sec.gov/Archives/edgar/data/814453/000089581399000329/"
    },
    {
        "date": "1999-03-31",
        "symbol": "NWL",
        "reportedCurrency": "USD",
        "cik": "0000814453",
        "fillingDate": "1999-05-14",
        "acceptedDate": "1999-05-14 00:00:00",
        "calendarYear": "1999",
        "period": "Q1",
        "revenue": 1516200000,
        "costOfRevenue": 1034900000,
        "grossProfit": 481300000,
        "grossProfitRatio": 0.3174383327,
        "researchAndDevelopmentExpenses": 0,
        "generalAndAdministrativeExpenses": 260000000,
        "sellingAndMarketingExpenses": 0,
        "sellingGeneralAndAdministrativeExpenses": 260000000,
        "otherExpenses": 70000000,
        "operatingExpenses": 330000000,
        "costAndExpenses": 1364900000,
        "interestIncome": 0,
        "interestExpense": 0,
        "depreciationAndAmortization": 70000000,
        "ebitda": 221300000,
        "ebitdaratio": 0.1459569978,
        "operatingIncome": 151300000,
        "operatingIncomeRatio": 0.099788946,
        "totalOtherIncomeExpensesNet": -206300000,
        "incomeBeforeTax": -55000000,
        "incomeBeforeTaxRatio": -0.0362748978,
        "incomeTaxExpense": 24000000,
        "netIncome": -79000000,
        "netIncomeRatio": -0.0521039441,
        "eps": -0.28,
        "epsdiluted": -0.28,
        "weightedAverageShsOut": 282142857,
        "weightedAverageShsOutDil": 282142857,
        "link": "https://www.sec.gov/Archives/edgar/data/814453/000089581399000235/0000895813-99-000235-index.html",
        "finalLink": "https://www.sec.gov/Archives/edgar/data/814453/"
    },
    {
        "date": "1998-12-31",
        "symbol": "NWL",
        "reportedCurrency": "USD",
        "cik": "0000814453",
        "fillingDate": "1999-03-19",
        "acceptedDate": "1999-03-19 00:00:00",
        "calendarYear": "1998",
        "period": "Q4",
        "revenue": 1069700000,
        "costOfRevenue": 739200000,
        "grossProfit": 330500000,
        "grossProfitRatio": 0.3089651304,
        "researchAndDevelopmentExpenses": 0,
        "generalAndAdministrativeExpenses": 178100000,
        "sellingAndMarketingExpenses": 0,
        "sellingGeneralAndAdministrativeExpenses": 178100000,
        "otherExpenses": 36600000,
        "operatingExpenses": 214700000,
        "costAndExpenses": 953900000,
        "interestIncome": 0,
        "interestExpense": 0,
        "depreciationAndAmortization": 36600000,
        "ebitda": 152400000,
        "ebitdaratio": 0.1424698514,
        "operatingIncome": 115800000,
        "operatingIncomeRatio": 0.1082546508,
        "totalOtherIncomeExpensesNet": -18400000,
        "incomeBeforeTax": 97400000,
        "incomeBeforeTaxRatio": 0.0910535664,
        "incomeTaxExpense": 38000000,
        "netIncome": 59400000,
        "netIncomeRatio": 0.0555295877,
        "eps": 0.21,
        "epsdiluted": 0.21,
        "weightedAverageShsOut": 282142857,
        "weightedAverageShsOutDil": 282142857,
        "link": "https://www.sec.gov/Archives/edgar/data/814453/0000895813-99-000143-index.html",
        "finalLink": "https://www.sec.gov/Archives/edgar/data/814453/0000895813-99-000143.txt"
    },
    {
        "date": "1998-10-27",
        "symbol": "NWL",
        "reportedCurrency": "USD",
        "cik": "0000814453",
        "fillingDate": "1998-11-13",
        "acceptedDate": "1998-11-13 00:00:00",
        "calendarYear": "1998",
        "period": "Q3",
        "revenue": 957000000,
        "costOfRevenue": 605000000,
        "grossProfit": 352000000,
        "grossProfitRatio": 0.367816092,
        "researchAndDevelopmentExpenses": 0,
        "generalAndAdministrativeExpenses": 133900000,
        "sellingAndMarketingExpenses": 0,
        "sellingGeneralAndAdministrativeExpenses": 133900000,
        "otherExpenses": 37000000,
        "operatingExpenses": 170900000,
        "costAndExpenses": 775900000,
        "interestIncome": 0,
        "interestExpense": 0,
        "depreciationAndAmortization": 37000000,
        "ebitda": 304900000,
        "ebitdaratio": 0.318599791,
        "operatingIncome": 181100000,
        "operatingIncomeRatio": 0.1892371996,
        "totalOtherIncomeExpensesNet": 41100000,
        "incomeBeforeTax": 194100000,
        "incomeBeforeTaxRatio": 0.2028213166,
        "incomeTaxExpense": 94900000,
        "netIncome": 99200000,
        "netIncomeRatio": 0.1036572623,
        "eps": 0.42,
        "epsdiluted": 0.42,
        "weightedAverageShsOut": 162739726,
        "weightedAverageShsOutDil": 167323944,
        "link": "https://www.sec.gov/Archives/edgar/data/814453/000089581398000270/0000895813-98-000270-index.html",
        "finalLink": "https://www.sec.gov/Archives/edgar/data/814453/"
    },
    {
        "date": "1998-06-30",
        "symbol": "NWL",
        "reportedCurrency": "USD",
        "cik": "0000814453",
        "fillingDate": "1998-08-14",
        "acceptedDate": "1998-08-14 00:00:00",
        "calendarYear": "1998",
        "period": "Q2",
        "revenue": 922700000,
        "costOfRevenue": 585000000,
        "grossProfit": 337700000,
        "grossProfitRatio": 0.365991113,
        "researchAndDevelopmentExpenses": 0,
        "generalAndAdministrativeExpenses": 133800000,
        "sellingAndMarketingExpenses": 0,
        "sellingGeneralAndAdministrativeExpenses": 133800000,
        "otherExpenses": 40100000,
        "operatingExpenses": 173900000,
        "costAndExpenses": 758900000,
        "interestIncome": 0,
        "interestExpense": 0,
        "depreciationAndAmortization": 40100000,
        "ebitda": 310200000,
        "ebitdaratio": 0.3361872765,
        "operatingIncome": 163800000,
        "operatingIncomeRatio": 0.1775224883,
        "totalOtherIncomeExpensesNet": -8300000,
        "incomeBeforeTax": 146900000,
        "incomeBeforeTaxRatio": 0.1592066761,
        "incomeTaxExpense": 58200000,
        "netIncome": 88700000,
        "netIncomeRatio": 0.0961309201,
        "eps": 0.51,
        "epsdiluted": 0.5,
        "weightedAverageShsOut": 159468085,
        "weightedAverageShsOutDil": 164725275,
        "link": "https://www.sec.gov/Archives/edgar/data/814453/000089581398000201/0000895813-98-000201-index.html",
        "finalLink": "https://www.sec.gov/Archives/edgar/data/814453/"
    },
    {
        "date": "1998-03-31",
        "symbol": "NWL",
        "reportedCurrency": "USD",
        "cik": "0000814453",
        "fillingDate": "1998-05-13",
        "acceptedDate": "1998-05-13 00:00:00",
        "calendarYear": "1998",
        "period": "Q1",
        "revenue": 747300000,
        "costOfRevenue": 490000000,
        "grossProfit": 257300000,
        "grossProfitRatio": 0.3443061689,
        "researchAndDevelopmentExpenses": 0,
        "generalAndAdministrativeExpenses": 128700000,
        "sellingAndMarketingExpenses": 0,
        "sellingGeneralAndAdministrativeExpenses": 128700000,
        "otherExpenses": 33800000,
        "operatingExpenses": 162500000,
        "costAndExpenses": 652500000,
        "interestIncome": 0,
        "interestExpense": 0,
        "depreciationAndAmortization": 33800000,
        "ebitda": 207400000,
        "ebitdaratio": 0.2775324502,
        "operatingIncome": 94800000,
        "operatingIncomeRatio": 0.1268566841,
        "totalOtherIncomeExpensesNet": 166600000,
        "incomeBeforeTax": 248200000,
        "incomeBeforeTaxRatio": 0.3321289977,
        "incomeTaxExpense": 98300000,
        "netIncome": 149900000,
        "netIncomeRatio": 0.2005887863,
        "eps": 0.57,
        "epsdiluted": 0.56,
        "weightedAverageShsOut": 159300000,
        "weightedAverageShsOutDil": 159300000,
        "link": "https://www.sec.gov/Archives/edgar/data/814453/000089581398000127/0000895813-98-000127-index.html",
        "finalLink": "https://www.sec.gov/Archives/edgar/data/814453/"
    },
    {
        "date": "1997-12-31",
        "symbol": "NWL",
        "reportedCurrency": "USD",
        "cik": "0000814453",
        "fillingDate": "1998-04-16",
        "acceptedDate": "1998-04-16 00:00:00",
        "calendarYear": "1997",
        "period": "Q4",
        "revenue": 914100000,
        "costOfRevenue": 572900000,
        "grossProfit": 341200000,
        "grossProfitRatio": 0.3732633191,
        "researchAndDevelopmentExpenses": 0,
        "generalAndAdministrativeExpenses": 125800000,
        "sellingAndMarketingExpenses": 0,
        "sellingGeneralAndAdministrativeExpenses": 125800000,
        "otherExpenses": 37000000,
        "operatingExpenses": 162800000,
        "costAndExpenses": 735700000,
        "interestIncome": 0,
        "interestExpense": 0,
        "depreciationAndAmortization": 37000000,
        "ebitda": 215400000,
        "ebitdaratio": 0.2356416147,
        "operatingIncome": 178400000,
        "operatingIncomeRatio": 0.1951646428,
        "totalOtherIncomeExpensesNet": -28400000,
        "incomeBeforeTax": 150000000,
        "incomeBeforeTaxRatio": 0.164095832,
        "incomeTaxExpense": 59400000,
        "netIncome": 90600000,
        "netIncomeRatio": 0.0991138825,
        "eps": 0.57,
        "epsdiluted": 0.57,
        "weightedAverageShsOut": 159468085,
        "weightedAverageShsOutDil": 159468085,
        "link": "https://www.sec.gov/Archives/edgar/data/814453/000089581398000102/0000895813-98-000102-index.html",
        "finalLink": "https://www.sec.gov/Archives/edgar/data/814453/"
    },
    {
        "date": "1997-09-30",
        "symbol": "NWL",
        "reportedCurrency": "USD",
        "cik": "0000814453",
        "fillingDate": "1997-11-13",
        "acceptedDate": "1997-11-13 00:00:00",
        "calendarYear": "1997",
        "period": "Q3",
        "revenue": 889900000,
        "costOfRevenue": 571100000,
        "grossProfit": 318800000,
        "grossProfitRatio": 0.3582424992,
        "researchAndDevelopmentExpenses": 0,
        "generalAndAdministrativeExpenses": 120600000,
        "sellingAndMarketingExpenses": 0,
        "sellingGeneralAndAdministrativeExpenses": 120600000,
        "otherExpenses": 32000000,
        "operatingExpenses": 152600000,
        "costAndExpenses": 723700000,
        "interestIncome": 0,
        "interestExpense": 0,
        "depreciationAndAmortization": 32000000,
        "ebitda": 194700000,
        "ebitdaratio": 0.2187886279,
        "operatingIncome": 166200000,
        "operatingIncomeRatio": 0.1867625576,
        "totalOtherIncomeExpensesNet": -17800000,
        "incomeBeforeTax": 139400000,
        "incomeBeforeTaxRatio": 0.1566468142,
        "incomeTaxExpense": 55200000,
        "netIncome": 84200000,
        "netIncomeRatio": 0.0946173727,
        "eps": 0.54,
        "epsdiluted": 0.54,
        "weightedAverageShsOut": 161666667,
        "weightedAverageShsOutDil": 161666667,
        "link": "https://www.sec.gov/Archives/edgar/data/814453/000089581397000276/0000895813-97-000276-index.html",
        "finalLink": "https://www.sec.gov/Archives/edgar/data/814453/"
    },
    {
        "date": "1997-06-30",
        "symbol": "NWL",
        "reportedCurrency": "USD",
        "cik": "0000814453",
        "fillingDate": "1997-08-14",
        "acceptedDate": "1997-08-14 00:00:00",
        "calendarYear": "1997",
        "period": "Q2",
        "revenue": 801000000,
        "costOfRevenue": 504400000,
        "grossProfit": 296600000,
        "grossProfitRatio": 0.3702871411,
        "researchAndDevelopmentExpenses": 0,
        "generalAndAdministrativeExpenses": 118000000,
        "sellingAndMarketingExpenses": 0,
        "sellingGeneralAndAdministrativeExpenses": 118000000,
        "otherExpenses": 30700000,
        "operatingExpenses": 148700000,
        "costAndExpenses": 653100000,
        "interestIncome": 0,
        "interestExpense": 0,
        "depreciationAndAmortization": 30700000,
        "ebitda": 171600000,
        "ebitdaratio": 0.2142322097,
        "operatingIncome": 147900000,
        "operatingIncomeRatio": 0.1846441948,
        "totalOtherIncomeExpensesNet": -12400000,
        "incomeBeforeTax": 128800000,
        "incomeBeforeTaxRatio": 0.1607990012,
        "incomeTaxExpense": 51000000,
        "netIncome": 77800000,
        "netIncomeRatio": 0.0971285893,
        "eps": 0.47,
        "epsdiluted": 0.47,
        "weightedAverageShsOut": 163829787,
        "weightedAverageShsOutDil": 163829787,
        "link": "https://www.sec.gov/Archives/edgar/data/814453/000089581397000190/0000895813-97-000190-index.html",
        "finalLink": "https://www.sec.gov/Archives/edgar/data/814453/"
    },
    {
        "date": "1997-03-30",
        "symbol": "NWL",
        "reportedCurrency": "USD",
        "cik": "0000814453",
        "fillingDate": "1997-05-15",
        "acceptedDate": "1997-05-15 00:00:00",
        "calendarYear": "1997",
        "period": "Q1",
        "revenue": 629400000,
        "costOfRevenue": 409900000,
        "grossProfit": 219500000,
        "grossProfitRatio": 0.3487448364,
        "researchAndDevelopmentExpenses": 0,
        "generalAndAdministrativeExpenses": 110000000,
        "sellingAndMarketingExpenses": 0,
        "sellingGeneralAndAdministrativeExpenses": 110000000,
        "otherExpenses": 30200000,
        "operatingExpenses": 140200000,
        "costAndExpenses": 550100000,
        "interestIncome": 0,
        "interestExpense": 0,
        "depreciationAndAmortization": 30200000,
        "ebitda": 109500000,
        "ebitdaratio": 0.1739752145,
        "operatingIncome": 79300000,
        "operatingIncomeRatio": 0.1259930092,
        "totalOtherIncomeExpensesNet": -16700000,
        "incomeBeforeTax": 62600000,
        "incomeBeforeTaxRatio": 0.099459803,
        "incomeTaxExpense": 24800000,
        "netIncome": 37800000,
        "netIncomeRatio": 0.0600571973,
        "eps": 0.24,
        "epsdiluted": 0.24,
        "weightedAverageShsOut": 157500000,
        "weightedAverageShsOutDil": 157500000,
        "link": "https://www.sec.gov/Archives/edgar/data/814453/000089581397000132/0000895813-97-000132-index.html",
        "finalLink": "https://www.sec.gov/Archives/edgar/data/814453/"
    },
    {
        "date": "1996-12-31",
        "symbol": "NWL",
        "reportedCurrency": "USD",
        "cik": "0000814453",
        "fillingDate": "1997-03-26",
        "acceptedDate": "1997-03-26 00:00:00",
        "calendarYear": "1996",
        "period": "Q4",
        "revenue": 757600000,
        "costOfRevenue": 481700000,
        "grossProfit": 275900000,
        "grossProfitRatio": 0.3641763464,
        "researchAndDevelopmentExpenses": 0,
        "generalAndAdministrativeExpenses": 97100000,
        "sellingAndMarketingExpenses": 0,
        "sellingGeneralAndAdministrativeExpenses": 97100000,
        "otherExpenses": 29400000,
        "operatingExpenses": 126500000,
        "costAndExpenses": 608200000,
        "interestIncome": 0,
        "interestExpense": 0,
        "depreciationAndAmortization": 29400000,
        "ebitda": 178800000,
        "ebitdaratio": 0.2360084477,
        "operatingIncome": 149400000,
        "operatingIncomeRatio": 0.1972016895,
        "totalOtherIncomeExpensesNet": -15900000,
        "incomeBeforeTax": 133500000,
        "incomeBeforeTaxRatio": 0.1762143611,
        "incomeTaxExpense": 52500000,
        "netIncome": 81000000,
        "netIncomeRatio": 0.1069165787,
        "eps": 0.51,
        "epsdiluted": 0.51,
        "weightedAverageShsOut": 157500000,
        "weightedAverageShsOutDil": 157500000,
        "link": "https://www.sec.gov/Archives/edgar/data/814453/000089581397000049/0000895813-97-000049-index.html",
        "finalLink": "https://www.sec.gov/Archives/edgar/data/814453/"
    },
    {
        "date": "1996-09-30",
        "symbol": "NWL",
        "reportedCurrency": "USD",
        "cik": "0000814453",
        "fillingDate": "1996-11-14",
        "acceptedDate": "1996-11-14 00:00:00",
        "calendarYear": "1996",
        "period": "Q3",
        "revenue": 761900000,
        "costOfRevenue": 489600000,
        "grossProfit": 272300000,
        "grossProfitRatio": 0.3573959837,
        "researchAndDevelopmentExpenses": 0,
        "generalAndAdministrativeExpenses": 105300000,
        "sellingAndMarketingExpenses": 0,
        "sellingGeneralAndAdministrativeExpenses": 105300000,
        "otherExpenses": 28600000,
        "operatingExpenses": 133900000,
        "costAndExpenses": 623500000,
        "interestIncome": 0,
        "interestExpense": 0,
        "depreciationAndAmortization": 28600000,
        "ebitda": 167000000,
        "ebitdaratio": 0.2191888699,
        "operatingIncome": 138400000,
        "operatingIncomeRatio": 0.1816511353,
        "totalOtherIncomeExpensesNet": -15500000,
        "incomeBeforeTax": 122900000,
        "incomeBeforeTaxRatio": 0.1613072582,
        "incomeTaxExpense": 48300000,
        "netIncome": 74600000,
        "netIncomeRatio": 0.097913112,
        "eps": 0.47,
        "epsdiluted": 0.47,
        "weightedAverageShsOut": 158723404,
        "weightedAverageShsOutDil": 158723404,
        "link": "https://www.sec.gov/Archives/edgar/data/814453/000089581396000100/0000895813-96-000100-index.html",
        "finalLink": "https://www.sec.gov/Archives/edgar/data/814453/"
    },
    {
        "date": "1996-06-30",
        "symbol": "NWL",
        "reportedCurrency": "USD",
        "cik": "0000814453",
        "fillingDate": "1996-08-14",
        "acceptedDate": "1996-08-14 00:00:00",
        "calendarYear": "1996",
        "period": "Q2",
        "revenue": 735100000,
        "costOfRevenue": 470800000,
        "grossProfit": 264300000,
        "grossProfitRatio": 0.3595429193,
        "researchAndDevelopmentExpenses": 0,
        "generalAndAdministrativeExpenses": 107400000,
        "sellingAndMarketingExpenses": 0,
        "sellingGeneralAndAdministrativeExpenses": 107400000,
        "otherExpenses": 28500000,
        "operatingExpenses": 135900000,
        "costAndExpenses": 606700000,
        "interestIncome": 0,
        "interestExpense": 0,
        "depreciationAndAmortization": 28500000,
        "ebitda": 156900000,
        "ebitdaratio": 0.2134403483,
        "operatingIncome": 128400000,
        "operatingIncomeRatio": 0.1746701129,
        "totalOtherIncomeExpensesNet": -15500000,
        "incomeBeforeTax": 112900000,
        "incomeBeforeTaxRatio": 0.1535845463,
        "incomeTaxExpense": 45200000,
        "netIncome": 67700000,
        "netIncomeRatio": 0.0920963134,
        "eps": 0.43,
        "epsdiluted": 0.43,
        "weightedAverageShsOut": 157441860,
        "weightedAverageShsOutDil": 157441860,
        "link": "https://www.sec.gov/Archives/edgar/data/814453/000089581396000051/0000895813-96-000051-index.html",
        "finalLink": "https://www.sec.gov/Archives/edgar/data/814453/"
    },
    {
        "date": "1996-03-31",
        "symbol": "NWL",
        "reportedCurrency": "USD",
        "cik": "0000814453",
        "fillingDate": "1996-05-15",
        "acceptedDate": "1996-05-15 00:00:00",
        "calendarYear": "1996",
        "period": "Q1",
        "revenue": 618200000,
        "costOfRevenue": 407000000,
        "grossProfit": 211200000,
        "grossProfitRatio": 0.3416370107,
        "researchAndDevelopmentExpenses": 0,
        "generalAndAdministrativeExpenses": 111800000,
        "sellingAndMarketingExpenses": 0,
        "sellingGeneralAndAdministrativeExpenses": 111800000,
        "otherExpenses": 29900000,
        "operatingExpenses": 141700000,
        "costAndExpenses": 548700000,
        "interestIncome": 0,
        "interestExpense": 0,
        "depreciationAndAmortization": 29900000,
        "ebitda": 99400000,
        "ebitdaratio": 0.1607893885,
        "operatingIncome": 69500000,
        "operatingIncomeRatio": 0.112423164,
        "totalOtherIncomeExpensesNet": -14200000,
        "incomeBeforeTax": 55300000,
        "incomeBeforeTaxRatio": 0.0894532514,
        "incomeTaxExpense": 22100000,
        "netIncome": 33200000,
        "netIncomeRatio": 0.0537043028,
        "eps": 0.21,
        "epsdiluted": 0.21,
        "weightedAverageShsOut": 158095238,
        "weightedAverageShsOutDil": 158095238,
        "link": "https://www.sec.gov/Archives/edgar/data/814453/000089581396000031/0000895813-96-000031-index.html",
        "finalLink": "https://www.sec.gov/Archives/edgar/data/814453/"
    },
    {
        "date": "1995-12-31",
        "symbol": "NWL",
        "reportedCurrency": "USD",
        "cik": "0000814453",
        "fillingDate": "1996-03-29",
        "acceptedDate": "1996-03-29 00:00:00",
        "calendarYear": "1995",
        "period": "Q4",
        "revenue": 669200000,
        "costOfRevenue": 417900000,
        "grossProfit": 251300000,
        "grossProfitRatio": 0.3755230126,
        "researchAndDevelopmentExpenses": 0,
        "generalAndAdministrativeExpenses": 94600000,
        "sellingAndMarketingExpenses": 0,
        "sellingGeneralAndAdministrativeExpenses": 94600000,
        "otherExpenses": 32000000,
        "operatingExpenses": 126600000,
        "costAndExpenses": 544500000,
        "interestIncome": 0,
        "interestExpense": 0,
        "depreciationAndAmortization": 32000000,
        "ebitda": 156700000,
        "ebitdaratio": 0.2341601913,
        "operatingIncome": 124700000,
        "operatingIncomeRatio": 0.1863419008,
        "totalOtherIncomeExpensesNet": -14100000,
        "incomeBeforeTax": 110600000,
        "incomeBeforeTaxRatio": 0.1652719665,
        "incomeTaxExpense": 44200000,
        "netIncome": 66400000,
        "netIncomeRatio": 0.0992229528,
        "eps": 0.42,
        "epsdiluted": 0.42,
        "weightedAverageShsOut": 158095238,
        "weightedAverageShsOutDil": 158095238,
        "link": "https://www.sec.gov/Archives/edgar/data/814453/000089581396000013/0000895813-96-000013-index.html",
        "finalLink": "https://www.sec.gov/Archives/edgar/data/814453/"
    },
    {
        "date": "1995-09-30",
        "symbol": "NWL",
        "reportedCurrency": "USD",
        "cik": "0000814453",
        "fillingDate": "1995-11-14",
        "acceptedDate": "1995-11-14 00:00:00",
        "calendarYear": "1995",
        "period": "Q3",
        "revenue": 651300000,
        "costOfRevenue": 423100000,
        "grossProfit": 228200000,
        "grossProfitRatio": 0.3503761707,
        "researchAndDevelopmentExpenses": 0,
        "generalAndAdministrativeExpenses": 87000000,
        "sellingAndMarketingExpenses": 0,
        "sellingGeneralAndAdministrativeExpenses": 87000000,
        "otherExpenses": 21000000,
        "operatingExpenses": 108000000,
        "costAndExpenses": 531100000,
        "interestIncome": 0,
        "interestExpense": 0,
        "depreciationAndAmortization": 21000000,
        "ebitda": 141200000,
        "ebitdaratio": 0.2167971749,
        "operatingIncome": 120200000,
        "operatingIncomeRatio": 0.184553969,
        "totalOtherIncomeExpensesNet": -11700000,
        "incomeBeforeTax": 108500000,
        "incomeBeforeTaxRatio": 0.1665898971,
        "incomeTaxExpense": 43400000,
        "netIncome": 65100000,
        "netIncomeRatio": 0.0999539383,
        "eps": 0.41,
        "epsdiluted": 0.41,
        "weightedAverageShsOut": 158780488,
        "weightedAverageShsOutDil": 158780488,
        "link": "https://www.sec.gov/Archives/edgar/data/814453/000089581395000092/0000895813-95-000092-index.html",
        "finalLink": "https://www.sec.gov/Archives/edgar/data/814453/"
    },
    {
        "date": "1995-06-30",
        "symbol": "NWL",
        "reportedCurrency": "USD",
        "cik": "0000814453",
        "fillingDate": "1995-08-14",
        "acceptedDate": "1995-08-14 00:00:00",
        "calendarYear": "1995",
        "period": "Q2",
        "revenue": 621300000,
        "costOfRevenue": 406300000,
        "grossProfit": 215000000,
        "grossProfitRatio": 0.3460486078,
        "researchAndDevelopmentExpenses": 0,
        "generalAndAdministrativeExpenses": 88400000,
        "sellingAndMarketingExpenses": 0,
        "sellingGeneralAndAdministrativeExpenses": 88400000,
        "otherExpenses": 25600000,
        "operatingExpenses": 114000000,
        "costAndExpenses": 520300000,
        "interestIncome": 0,
        "interestExpense": 0,
        "depreciationAndAmortization": 25600000,
        "ebitda": 126600000,
        "ebitdaratio": 0.2037662965,
        "operatingIncome": 101000000,
        "operatingIncomeRatio": 0.1625623692,
        "totalOtherIncomeExpensesNet": -9500000,
        "incomeBeforeTax": 91500000,
        "incomeBeforeTaxRatio": 0.1472718493,
        "incomeTaxExpense": 36600000,
        "netIncome": 54900000,
        "netIncomeRatio": 0.0883631096,
        "eps": 0.35,
        "epsdiluted": 0.35,
        "weightedAverageShsOut": 156857143,
        "weightedAverageShsOutDil": 156857143,
        "link": "https://www.sec.gov/Archives/edgar/data/814453/000089581395000065/0000895813-95-000065-index.html",
        "finalLink": "https://www.sec.gov/Archives/edgar/data/814453/"
    },
    {
        "date": "1995-03-31",
        "symbol": "NWL",
        "reportedCurrency": "USD",
        "cik": "0000814453",
        "fillingDate": "1995-05-11",
        "acceptedDate": "1995-05-11 00:00:00",
        "calendarYear": "1995",
        "period": "Q1",
        "revenue": 556600000,
        "costOfRevenue": 366700000,
        "grossProfit": 189900000,
        "grossProfitRatio": 0.3411785843,
        "researchAndDevelopmentExpenses": 0,
        "generalAndAdministrativeExpenses": 93400000,
        "sellingAndMarketingExpenses": 0,
        "sellingGeneralAndAdministrativeExpenses": 93400000,
        "otherExpenses": 23100000,
        "operatingExpenses": 116500000,
        "costAndExpenses": 483200000,
        "interestIncome": 0,
        "interestExpense": 0,
        "depreciationAndAmortization": 23100000,
        "ebitda": 96500000,
        "ebitdaratio": 0.1733740568,
        "operatingIncome": 73400000,
        "operatingIncomeRatio": 0.1318720805,
        "totalOtherIncomeExpensesNet": -13200000,
        "incomeBeforeTax": 60200000,
        "incomeBeforeTaxRatio": 0.1081566655,
        "incomeTaxExpense": 24100000,
        "netIncome": 36100000,
        "netIncomeRatio": 0.0648580668,
        "eps": 0.23,
        "epsdiluted": 0.23,
        "weightedAverageShsOut": 156956522,
        "weightedAverageShsOutDil": 156956522,
        "link": "https://www.sec.gov/Archives/edgar/data/814453/000089581395000038/0000895813-95-000038-index.html",
        "finalLink": "https://www.sec.gov/Archives/edgar/data/814453/"
    },
    {
        "date": "1994-12-31",
        "symbol": "NWL",
        "reportedCurrency": "USD",
        "cik": "0000814453",
        "fillingDate": "1995-03-29",
        "acceptedDate": "1995-03-29 00:00:00",
        "calendarYear": "1994",
        "period": "Q4",
        "revenue": 584700000,
        "costOfRevenue": 373700000,
        "grossProfit": 211000000,
        "grossProfitRatio": 0.3608688216,
        "researchAndDevelopmentExpenses": 0,
        "generalAndAdministrativeExpenses": 0,
        "sellingAndMarketingExpenses": 0,
        "sellingGeneralAndAdministrativeExpenses": 85300000,
        "otherExpenses": 13800000,
        "operatingExpenses": 99100000,
        "costAndExpenses": 472800000,
        "interestIncome": 0,
        "interestExpense": 0,
        "depreciationAndAmortization": 13800000,
        "ebitda": 125700000,
        "ebitdaratio": 0.2149820421,
        "operatingIncome": 111900000,
        "operatingIncomeRatio": 0.191380195,
        "totalOtherIncomeExpensesNet": -8400000,
        "incomeBeforeTax": 103500000,
        "incomeBeforeTaxRatio": 0.1770138533,
        "incomeTaxExpense": 41400000,
        "netIncome": 62100000,
        "netIncomeRatio": 0.106208312,
        "eps": 0.4,
        "epsdiluted": 0.4,
        "weightedAverageShsOut": 156756757,
        "weightedAverageShsOutDil": 156756757,
        "link": "https://www.sec.gov/Archives/edgar/data/814453/000089581395000029/0000895813-95-000029-index.html",
        "finalLink": "https://www.sec.gov/Archives/edgar/data/814453/"
    },
    {
        "date": "1994-09-30",
        "symbol": "NWL",
        "reportedCurrency": "USD",
        "cik": "0000814453",
        "fillingDate": "1994-09-30",
        "acceptedDate": "1994-09-30 00:00:00",
        "calendarYear": "1994",
        "period": "Q3",
        "revenue": 553200000,
        "costOfRevenue": 356800000,
        "grossProfit": 196400000,
        "grossProfitRatio": 0.3550253073,
        "researchAndDevelopmentExpenses": 0,
        "generalAndAdministrativeExpenses": 0,
        "sellingAndMarketingExpenses": 0,
        "sellingGeneralAndAdministrativeExpenses": 76200000,
        "otherExpenses": 17200000,
        "operatingExpenses": 93400000,
        "costAndExpenses": 450200000,
        "interestIncome": 0,
        "interestExpense": 0,
        "depreciationAndAmortization": 17200000,
        "ebitda": 120200000,
        "ebitdaratio": 0.2172812726,
        "operatingIncome": 103000000,
        "operatingIncomeRatio": 0.1861894432,
        "totalOtherIncomeExpensesNet": -6300000,
        "incomeBeforeTax": 96700000,
        "incomeBeforeTaxRatio": 0.1748011569,
        "incomeTaxExpense": 38700000,
        "netIncome": 58000000,
        "netIncomeRatio": 0.1048445409,
        "eps": 0.37,
        "epsdiluted": 0.37,
        "weightedAverageShsOut": 156756757,
        "weightedAverageShsOutDil": 156756757,
        "link": null,
        "finalLink": null
    },
    {
        "date": "1994-06-30",
        "symbol": "NWL",
        "reportedCurrency": "USD",
        "cik": "0000814453",
        "fillingDate": "1994-06-30",
        "acceptedDate": "1994-06-30 00:00:00",
        "calendarYear": "1994",
        "period": "Q2",
        "revenue": 493500000,
        "costOfRevenue": 316000000,
        "grossProfit": 177500000,
        "grossProfitRatio": 0.3596757852,
        "researchAndDevelopmentExpenses": 0,
        "generalAndAdministrativeExpenses": 0,
        "sellingAndMarketingExpenses": 0,
        "sellingGeneralAndAdministrativeExpenses": 74800000,
        "otherExpenses": 17600000,
        "operatingExpenses": 92400000,
        "costAndExpenses": 408400000,
        "interestIncome": 0,
        "interestExpense": 0,
        "depreciationAndAmortization": 17600000,
        "ebitda": 102700000,
        "ebitdaratio": 0.2081053698,
        "operatingIncome": 85100000,
        "operatingIncomeRatio": 0.1724417427,
        "totalOtherIncomeExpensesNet": -8500000,
        "incomeBeforeTax": 76600000,
        "incomeBeforeTaxRatio": 0.1552178318,
        "incomeTaxExpense": 32600000,
        "netIncome": 44000000,
        "netIncomeRatio": 0.0891590679,
        "eps": 0.28,
        "epsdiluted": 0.28,
        "weightedAverageShsOut": 157142857,
        "weightedAverageShsOutDil": 157142857,
        "link": null,
        "finalLink": null
    },
    {
        "date": "1994-03-31",
        "symbol": "NWL",
        "reportedCurrency": "USD",
        "cik": "0000814453",
        "fillingDate": "1994-03-31",
        "acceptedDate": "1994-03-31 00:00:00",
        "calendarYear": "1994",
        "period": "Q1",
        "revenue": 443500000,
        "costOfRevenue": 284800000,
        "grossProfit": 158700000,
        "grossProfitRatio": 0.3578354002,
        "researchAndDevelopmentExpenses": 0,
        "generalAndAdministrativeExpenses": 0,
        "sellingAndMarketingExpenses": 0,
        "sellingGeneralAndAdministrativeExpenses": 77000000,
        "otherExpenses": 23900000,
        "operatingExpenses": 100900000,
        "costAndExpenses": 385700000,
        "interestIncome": 0,
        "interestExpense": 0,
        "depreciationAndAmortization": 23900000,
        "ebitda": 81700000,
        "ebitdaratio": 0.18421646,
        "operatingIncome": 57800000,
        "operatingIncomeRatio": 0.1303269448,
        "totalOtherIncomeExpensesNet": -5300000,
        "incomeBeforeTax": 52500000,
        "incomeBeforeTaxRatio": 0.1183765502,
        "incomeTaxExpense": 21000000,
        "netIncome": 31500000,
        "netIncomeRatio": 0.0710259301,
        "eps": 0.2,
        "epsdiluted": 0.2,
        "weightedAverageShsOut": 157500000,
        "weightedAverageShsOutDil": 157500000,
        "link": null,
        "finalLink": null
    },
    {
        "date": "1993-12-31",
        "symbol": "NWL",
        "reportedCurrency": "USD",
        "cik": "0000814453",
        "fillingDate": "1993-12-31",
        "acceptedDate": "1993-12-31 00:00:00",
        "calendarYear": "1993",
        "period": "Q4",
        "revenue": 481400000,
        "costOfRevenue": 288900000,
        "grossProfit": 192500000,
        "grossProfitRatio": 0.3998753635,
        "researchAndDevelopmentExpenses": 0,
        "generalAndAdministrativeExpenses": 0,
        "sellingAndMarketingExpenses": 0,
        "sellingGeneralAndAdministrativeExpenses": 74700000,
        "otherExpenses": 17500000,
        "operatingExpenses": 92200000,
        "costAndExpenses": 381100000,
        "interestIncome": 0,
        "interestExpense": 0,
        "depreciationAndAmortization": 17500000,
        "ebitda": 117800000,
        "ebitdaratio": 0.2447029497,
        "operatingIncome": 100300000,
        "operatingIncomeRatio": 0.208350644,
        "totalOtherIncomeExpensesNet": -9300000,
        "incomeBeforeTax": 91000000,
        "incomeBeforeTaxRatio": 0.18903199,
        "incomeTaxExpense": 35600000,
        "netIncome": 55400000,
        "netIncomeRatio": 0.1150810137,
        "eps": 0.36,
        "epsdiluted": 0.36,
        "weightedAverageShsOut": 153870968,
        "weightedAverageShsOutDil": 153870968,
        "link": null,
        "finalLink": null
    },
    {
        "date": "1993-09-30",
        "symbol": "NWL",
        "reportedCurrency": "USD",
        "cik": "0000814453",
        "fillingDate": "1993-09-30",
        "acceptedDate": "1993-09-30 00:00:00",
        "calendarYear": "1993",
        "period": "Q3",
        "revenue": 456700000,
        "costOfRevenue": 293200000,
        "grossProfit": 163500000,
        "grossProfitRatio": 0.3580030655,
        "researchAndDevelopmentExpenses": 0,
        "generalAndAdministrativeExpenses": 0,
        "sellingAndMarketingExpenses": 0,
        "sellingGeneralAndAdministrativeExpenses": 64500000,
        "otherExpenses": 16900000,
        "operatingExpenses": 81400000,
        "costAndExpenses": 374600000,
        "interestIncome": 0,
        "interestExpense": 0,
        "depreciationAndAmortization": 16900000,
        "ebitda": 99000000,
        "ebitdaratio": 0.2167724984,
        "operatingIncome": 82100000,
        "operatingIncomeRatio": 0.1797679002,
        "totalOtherIncomeExpensesNet": -1300000,
        "incomeBeforeTax": 80800000,
        "incomeBeforeTaxRatio": 0.1769213926,
        "incomeTaxExpense": 33100000,
        "netIncome": 47700000,
        "netIncomeRatio": 0.104444931,
        "eps": 0.31,
        "epsdiluted": 0.31,
        "weightedAverageShsOut": 153870968,
        "weightedAverageShsOutDil": 153870968,
        "link": null,
        "finalLink": null
    },
    {
        "date": "1993-06-30",
        "symbol": "NWL",
        "reportedCurrency": "USD",
        "cik": "0000814453",
        "fillingDate": "1993-06-30",
        "acceptedDate": "1993-06-30 00:00:00",
        "calendarYear": "1993",
        "period": "Q2",
        "revenue": 372700000,
        "costOfRevenue": 235400000,
        "grossProfit": 137300000,
        "grossProfitRatio": 0.3683928092,
        "researchAndDevelopmentExpenses": 0,
        "generalAndAdministrativeExpenses": 0,
        "sellingAndMarketingExpenses": 0,
        "sellingGeneralAndAdministrativeExpenses": 61600000,
        "otherExpenses": 15600000,
        "operatingExpenses": 77200000,
        "costAndExpenses": 312600000,
        "interestIncome": 0,
        "interestExpense": 0,
        "depreciationAndAmortization": 15600000,
        "ebitda": 75700000,
        "ebitdaratio": 0.2031124229,
        "operatingIncome": 60100000,
        "operatingIncomeRatio": 0.1612557016,
        "totalOtherIncomeExpensesNet": -2600000,
        "incomeBeforeTax": 57500000,
        "incomeBeforeTaxRatio": 0.1542795814,
        "incomeTaxExpense": 23000000,
        "netIncome": 34500000,
        "netIncomeRatio": 0.0925677489,
        "eps": 0.22,
        "epsdiluted": 0.22,
        "weightedAverageShsOut": 156818182,
        "weightedAverageShsOutDil": 156818182,
        "link": null,
        "finalLink": null
    },
    {
        "date": "1993-03-31",
        "symbol": "NWL",
        "reportedCurrency": "USD",
        "cik": "0000814453",
        "fillingDate": "1993-03-31",
        "acceptedDate": "1993-03-31 00:00:00",
        "calendarYear": "1993",
        "period": "Q1",
        "revenue": 334200000,
        "costOfRevenue": 215400000,
        "grossProfit": 118800000,
        "grossProfitRatio": 0.355475763,
        "researchAndDevelopmentExpenses": 0,
        "generalAndAdministrativeExpenses": 0,
        "sellingAndMarketingExpenses": 0,
        "sellingGeneralAndAdministrativeExpenses": 56400000,
        "otherExpenses": 14300000,
        "operatingExpenses": 70700000,
        "costAndExpenses": 286100000,
        "interestIncome": 0,
        "interestExpense": 0,
        "depreciationAndAmortization": 14300000,
        "ebitda": 62400000,
        "ebitdaratio": 0.1867145422,
        "operatingIncome": 48100000,
        "operatingIncomeRatio": 0.1439257929,
        "totalOtherIncomeExpensesNet": -1900000,
        "incomeBeforeTax": 46200000,
        "incomeBeforeTaxRatio": 0.1382405745,
        "incomeTaxExpense": 18500000,
        "netIncome": 27700000,
        "netIncomeRatio": 0.0828845003,
        "eps": 0.18,
        "epsdiluted": 0.18,
        "weightedAverageShsOut": 153888889,
        "weightedAverageShsOutDil": 153888889,
        "link": null,
        "finalLink": null
    },
    {
        "date": "1992-12-31",
        "symbol": "NWL",
        "reportedCurrency": "USD",
        "cik": "0000814453",
        "fillingDate": "1992-12-31",
        "acceptedDate": "1992-12-31 00:00:00",
        "calendarYear": "1992",
        "period": "Q4",
        "revenue": 421500000,
        "costOfRevenue": 269600000,
        "grossProfit": 151900000,
        "grossProfitRatio": 0.3603795967,
        "researchAndDevelopmentExpenses": 0,
        "generalAndAdministrativeExpenses": 0,
        "sellingAndMarketingExpenses": 0,
        "sellingGeneralAndAdministrativeExpenses": 79500000,
        "otherExpenses": 16100000,
        "operatingExpenses": 95600000,
        "costAndExpenses": 365200000,
        "interestIncome": 0,
        "interestExpense": 0,
        "depreciationAndAmortization": 16100000,
        "ebitda": 72400000,
        "ebitdaratio": 0.171767497,
        "operatingIncome": 56300000,
        "operatingIncomeRatio": 0.1335705813,
        "totalOtherIncomeExpensesNet": 47000000,
        "incomeBeforeTax": 103300000,
        "incomeBeforeTaxRatio": 0.2450771056,
        "incomeTaxExpense": 45600000,
        "netIncome": 13600000,
        "netIncomeRatio": 0.0322657177,
        "eps": 0.0886,
        "epsdiluted": 0.0886,
        "weightedAverageShsOut": 153571429,
        "weightedAverageShsOutDil": 153571429,
        "link": null,
        "finalLink": null
    },
    {
        "date": "1992-09-30",
        "symbol": "NWL",
        "reportedCurrency": "USD",
        "cik": "0000814453",
        "fillingDate": "1992-09-30",
        "acceptedDate": "1992-09-30 00:00:00",
        "calendarYear": "1992",
        "period": "Q3",
        "revenue": 402100000,
        "costOfRevenue": 265400000,
        "grossProfit": 136700000,
        "grossProfitRatio": 0.3399651828,
        "researchAndDevelopmentExpenses": 0,
        "generalAndAdministrativeExpenses": 0,
        "sellingAndMarketingExpenses": 0,
        "sellingGeneralAndAdministrativeExpenses": 49000000,
        "otherExpenses": 13500000,
        "operatingExpenses": 62500000,
        "costAndExpenses": 327900000,
        "interestIncome": 0,
        "interestExpense": 0,
        "depreciationAndAmortization": 13500000,
        "ebitda": 87700000,
        "ebitdaratio": 0.218104949,
        "operatingIncome": 74200000,
        "operatingIncomeRatio": 0.1845312111,
        "totalOtherIncomeExpensesNet": -2500000,
        "incomeBeforeTax": 71700000,
        "incomeBeforeTaxRatio": 0.1783138523,
        "incomeTaxExpense": 28700000,
        "netIncome": 43000000,
        "netIncomeRatio": 0.1069385725,
        "eps": 0.28,
        "epsdiluted": 0.28,
        "weightedAverageShsOut": 153571429,
        "weightedAverageShsOutDil": 153571429,
        "link": null,
        "finalLink": null
    },
    {
        "date": "1992-06-30",
        "symbol": "NWL",
        "reportedCurrency": "USD",
        "cik": "0000814453",
        "fillingDate": "1992-06-30",
        "acceptedDate": "1992-06-30 00:00:00",
        "calendarYear": "1992",
        "period": "Q2",
        "revenue": 318000000,
        "costOfRevenue": 205300000,
        "grossProfit": 112700000,
        "grossProfitRatio": 0.3544025157,
        "researchAndDevelopmentExpenses": 0,
        "generalAndAdministrativeExpenses": 0,
        "sellingAndMarketingExpenses": 0,
        "sellingGeneralAndAdministrativeExpenses": 44700000,
        "otherExpenses": 11100000,
        "operatingExpenses": 55800000,
        "costAndExpenses": 261100000,
        "interestIncome": 0,
        "interestExpense": 0,
        "depreciationAndAmortization": 11100000,
        "ebitda": 68000000,
        "ebitdaratio": 0.213836478,
        "operatingIncome": 56900000,
        "operatingIncomeRatio": 0.1789308176,
        "totalOtherIncomeExpensesNet": 800000,
        "incomeBeforeTax": 57700000,
        "incomeBeforeTaxRatio": 0.1814465409,
        "incomeTaxExpense": 22500000,
        "netIncome": 35200000,
        "netIncomeRatio": 0.1106918239,
        "eps": 0.23,
        "epsdiluted": 0.23,
        "weightedAverageShsOut": 153043478,
        "weightedAverageShsOutDil": 153043478,
        "link": null,
        "finalLink": null
    },
    {
        "date": "1992-03-31",
        "symbol": "NWL",
        "reportedCurrency": "USD",
        "cik": "0000814453",
        "fillingDate": "1992-03-31",
        "acceptedDate": "1992-03-31 00:00:00",
        "calendarYear": "1992",
        "period": "Q1",
        "revenue": 310100000,
        "costOfRevenue": 203200000,
        "grossProfit": 106900000,
        "grossProfitRatio": 0.3447275073,
        "researchAndDevelopmentExpenses": 0,
        "generalAndAdministrativeExpenses": 0,
        "sellingAndMarketingExpenses": 0,
        "sellingGeneralAndAdministrativeExpenses": 48800000,
        "otherExpenses": 13200000,
        "operatingExpenses": 62000000,
        "costAndExpenses": 265200000,
        "interestIncome": 0,
        "interestExpense": 0,
        "depreciationAndAmortization": 13200000,
        "ebitda": 58100000,
        "ebitdaratio": 0.1873589165,
        "operatingIncome": 44900000,
        "operatingIncomeRatio": 0.1447920026,
        "totalOtherIncomeExpensesNet": 0,
        "incomeBeforeTax": 44900000,
        "incomeBeforeTaxRatio": 0.1447920026,
        "incomeTaxExpense": 17500000,
        "netIncome": 27400000,
        "netIncomeRatio": 0.088358594,
        "eps": 0.18,
        "epsdiluted": 0.18,
        "weightedAverageShsOut": 152222222,
        "weightedAverageShsOutDil": 152222222,
        "link": null,
        "finalLink": null
    },
    {
        "date": "1991-12-31",
        "symbol": "NWL",
        "reportedCurrency": "USD",
        "cik": "0000814453",
        "fillingDate": "1991-12-31",
        "acceptedDate": "1991-12-31 00:00:00",
        "calendarYear": "1991",
        "period": "Q4",
        "revenue": 310200000,
        "costOfRevenue": 199800000,
        "grossProfit": 110400000,
        "grossProfitRatio": 0.3558994197,
        "researchAndDevelopmentExpenses": 0,
        "generalAndAdministrativeExpenses": 0,
        "sellingAndMarketingExpenses": 0,
        "sellingGeneralAndAdministrativeExpenses": 42200000,
        "otherExpenses": 11400000,
        "operatingExpenses": 53600000,
        "costAndExpenses": 253400000,
        "interestIncome": 0,
        "interestExpense": 0,
        "depreciationAndAmortization": 11400000,
        "ebitda": 68200000,
        "ebitdaratio": 0.219858156,
        "operatingIncome": 56800000,
        "operatingIncomeRatio": 0.1831076725,
        "totalOtherIncomeExpensesNet": -1800000,
        "incomeBeforeTax": 55000000,
        "incomeBeforeTaxRatio": 0.1773049645,
        "incomeTaxExpense": 21700000,
        "netIncome": 33300000,
        "netIncomeRatio": 0.1073500967,
        "eps": 0.27,
        "epsdiluted": 0.27,
        "weightedAverageShsOut": 122962963,
        "weightedAverageShsOutDil": 122962963,
        "link": null,
        "finalLink": null
    },
    {
        "date": "1991-09-30",
        "symbol": "NWL",
        "reportedCurrency": "USD",
        "cik": "0000814453",
        "fillingDate": "1991-09-30",
        "acceptedDate": "1991-09-30 00:00:00",
        "calendarYear": "1991",
        "period": "Q3",
        "revenue": 305100000,
        "costOfRevenue": 195900000,
        "grossProfit": 109200000,
        "grossProfitRatio": 0.3579154376,
        "researchAndDevelopmentExpenses": 0,
        "generalAndAdministrativeExpenses": 0,
        "sellingAndMarketingExpenses": 0,
        "sellingGeneralAndAdministrativeExpenses": 41900000,
        "otherExpenses": 8900000,
        "operatingExpenses": 50800000,
        "costAndExpenses": 246700000,
        "interestIncome": 0,
        "interestExpense": 0,
        "depreciationAndAmortization": 8900000,
        "ebitda": 67300000,
        "ebitdaratio": 0.2205834153,
        "operatingIncome": 58400000,
        "operatingIncomeRatio": 0.1914126516,
        "totalOtherIncomeExpensesNet": -2900000,
        "incomeBeforeTax": 55500000,
        "incomeBeforeTaxRatio": 0.1819075713,
        "incomeTaxExpense": 22200000,
        "netIncome": 33300000,
        "netIncomeRatio": 0.1091445428,
        "eps": 0.27,
        "epsdiluted": 0.27,
        "weightedAverageShsOut": 122962963,
        "weightedAverageShsOutDil": 122962963,
        "link": null,
        "finalLink": null
    },
    {
        "date": "1991-06-30",
        "symbol": "NWL",
        "reportedCurrency": "USD",
        "cik": "0000814453",
        "fillingDate": "1991-06-30",
        "acceptedDate": "1991-06-30 00:00:00",
        "calendarYear": "1991",
        "period": "Q2",
        "revenue": 261300000,
        "costOfRevenue": 168200000,
        "grossProfit": 93100000,
        "grossProfitRatio": 0.3562954458,
        "researchAndDevelopmentExpenses": 0,
        "generalAndAdministrativeExpenses": 0,
        "sellingAndMarketingExpenses": 0,
        "sellingGeneralAndAdministrativeExpenses": 37700000,
        "otherExpenses": 10200000,
        "operatingExpenses": 47900000,
        "costAndExpenses": 216100000,
        "interestIncome": 0,
        "interestExpense": 0,
        "depreciationAndAmortization": 10200000,
        "ebitda": 55400000,
        "ebitdaratio": 0.2120168389,
        "operatingIncome": 45200000,
        "operatingIncomeRatio": 0.1729812476,
        "totalOtherIncomeExpensesNet": -2700000,
        "incomeBeforeTax": 42500000,
        "incomeBeforeTaxRatio": 0.162648297,
        "incomeTaxExpense": 17000000,
        "netIncome": 25500000,
        "netIncomeRatio": 0.0975889782,
        "eps": 0.21,
        "epsdiluted": 0.21,
        "weightedAverageShsOut": 120952381,
        "weightedAverageShsOutDil": 120952381,
        "link": null,
        "finalLink": null
    },
    {
        "date": "1991-03-31",
        "symbol": "NWL",
        "reportedCurrency": "USD",
        "cik": "0000814453",
        "fillingDate": "1991-03-31",
        "acceptedDate": "1991-03-31 00:00:00",
        "calendarYear": "1991",
        "period": "Q1",
        "revenue": 242300000,
        "costOfRevenue": 159400000,
        "grossProfit": 82900000,
        "grossProfitRatio": 0.3421378456,
        "researchAndDevelopmentExpenses": 0,
        "generalAndAdministrativeExpenses": 0,
        "sellingAndMarketingExpenses": 0,
        "sellingGeneralAndAdministrativeExpenses": 37000000,
        "otherExpenses": 9000000,
        "operatingExpenses": 46000000,
        "costAndExpenses": 205400000,
        "interestIncome": 0,
        "interestExpense": 0,
        "depreciationAndAmortization": 9000000,
        "ebitda": 45900000,
        "ebitdaratio": 0.1894345852,
        "operatingIncome": 36900000,
        "operatingIncomeRatio": 0.1522905489,
        "totalOtherIncomeExpensesNet": -3300000,
        "incomeBeforeTax": 33600000,
        "incomeBeforeTaxRatio": 0.1386710689,
        "incomeTaxExpense": 13400000,
        "netIncome": 20200000,
        "netIncomeRatio": 0.083367726,
        "eps": 0.17,
        "epsdiluted": 0.17,
        "weightedAverageShsOut": 118235294,
        "weightedAverageShsOutDil": 118235294,
        "link": null,
        "finalLink": null
    },
    {
        "date": "1990-12-31",
        "symbol": "NWL",
        "reportedCurrency": "USD",
        "cik": "0000814453",
        "fillingDate": "1990-12-31",
        "acceptedDate": "1990-12-31 00:00:00",
        "calendarYear": "1990",
        "period": "Q4",
        "revenue": 271600000,
        "costOfRevenue": 191400000,
        "grossProfit": 80200000,
        "grossProfitRatio": 0.295287187,
        "researchAndDevelopmentExpenses": 0,
        "generalAndAdministrativeExpenses": 0,
        "sellingAndMarketingExpenses": 0,
        "sellingGeneralAndAdministrativeExpenses": 38200000,
        "otherExpenses": -7100000,
        "operatingExpenses": 31100000,
        "costAndExpenses": 222500000,
        "interestIncome": 0,
        "interestExpense": 0,
        "depreciationAndAmortization": -7100000,
        "ebitda": 42000000,
        "ebitdaratio": 0.1546391753,
        "operatingIncome": 49100000,
        "operatingIncomeRatio": 0.1807805596,
        "totalOtherIncomeExpensesNet": -3100000,
        "incomeBeforeTax": 46000000,
        "incomeBeforeTaxRatio": 0.1693667158,
        "incomeTaxExpense": 18200000,
        "netIncome": 27800000,
        "netIncomeRatio": 0.1023564065,
        "eps": 0.23,
        "epsdiluted": 0.23,
        "weightedAverageShsOut": 118695652,
        "weightedAverageShsOutDil": 118695652,
        "link": null,
        "finalLink": null
    },
    {
        "date": "1990-09-30",
        "symbol": "NWL",
        "reportedCurrency": "USD",
        "cik": "0000814453",
        "fillingDate": "1990-09-30",
        "acceptedDate": "1990-09-30 00:00:00",
        "calendarYear": "1990",
        "period": "Q3",
        "revenue": 281100000,
        "costOfRevenue": 184400000,
        "grossProfit": 96700000,
        "grossProfitRatio": 0.3440056919,
        "researchAndDevelopmentExpenses": 0,
        "generalAndAdministrativeExpenses": 0,
        "sellingAndMarketingExpenses": 0,
        "sellingGeneralAndAdministrativeExpenses": 36800000,
        "otherExpenses": 10300000,
        "operatingExpenses": 47100000,
        "costAndExpenses": 231500000,
        "interestIncome": 0,
        "interestExpense": 0,
        "depreciationAndAmortization": 10300000,
        "ebitda": 59900000,
        "ebitdaratio": 0.2130914265,
        "operatingIncome": 49600000,
        "operatingIncomeRatio": 0.176449662,
        "totalOtherIncomeExpensesNet": -3900000,
        "incomeBeforeTax": 45700000,
        "incomeBeforeTaxRatio": 0.1625755959,
        "incomeTaxExpense": 18300000,
        "netIncome": 27400000,
        "netIncomeRatio": 0.0974742085,
        "eps": 0.23,
        "epsdiluted": 0.23,
        "weightedAverageShsOut": 118695652,
        "weightedAverageShsOutDil": 118695652,
        "link": null,
        "finalLink": null
    },
    {
        "date": "1990-06-30",
        "symbol": "NWL",
        "reportedCurrency": "USD",
        "cik": "0000814453",
        "fillingDate": "1990-06-30",
        "acceptedDate": "1990-06-30 00:00:00",
        "calendarYear": "1990",
        "period": "Q2",
        "revenue": 262000000,
        "costOfRevenue": 175800000,
        "grossProfit": 86200000,
        "grossProfitRatio": 0.3290076336,
        "researchAndDevelopmentExpenses": 0,
        "generalAndAdministrativeExpenses": 0,
        "sellingAndMarketingExpenses": 0,
        "sellingGeneralAndAdministrativeExpenses": 36100000,
        "otherExpenses": 9600000,
        "operatingExpenses": 45700000,
        "costAndExpenses": 221500000,
        "interestIncome": 0,
        "interestExpense": 0,
        "depreciationAndAmortization": 9600000,
        "ebitda": 50100000,
        "ebitdaratio": 0.191221374,
        "operatingIncome": 40500000,
        "operatingIncomeRatio": 0.1545801527,
        "totalOtherIncomeExpensesNet": -3800000,
        "incomeBeforeTax": 36700000,
        "incomeBeforeTaxRatio": 0.1400763359,
        "incomeTaxExpense": 14700000,
        "netIncome": 22000000,
        "netIncomeRatio": 0.0839694656,
        "eps": 0.18,
        "epsdiluted": 0.18,
        "weightedAverageShsOut": 121111111,
        "weightedAverageShsOutDil": 121111111,
        "link": null,
        "finalLink": null
    },
    {
        "date": "1990-03-31",
        "symbol": "NWL",
        "reportedCurrency": "USD",
        "cik": "0000814453",
        "fillingDate": "1990-03-31",
        "acceptedDate": "1990-03-31 00:00:00",
        "calendarYear": "1990",
        "period": "Q1",
        "revenue": 257900000,
        "costOfRevenue": 158400000,
        "grossProfit": 99500000,
        "grossProfitRatio": 0.3858084529,
        "researchAndDevelopmentExpenses": 0,
        "generalAndAdministrativeExpenses": 0,
        "sellingAndMarketingExpenses": 0,
        "sellingGeneralAndAdministrativeExpenses": 39100000,
        "otherExpenses": 25600000,
        "operatingExpenses": 64700000,
        "costAndExpenses": 223100000,
        "interestIncome": 0,
        "interestExpense": 0,
        "depreciationAndAmortization": 25600000,
        "ebitda": 60400000,
        "ebitdaratio": 0.2341993021,
        "operatingIncome": 34800000,
        "operatingIncomeRatio": 0.1349360217,
        "totalOtherIncomeExpensesNet": 7800000,
        "incomeBeforeTax": 42600000,
        "incomeBeforeTaxRatio": 0.1651803024,
        "incomeTaxExpense": 18400000,
        "netIncome": 24200000,
        "netIncomeRatio": 0.0938348197,
        "eps": 0.2,
        "epsdiluted": 0.2,
        "weightedAverageShsOut": 120000000,
        "weightedAverageShsOutDil": 120000000,
        "link": null,
        "finalLink": null
    },
    {
        "date": "1989-12-31",
        "symbol": "NWL",
        "reportedCurrency": "USD",
        "cik": "0000814453",
        "fillingDate": "1989-12-31",
        "acceptedDate": "1989-12-30 19:00:00",
        "calendarYear": "1989",
        "period": "Q4",
        "revenue": 278500000,
        "costOfRevenue": 0,
        "grossProfit": 278500000,
        "grossProfitRatio": 1,
        "researchAndDevelopmentExpenses": 0,
        "generalAndAdministrativeExpenses": 0,
        "sellingAndMarketingExpenses": 0,
        "sellingGeneralAndAdministrativeExpenses": 0,
        "otherExpenses": -958300000,
        "operatingExpenses": -958300000,
        "costAndExpenses": -958300000,
        "interestIncome": 0,
        "interestExpense": 0,
        "depreciationAndAmortization": 0,
        "ebitda": -679800000,
        "ebitdaratio": -2.4409335727,
        "operatingIncome": -679800000,
        "operatingIncomeRatio": -2.4409335727,
        "totalOtherIncomeExpensesNet": 679800000,
        "incomeBeforeTax": 0,
        "incomeBeforeTaxRatio": 0,
        "incomeTaxExpense": 0,
        "netIncome": 29700000,
        "netIncomeRatio": 0.1066427289,
        "eps": 0.2531365062,
        "epsdiluted": 0.2531365062,
        "weightedAverageShsOut": 117328000,
        "weightedAverageShsOutDil": 117328000,
        "link": "",
        "finalLink": ""
    },
    {
        "date": "1989-09-30",
        "symbol": "NWL",
        "reportedCurrency": "USD",
        "cik": "0000814453",
        "fillingDate": "1989-09-30",
        "acceptedDate": "1989-09-29 20:00:00",
        "calendarYear": "1989",
        "period": "Q3",
        "revenue": 296800000,
        "costOfRevenue": 0,
        "grossProfit": 296800000,
        "grossProfitRatio": 1,
        "researchAndDevelopmentExpenses": 0,
        "generalAndAdministrativeExpenses": 0,
        "sellingAndMarketingExpenses": 0,
        "sellingGeneralAndAdministrativeExpenses": 0,
        "otherExpenses": 0,
        "operatingExpenses": 0,
        "costAndExpenses": 0,
        "interestIncome": 0,
        "interestExpense": 0,
        "depreciationAndAmortization": 0,
        "ebitda": 296800000,
        "ebitdaratio": 1,
        "operatingIncome": 296800000,
        "operatingIncomeRatio": 1,
        "totalOtherIncomeExpensesNet": -296800000,
        "incomeBeforeTax": 0,
        "incomeBeforeTaxRatio": 0,
        "incomeTaxExpense": 0,
        "netIncome": 24500000,
        "netIncomeRatio": 0.0825471698,
        "eps": 0.21,
        "epsdiluted": 0.21,
        "weightedAverageShsOut": 117328000,
        "weightedAverageShsOutDil": 117328000,
        "link": "",
        "finalLink": ""
    },
    {
        "date": "1989-06-30",
        "symbol": "NWL",
        "reportedCurrency": "USD",
        "cik": "0000814453",
        "fillingDate": "1989-06-30",
        "acceptedDate": "1989-06-29 20:00:00",
        "calendarYear": "1989",
        "period": "Q2",
        "revenue": 275700000,
        "costOfRevenue": 0,
        "grossProfit": 275700000,
        "grossProfitRatio": 1,
        "researchAndDevelopmentExpenses": 0,
        "generalAndAdministrativeExpenses": 0,
        "sellingAndMarketingExpenses": 0,
        "sellingGeneralAndAdministrativeExpenses": 0,
        "otherExpenses": 0,
        "operatingExpenses": 0,
        "costAndExpenses": 0,
        "interestIncome": 0,
        "interestExpense": 0,
        "depreciationAndAmortization": 0,
        "ebitda": 275700000,
        "ebitdaratio": 1,
        "operatingIncome": 275700000,
        "operatingIncomeRatio": 1,
        "totalOtherIncomeExpensesNet": -275700000,
        "incomeBeforeTax": 0,
        "incomeBeforeTaxRatio": 0,
        "incomeTaxExpense": 0,
        "netIncome": 17100000,
        "netIncomeRatio": 0.0620239391,
        "eps": 0.15,
        "epsdiluted": 0.14,
        "weightedAverageShsOut": 117508000,
        "weightedAverageShsOutDil": 117508000,
        "link": "",
        "finalLink": ""
    },
    {
        "date": "1989-03-31",
        "symbol": "NWL",
        "reportedCurrency": "USD",
        "cik": "0000814453",
        "fillingDate": "1989-03-31",
        "acceptedDate": "1989-03-30 19:00:00",
        "calendarYear": "1989",
        "period": "Q1",
        "revenue": 271900000,
        "costOfRevenue": 0,
        "grossProfit": 271900000,
        "grossProfitRatio": 1,
        "researchAndDevelopmentExpenses": 0,
        "generalAndAdministrativeExpenses": 0,
        "sellingAndMarketingExpenses": 0,
        "sellingGeneralAndAdministrativeExpenses": 0,
        "otherExpenses": 0,
        "operatingExpenses": 0,
        "costAndExpenses": 0,
        "interestIncome": 0,
        "interestExpense": 0,
        "depreciationAndAmortization": 0,
        "ebitda": 271900000,
        "ebitdaratio": 1,
        "operatingIncome": 271900000,
        "operatingIncomeRatio": 1,
        "totalOtherIncomeExpensesNet": -271900000,
        "incomeBeforeTax": 0,
        "incomeBeforeTaxRatio": 0,
        "incomeTaxExpense": 0,
        "netIncome": 14000000,
        "netIncomeRatio": 0.0514895182,
        "eps": 0.12,
        "epsdiluted": 0.12,
        "weightedAverageShsOut": 116920000,
        "weightedAverageShsOutDil": 116920000,
        "link": "",
        "finalLink": ""
    },
    {
        "date": "1988-12-31",
        "symbol": "NWL",
        "reportedCurrency": "USD",
        "cik": "0000814453",
        "fillingDate": "1988-12-31",
        "acceptedDate": "1988-12-30 19:00:00",
        "calendarYear": "1988",
        "period": "Q4",
        "revenue": 253700000,
        "costOfRevenue": 0,
        "grossProfit": 253700000,
        "grossProfitRatio": 1,
        "researchAndDevelopmentExpenses": 0,
        "generalAndAdministrativeExpenses": 0,
        "sellingAndMarketingExpenses": 0,
        "sellingGeneralAndAdministrativeExpenses": 0,
        "otherExpenses": -863900000,
        "operatingExpenses": -863900000,
        "costAndExpenses": -863900000,
        "interestIncome": 0,
        "interestExpense": 0,
        "depreciationAndAmortization": 0,
        "ebitda": -610200000,
        "ebitdaratio": -2.4052029957,
        "operatingIncome": -610200000,
        "operatingIncomeRatio": -2.4052029957,
        "totalOtherIncomeExpensesNet": 610200000,
        "incomeBeforeTax": 0,
        "incomeBeforeTaxRatio": 0,
        "incomeTaxExpense": 0,
        "netIncome": 21200000,
        "netIncomeRatio": 0.0835632637,
        "eps": 0.2278393947,
        "epsdiluted": 0.2278393947,
        "weightedAverageShsOut": 93048000,
        "weightedAverageShsOutDil": 93048000,
        "link": "",
        "finalLink": ""
    },
    {
        "date": "1988-09-30",
        "symbol": "NWL",
        "reportedCurrency": "USD",
        "cik": "0000814453",
        "fillingDate": "1988-09-30",
        "acceptedDate": "1988-09-29 20:00:00",
        "calendarYear": "1988",
        "period": "Q3",
        "revenue": 264500000,
        "costOfRevenue": 0,
        "grossProfit": 264500000,
        "grossProfitRatio": 1,
        "researchAndDevelopmentExpenses": 0,
        "generalAndAdministrativeExpenses": 0,
        "sellingAndMarketingExpenses": 0,
        "sellingGeneralAndAdministrativeExpenses": 0,
        "otherExpenses": 0,
        "operatingExpenses": 0,
        "costAndExpenses": 0,
        "interestIncome": 0,
        "interestExpense": 0,
        "depreciationAndAmortization": 0,
        "ebitda": 264500000,
        "ebitdaratio": 1,
        "operatingIncome": 264500000,
        "operatingIncomeRatio": 1,
        "totalOtherIncomeExpensesNet": -264500000,
        "incomeBeforeTax": 0,
        "incomeBeforeTaxRatio": 0,
        "incomeTaxExpense": 0,
        "netIncome": 18900000,
        "netIncomeRatio": 0.0714555766,
        "eps": 0.18,
        "epsdiluted": 0.16,
        "weightedAverageShsOut": 93048000,
        "weightedAverageShsOutDil": 93048000,
        "link": "",
        "finalLink": ""
    },
    {
        "date": "1988-06-30",
        "symbol": "NWL",
        "reportedCurrency": "USD",
        "cik": "0000814453",
        "fillingDate": "1988-06-30",
        "acceptedDate": "1988-06-29 20:00:00",
        "calendarYear": "1988",
        "period": "Q2",
        "revenue": 233800000,
        "costOfRevenue": 0,
        "grossProfit": 233800000,
        "grossProfitRatio": 1,
        "researchAndDevelopmentExpenses": 0,
        "generalAndAdministrativeExpenses": 0,
        "sellingAndMarketingExpenses": 0,
        "sellingGeneralAndAdministrativeExpenses": 0,
        "otherExpenses": 0,
        "operatingExpenses": 0,
        "costAndExpenses": 0,
        "interestIncome": 0,
        "interestExpense": 0,
        "depreciationAndAmortization": 0,
        "ebitda": 233800000,
        "ebitdaratio": 1,
        "operatingIncome": 233800000,
        "operatingIncomeRatio": 1,
        "totalOtherIncomeExpensesNet": -233800000,
        "incomeBeforeTax": 0,
        "incomeBeforeTaxRatio": 0,
        "incomeTaxExpense": 0,
        "netIncome": 11400000,
        "netIncomeRatio": 0.0487596236,
        "eps": 0.1,
        "epsdiluted": 0.1,
        "weightedAverageShsOut": 93048000,
        "weightedAverageShsOutDil": 93048000,
        "link": "",
        "finalLink": ""
    },
    {
        "date": "1988-03-31",
        "symbol": "NWL",
        "reportedCurrency": "USD",
        "cik": "0000814453",
        "fillingDate": "1988-03-31",
        "acceptedDate": "1988-03-30 19:00:00",
        "calendarYear": "1988",
        "period": "Q1",
        "revenue": 236200000,
        "costOfRevenue": 0,
        "grossProfit": 236200000,
        "grossProfitRatio": 1,
        "researchAndDevelopmentExpenses": 0,
        "generalAndAdministrativeExpenses": 0,
        "sellingAndMarketingExpenses": 0,
        "sellingGeneralAndAdministrativeExpenses": 0,
        "otherExpenses": 0,
        "operatingExpenses": 0,
        "costAndExpenses": 0,
        "interestIncome": 0,
        "interestExpense": 0,
        "depreciationAndAmortization": 0,
        "ebitda": 236200000,
        "ebitdaratio": 1,
        "operatingIncome": 236200000,
        "operatingIncomeRatio": 1,
        "totalOtherIncomeExpensesNet": -236200000,
        "incomeBeforeTax": 0,
        "incomeBeforeTaxRatio": 0,
        "incomeTaxExpense": 0,
        "netIncome": 9900000,
        "netIncomeRatio": 0.0419136325,
        "eps": 0.08,
        "epsdiluted": 0.08,
        "weightedAverageShsOut": 92288000,
        "weightedAverageShsOutDil": 92288000,
        "link": "",
        "finalLink": ""
    },
    {
        "date": "1987-12-31",
        "symbol": "NWL",
        "reportedCurrency": "USD",
        "cik": "0000814453",
        "fillingDate": "1987-12-31",
        "acceptedDate": "1987-12-30 19:00:00",
        "calendarYear": "1987",
        "period": "Q4",
        "revenue": 304900000,
        "costOfRevenue": 0,
        "grossProfit": 304900000,
        "grossProfitRatio": 1,
        "researchAndDevelopmentExpenses": 0,
        "generalAndAdministrativeExpenses": 0,
        "sellingAndMarketingExpenses": 0,
        "sellingGeneralAndAdministrativeExpenses": 0,
        "otherExpenses": -637600000,
        "operatingExpenses": -637600000,
        "costAndExpenses": -637600000,
        "interestIncome": 0,
        "interestExpense": 0,
        "depreciationAndAmortization": 0,
        "ebitda": -332700000,
        "ebitdaratio": -1.0911774352,
        "operatingIncome": -332700000,
        "operatingIncomeRatio": -1.0911774352,
        "totalOtherIncomeExpensesNet": 332700000,
        "incomeBeforeTax": 0,
        "incomeBeforeTaxRatio": 0,
        "incomeTaxExpense": 0,
        "netIncome": 13400000,
        "netIncomeRatio": 0.0439488357,
        "eps": 0.1459313469,
        "epsdiluted": 0.1459313469,
        "weightedAverageShsOut": 91824000,
        "weightedAverageShsOutDil": 91824000,
        "link": "",
        "finalLink": ""
    },
    {
        "date": "1987-09-30",
        "symbol": "NWL",
        "reportedCurrency": "USD",
        "cik": "0000814453",
        "fillingDate": "1987-09-30",
        "acceptedDate": "1987-09-29 20:00:00",
        "calendarYear": "1987",
        "period": "Q3",
        "revenue": 218800000,
        "costOfRevenue": 0,
        "grossProfit": 218800000,
        "grossProfitRatio": 1,
        "researchAndDevelopmentExpenses": 0,
        "generalAndAdministrativeExpenses": 0,
        "sellingAndMarketingExpenses": 0,
        "sellingGeneralAndAdministrativeExpenses": 0,
        "otherExpenses": 0,
        "operatingExpenses": 0,
        "costAndExpenses": 0,
        "interestIncome": 0,
        "interestExpense": 0,
        "depreciationAndAmortization": 0,
        "ebitda": 218800000,
        "ebitdaratio": 1,
        "operatingIncome": 218800000,
        "operatingIncomeRatio": 1,
        "totalOtherIncomeExpensesNet": -218800000,
        "incomeBeforeTax": 0,
        "incomeBeforeTaxRatio": 0,
        "incomeTaxExpense": 0,
        "netIncome": 11200000,
        "netIncomeRatio": 0.0511882998,
        "eps": 0.1,
        "epsdiluted": 0.1,
        "weightedAverageShsOut": 91824000,
        "weightedAverageShsOutDil": 91824000,
        "link": "",
        "finalLink": ""
    },
    {
        "date": "1987-06-30",
        "symbol": "NWL",
        "reportedCurrency": "USD",
        "cik": "0000814453",
        "fillingDate": "1987-06-30",
        "acceptedDate": "1987-06-29 20:00:00",
        "calendarYear": "1987",
        "period": "Q2",
        "revenue": 94700000,
        "costOfRevenue": 0,
        "grossProfit": 94700000,
        "grossProfitRatio": 1,
        "researchAndDevelopmentExpenses": 0,
        "generalAndAdministrativeExpenses": 0,
        "sellingAndMarketingExpenses": 0,
        "sellingGeneralAndAdministrativeExpenses": 0,
        "otherExpenses": 0,
        "operatingExpenses": 0,
        "costAndExpenses": 0,
        "interestIncome": 0,
        "interestExpense": 0,
        "depreciationAndAmortization": 0,
        "ebitda": 94700000,
        "ebitdaratio": 1,
        "operatingIncome": 94700000,
        "operatingIncomeRatio": 1,
        "totalOtherIncomeExpensesNet": -94700000,
        "incomeBeforeTax": 0,
        "incomeBeforeTaxRatio": 0,
        "incomeTaxExpense": 0,
        "netIncome": 6500000,
        "netIncomeRatio": 0.0686378036,
        "eps": 0.07,
        "epsdiluted": 0.07,
        "weightedAverageShsOut": 91824000,
        "weightedAverageShsOutDil": 91824000,
        "link": "",
        "finalLink": ""
    },
    {
        "date": "1987-03-31",
        "symbol": "NWL",
        "reportedCurrency": "USD",
        "cik": "0000814453",
        "fillingDate": "1987-03-31",
        "acceptedDate": "1987-03-30 19:00:00",
        "calendarYear": "1987",
        "period": "Q1",
        "revenue": 101300000,
        "costOfRevenue": 0,
        "grossProfit": 101300000,
        "grossProfitRatio": 1,
        "researchAndDevelopmentExpenses": 0,
        "generalAndAdministrativeExpenses": 0,
        "sellingAndMarketingExpenses": 0,
        "sellingGeneralAndAdministrativeExpenses": 0,
        "otherExpenses": 0,
        "operatingExpenses": 0,
        "costAndExpenses": 0,
        "interestIncome": 0,
        "interestExpense": 0,
        "depreciationAndAmortization": 0,
        "ebitda": 101300000,
        "ebitdaratio": 1,
        "operatingIncome": 101300000,
        "operatingIncomeRatio": 1,
        "totalOtherIncomeExpensesNet": -101300000,
        "incomeBeforeTax": 0,
        "incomeBeforeTaxRatio": 0,
        "incomeTaxExpense": 0,
        "netIncome": 6100000,
        "netIncomeRatio": 0.0602171767,
        "eps": 0.07,
        "epsdiluted": 0.07,
        "weightedAverageShsOut": 91640000,
        "weightedAverageShsOutDil": 91640000,
        "link": "",
        "finalLink": ""
    },
    {
        "date": "1986-12-31",
        "symbol": "NWL",
        "reportedCurrency": "USD",
        "cik": "0000814453",
        "fillingDate": "1986-12-31",
        "acceptedDate": "1986-12-30 19:00:00",
        "calendarYear": "1986",
        "period": "Q4",
        "revenue": 105500000,
        "costOfRevenue": 0,
        "grossProfit": 105500000,
        "grossProfitRatio": 1,
        "researchAndDevelopmentExpenses": 0,
        "generalAndAdministrativeExpenses": 0,
        "sellingAndMarketingExpenses": 0,
        "sellingGeneralAndAdministrativeExpenses": 0,
        "otherExpenses": -354400000,
        "operatingExpenses": -354400000,
        "costAndExpenses": -354400000,
        "interestIncome": 0,
        "interestExpense": 0,
        "depreciationAndAmortization": 0,
        "ebitda": -248900000,
        "ebitdaratio": -2.3592417062,
        "operatingIncome": -248900000,
        "operatingIncomeRatio": -2.3592417062,
        "totalOtherIncomeExpensesNet": 248900000,
        "incomeBeforeTax": 0,
        "incomeBeforeTaxRatio": 0,
        "incomeTaxExpense": 0,
        "netIncome": 7400000,
        "netIncomeRatio": 0.0701421801,
        "eps": 0.0808071984,
        "epsdiluted": 0.0808071984,
        "weightedAverageShsOut": 91576000,
        "weightedAverageShsOutDil": 91576000,
        "link": "",
        "finalLink": ""
    },
    {
        "date": "1986-09-30",
        "symbol": "NWL",
        "reportedCurrency": "USD",
        "cik": "0000814453",
        "fillingDate": "1986-09-30",
        "acceptedDate": "1986-09-29 20:00:00",
        "calendarYear": "1986",
        "period": "Q3",
        "revenue": 106300000,
        "costOfRevenue": 0,
        "grossProfit": 106300000,
        "grossProfitRatio": 1,
        "researchAndDevelopmentExpenses": 0,
        "generalAndAdministrativeExpenses": 0,
        "sellingAndMarketingExpenses": 0,
        "sellingGeneralAndAdministrativeExpenses": 0,
        "otherExpenses": 0,
        "operatingExpenses": 0,
        "costAndExpenses": 0,
        "interestIncome": 0,
        "interestExpense": 0,
        "depreciationAndAmortization": 0,
        "ebitda": 106300000,
        "ebitdaratio": 1,
        "operatingIncome": 106300000,
        "operatingIncomeRatio": 1,
        "totalOtherIncomeExpensesNet": -106300000,
        "incomeBeforeTax": 0,
        "incomeBeforeTaxRatio": 0,
        "incomeTaxExpense": 0,
        "netIncome": 7400000,
        "netIncomeRatio": 0.0696142992,
        "eps": 0.08,
        "epsdiluted": 0.08,
        "weightedAverageShsOut": 91576000,
        "weightedAverageShsOutDil": 91576000,
        "link": "",
        "finalLink": ""
    },
    {
        "date": "1986-06-30",
        "symbol": "NWL",
        "reportedCurrency": "USD",
        "cik": "0000814453",
        "fillingDate": "1986-06-30",
        "acceptedDate": "1986-06-29 20:00:00",
        "calendarYear": "1986",
        "period": "Q2",
        "revenue": 95100000,
        "costOfRevenue": 0,
        "grossProfit": 95100000,
        "grossProfitRatio": 1,
        "researchAndDevelopmentExpenses": 0,
        "generalAndAdministrativeExpenses": 0,
        "sellingAndMarketingExpenses": 0,
        "sellingGeneralAndAdministrativeExpenses": 0,
        "otherExpenses": 0,
        "operatingExpenses": 0,
        "costAndExpenses": 0,
        "interestIncome": 0,
        "interestExpense": 0,
        "depreciationAndAmortization": 0,
        "ebitda": 95100000,
        "ebitdaratio": 1,
        "operatingIncome": 95100000,
        "operatingIncomeRatio": 1,
        "totalOtherIncomeExpensesNet": -95100000,
        "incomeBeforeTax": 0,
        "incomeBeforeTaxRatio": 0,
        "incomeTaxExpense": 0,
        "netIncome": 5100000,
        "netIncomeRatio": 0.0536277603,
        "eps": 0.06,
        "epsdiluted": 0.06,
        "weightedAverageShsOut": 89656000,
        "weightedAverageShsOutDil": 89656000,
        "link": "",
        "finalLink": ""
    },
    {
        "date": "1986-03-31",
        "symbol": "NWL",
        "reportedCurrency": "USD",
        "cik": "0000814453",
        "fillingDate": "1986-03-31",
        "acceptedDate": "1986-03-30 19:00:00",
        "calendarYear": "1986",
        "period": "Q1",
        "revenue": 94500000,
        "costOfRevenue": 0,
        "grossProfit": 94500000,
        "grossProfitRatio": 1,
        "researchAndDevelopmentExpenses": 0,
        "generalAndAdministrativeExpenses": 0,
        "sellingAndMarketingExpenses": 0,
        "sellingGeneralAndAdministrativeExpenses": 0,
        "otherExpenses": 0,
        "operatingExpenses": 0,
        "costAndExpenses": 0,
        "interestIncome": 0,
        "interestExpense": 0,
        "depreciationAndAmortization": 0,
        "ebitda": 94500000,
        "ebitdaratio": 1,
        "operatingIncome": 94500000,
        "operatingIncomeRatio": 1,
        "totalOtherIncomeExpensesNet": -94500000,
        "incomeBeforeTax": 0,
        "incomeBeforeTaxRatio": 0,
        "incomeTaxExpense": 0,
        "netIncome": 4100000,
        "netIncomeRatio": 0.0433862434,
        "eps": 0.06,
        "epsdiluted": 0.06,
        "weightedAverageShsOut": 79752000,
        "weightedAverageShsOutDil": 79752000,
        "link": "",
        "finalLink": ""
    },
    {
        "date": "1985-12-31",
        "symbol": "NWL",
        "reportedCurrency": "USD",
        "cik": "0000814453",
        "fillingDate": "1985-12-31",
        "acceptedDate": "1985-12-30 19:00:00",
        "calendarYear": "1985",
        "period": "Q4",
        "revenue": 96600000,
        "costOfRevenue": 0,
        "grossProfit": 96600000,
        "grossProfitRatio": 1,
        "researchAndDevelopmentExpenses": 0,
        "generalAndAdministrativeExpenses": 0,
        "sellingAndMarketingExpenses": 0,
        "sellingGeneralAndAdministrativeExpenses": 0,
        "otherExpenses": -317200000,
        "operatingExpenses": -317200000,
        "costAndExpenses": -317200000,
        "interestIncome": 0,
        "interestExpense": 0,
        "depreciationAndAmortization": 0,
        "ebitda": -220600000,
        "ebitdaratio": -2.2836438923,
        "operatingIncome": -220600000,
        "operatingIncomeRatio": -2.2836438923,
        "totalOtherIncomeExpensesNet": 220600000,
        "incomeBeforeTax": 0,
        "incomeBeforeTaxRatio": 0,
        "incomeTaxExpense": 0,
        "netIncome": 5500000,
        "netIncomeRatio": 0.0569358178,
        "eps": 0.079886126,
        "epsdiluted": 0.079886126,
        "weightedAverageShsOut": 68848000,
        "weightedAverageShsOutDil": 68848000,
        "link": "",
        "finalLink": ""
    },
    {
        "date": "1985-09-30",
        "symbol": "NWL",
        "reportedCurrency": "USD",
        "cik": "0000814453",
        "fillingDate": "1985-09-30",
        "acceptedDate": "1985-09-29 20:00:00",
        "calendarYear": "1985",
        "period": "Q3",
        "revenue": 92200000,
        "costOfRevenue": 0,
        "grossProfit": 92200000,
        "grossProfitRatio": 1,
        "researchAndDevelopmentExpenses": 0,
        "generalAndAdministrativeExpenses": 0,
        "sellingAndMarketingExpenses": 0,
        "sellingGeneralAndAdministrativeExpenses": 0,
        "otherExpenses": 0,
        "operatingExpenses": 0,
        "costAndExpenses": 0,
        "interestIncome": 0,
        "interestExpense": 0,
        "depreciationAndAmortization": 0,
        "ebitda": 92200000,
        "ebitdaratio": 1,
        "operatingIncome": 92200000,
        "operatingIncomeRatio": 1,
        "totalOtherIncomeExpensesNet": -92200000,
        "incomeBeforeTax": 0,
        "incomeBeforeTaxRatio": 0,
        "incomeTaxExpense": 0,
        "netIncome": 5400000,
        "netIncomeRatio": 0.0585683297,
        "eps": 0.08,
        "epsdiluted": 0.07,
        "weightedAverageShsOut": 68848000,
        "weightedAverageShsOutDil": 68848000,
        "link": "",
        "finalLink": ""
    }
]