[
    {
        "date": "2025-06-30",
        "symbol": "NYT",
        "reportedCurrency": "USD",
        "cik": "0000071691",
        "fillingDate": "2025-08-06",
        "acceptedDate": "2025-08-06 14:20:31",
        "calendarYear": "2025",
        "period": "Q2",
        "revenue": 685873000,
        "costOfRevenue": 338779000,
        "grossProfit": 347094000,
        "grossProfitRatio": 0.5060616178,
        "researchAndDevelopmentExpenses": 63940000,
        "generalAndAdministrativeExpenses": 82552000,
        "sellingAndMarketingExpenses": 69165000,
        "sellingGeneralAndAdministrativeExpenses": 151717000,
        "otherExpenses": 24886000,
        "operatingExpenses": 240543000,
        "costAndExpenses": 579322000,
        "interestIncome": 10095000,
        "interestExpense": 343000,
        "depreciationAndAmortization": 23732000,
        "ebitda": 135739000,
        "ebitdaratio": 0.1979069011,
        "operatingIncome": 106551000,
        "operatingIncomeRatio": 0.1553509177,
        "totalOtherIncomeExpensesNet": 5113000,
        "incomeBeforeTax": 111664000,
        "incomeBeforeTaxRatio": 0.1628056506,
        "incomeTaxExpense": 28719000,
        "netIncome": 82945000,
        "netIncomeRatio": 0.1209334673,
        "eps": 0.5078,
        "epsdiluted": 0.5047,
        "weightedAverageShsOut": 163331000,
        "weightedAverageShsOutDil": 164346000,
        "link": "https://www.sec.gov/Archives/edgar/data/71691/000007169125000119/0000071691-25-000119-index.htm",
        "finalLink": "https://www.sec.gov/Archives/edgar/data/71691/000007169125000119/nyt-20250630.htm"
    },
    {
        "date": "2025-03-31",
        "symbol": "NYT",
        "reportedCurrency": "USD",
        "cik": "0000071691",
        "fillingDate": "2025-05-07",
        "acceptedDate": "2025-05-07 13:43:59",
        "calendarYear": "2025",
        "period": "Q1",
        "revenue": 635910000,
        "costOfRevenue": 334637000,
        "grossProfit": 301273000,
        "grossProfitRatio": 0.473766728,
        "researchAndDevelopmentExpenses": 66539000,
        "generalAndAdministrativeExpenses": 79913000,
        "sellingAndMarketingExpenses": 65959000,
        "sellingGeneralAndAdministrativeExpenses": 145872000,
        "otherExpenses": 30228000,
        "operatingExpenses": 242639000,
        "costAndExpenses": 577276000,
        "interestIncome": 10220000,
        "interestExpense": 248000,
        "depreciationAndAmortization": 23707000,
        "ebitda": 87923000,
        "ebitdaratio": 0.1382632762,
        "operatingIncome": 58634000,
        "operatingIncomeRatio": 0.0922048718,
        "totalOtherIncomeExpensesNet": 5334000,
        "incomeBeforeTax": 63968000,
        "incomeBeforeTaxRatio": 0.1005928512,
        "incomeTaxExpense": 14417000,
        "netIncome": 49551000,
        "netIncomeRatio": 0.077921404,
        "eps": 0.3,
        "epsdiluted": 0.3,
        "weightedAverageShsOut": 163779000,
        "weightedAverageShsOutDil": 164908000,
        "link": "https://www.sec.gov/Archives/edgar/data/71691/000007169125000100/0000071691-25-000100-index.htm",
        "finalLink": "https://www.sec.gov/Archives/edgar/data/71691/000007169125000100/nyt-20250331.htm"
    },
    {
        "date": "2024-12-31",
        "symbol": "NYT",
        "reportedCurrency": "USD",
        "cik": "0000071691",
        "fillingDate": "2025-02-27",
        "acceptedDate": "2025-02-27 14:21:22",
        "calendarYear": "2024",
        "period": "Q4",
        "revenue": 726629000,
        "costOfRevenue": 338034000,
        "grossProfit": 388595000,
        "grossProfitRatio": 0.5347914823,
        "researchAndDevelopmentExpenses": 61763000,
        "generalAndAdministrativeExpenses": 76036000,
        "sellingAndMarketingExpenses": 82857000,
        "sellingGeneralAndAdministrativeExpenses": 158893000,
        "otherExpenses": 21299000,
        "operatingExpenses": 241955000,
        "costAndExpenses": 579989000,
        "interestIncome": 10290000,
        "interestExpense": 254000,
        "depreciationAndAmortization": 23386000,
        "ebitda": 179282000,
        "ebitdaratio": 0.2467311379,
        "operatingIncome": 146640000,
        "operatingIncomeRatio": 0.2018086259,
        "totalOtherIncomeExpensesNet": 9002000,
        "incomeBeforeTax": 155642000,
        "incomeBeforeTaxRatio": 0.2141973414,
        "incomeTaxExpense": 31917000,
        "netIncome": 123725000,
        "netIncomeRatio": 0.1702725875,
        "eps": 0.75,
        "epsdiluted": 0.75,
        "weightedAverageShsOut": 164093000,
        "weightedAverageShsOutDil": 165802000,
        "link": "https://www.sec.gov/Archives/edgar/data/71691/000007169125000047/0000071691-25-000047-index.htm",
        "finalLink": "https://www.sec.gov/Archives/edgar/data/71691/000007169125000047/nyt-20241231.htm"
    },
    {
        "date": "2024-09-30",
        "symbol": "NYT",
        "reportedCurrency": "USD",
        "cik": "0000071691",
        "fillingDate": "2024-11-04",
        "acceptedDate": "2024-11-04 13:19:50",
        "calendarYear": "2024",
        "period": "Q3",
        "revenue": 640178000,
        "costOfRevenue": 331839000,
        "grossProfit": 308339000,
        "grossProfitRatio": 0.4816457298,
        "researchAndDevelopmentExpenses": 61030000,
        "generalAndAdministrativeExpenses": 76209000,
        "sellingAndMarketingExpenses": 69131000,
        "sellingGeneralAndAdministrativeExpenses": 145340000,
        "otherExpenses": 25242000,
        "operatingExpenses": 231612000,
        "costAndExpenses": 563451000,
        "interestIncome": 9626000,
        "interestExpense": 260000,
        "depreciationAndAmortization": 22934000,
        "ebitda": 108237000,
        "ebitdaratio": 0.169073289,
        "operatingIncome": 76727000,
        "operatingIncomeRatio": 0.1198526035,
        "totalOtherIncomeExpensesNet": 8316000,
        "incomeBeforeTax": 85043000,
        "incomeBeforeTaxRatio": 0.1328427406,
        "incomeTaxExpense": 20900000,
        "netIncome": 64143000,
        "netIncomeRatio": 0.1001955706,
        "eps": 0.39,
        "epsdiluted": 0.39,
        "weightedAverageShsOut": 164419000,
        "weightedAverageShsOutDil": 165847000,
        "link": "https://www.sec.gov/Archives/edgar/data/71691/000007169124000160/0000071691-24-000160-index.htm",
        "finalLink": "https://www.sec.gov/Archives/edgar/data/71691/000007169124000160/nyt-20240930.htm"
    },
    {
        "date": "2024-06-30",
        "symbol": "NYT",
        "reportedCurrency": "USD",
        "cik": "0000071691",
        "fillingDate": "2024-08-07",
        "acceptedDate": "2024-08-07 15:49:22",
        "calendarYear": "2024",
        "period": "Q2",
        "revenue": 625097000,
        "costOfRevenue": 322774000,
        "grossProfit": 302323000,
        "grossProfitRatio": 0.4836417388,
        "researchAndDevelopmentExpenses": 62220000,
        "generalAndAdministrativeExpenses": 76870000,
        "sellingAndMarketingExpenses": 61303000,
        "sellingGeneralAndAdministrativeExpenses": 138173000,
        "otherExpenses": 22520000,
        "operatingExpenses": 222913000,
        "costAndExpenses": 545687000,
        "interestIncome": 8948000,
        "interestExpense": 252000,
        "depreciationAndAmortization": 22777000,
        "ebitda": 110112000,
        "ebitdaratio": 0.1761518612,
        "operatingIncome": 79410000,
        "operatingIncomeRatio": 0.127036284,
        "totalOtherIncomeExpensesNet": 7673000,
        "incomeBeforeTax": 87083000,
        "incomeBeforeTaxRatio": 0.1393111789,
        "incomeTaxExpense": 21543000,
        "netIncome": 65540000,
        "netIncomeRatio": 0.1048477276,
        "eps": 0.4,
        "epsdiluted": 0.4,
        "weightedAverageShsOut": 164540000,
        "weightedAverageShsOutDil": 165514000,
        "link": "https://www.sec.gov/Archives/edgar/data/71691/000007169124000132/0000071691-24-000132-index.htm",
        "finalLink": "https://www.sec.gov/Archives/edgar/data/71691/000007169124000132/nyt-20240630.htm"
    },
    {
        "date": "2024-03-31",
        "symbol": "NYT",
        "reportedCurrency": "USD",
        "cik": "0000071691",
        "fillingDate": "2024-05-08",
        "acceptedDate": "2024-05-08 15:45:23",
        "calendarYear": "2024",
        "period": "Q1",
        "revenue": 594015000,
        "costOfRevenue": 316867000,
        "grossProfit": 277148000,
        "grossProfitRatio": 0.4665673426,
        "researchAndDevelopmentExpenses": 63185000,
        "generalAndAdministrativeExpenses": 78815000,
        "sellingAndMarketingExpenses": 65134000,
        "sellingGeneralAndAdministrativeExpenses": 143949000,
        "otherExpenses": 21695000,
        "operatingExpenses": 228829000,
        "costAndExpenses": 545696000,
        "interestIncome": 8638000,
        "interestExpense": 251000,
        "depreciationAndAmortization": 22927000,
        "ebitda": 78833000,
        "ebitdaratio": 0.1327121369,
        "operatingIncome": 48319000,
        "operatingIncomeRatio": 0.0813430637,
        "totalOtherIncomeExpensesNet": 7336000,
        "incomeBeforeTax": 55655000,
        "incomeBeforeTaxRatio": 0.0936929202,
        "incomeTaxExpense": 15238000,
        "netIncome": 40417000,
        "netIncomeRatio": 0.0680403694,
        "eps": 0.25,
        "epsdiluted": 0.24,
        "weightedAverageShsOut": 164632000,
        "weightedAverageShsOutDil": 165630000,
        "link": "https://www.sec.gov/Archives/edgar/data/71691/000007169124000105/0000071691-24-000105-index.htm",
        "finalLink": "https://www.sec.gov/Archives/edgar/data/71691/000007169124000105/nyt-20240331.htm"
    },
    {
        "date": "2023-12-31",
        "symbol": "NYT",
        "reportedCurrency": "USD",
        "cik": "0000071691",
        "fillingDate": "2024-02-20",
        "acceptedDate": "2024-02-20 17:19:41",
        "calendarYear": "2023",
        "period": "Q4",
        "revenue": 676215000,
        "costOfRevenue": 321151000,
        "grossProfit": 355064000,
        "grossProfitRatio": 0.5250756047,
        "researchAndDevelopmentExpenses": 58262000,
        "generalAndAdministrativeExpenses": 78118000,
        "sellingAndMarketingExpenses": 68317000,
        "sellingGeneralAndAdministrativeExpenses": 146435000,
        "otherExpenses": 21337000,
        "operatingExpenses": 226034000,
        "costAndExpenses": 547185000,
        "interestIncome": 7934000,
        "interestExpense": 258000,
        "depreciationAndAmortization": 23990000,
        "ebitda": 164115000,
        "ebitdaratio": 0.2426964797,
        "operatingIncome": 129030000,
        "operatingIncomeRatio": 0.1908120938,
        "totalOtherIncomeExpensesNet": 10837000,
        "incomeBeforeTax": 139867000,
        "incomeBeforeTaxRatio": 0.2068380619,
        "incomeTaxExpense": 29625000,
        "netIncome": 109877000,
        "netIncomeRatio": 0.1624882619,
        "eps": 0.67,
        "epsdiluted": 0.66,
        "weightedAverageShsOut": 164625000,
        "weightedAverageShsOutDil": 165851000,
        "link": "https://www.sec.gov/Archives/edgar/data/71691/000007169124000030/0000071691-24-000030-index.htm",
        "finalLink": "https://www.sec.gov/Archives/edgar/data/71691/000007169124000030/nyt-20231231.htm"
    },
    {
        "date": "2023-09-30",
        "symbol": "NYT",
        "reportedCurrency": "USD",
        "cik": "0000071691",
        "fillingDate": "2023-11-08",
        "acceptedDate": "2023-11-08 15:58:46",
        "calendarYear": "2023",
        "period": "Q3",
        "revenue": 598345000,
        "costOfRevenue": 311135000,
        "grossProfit": 287210000,
        "grossProfitRatio": 0.4800073536,
        "researchAndDevelopmentExpenses": 57433000,
        "generalAndAdministrativeExpenses": 81870000,
        "sellingAndMarketingExpenses": 60362000,
        "sellingGeneralAndAdministrativeExpenses": 142232000,
        "otherExpenses": 23978000,
        "operatingExpenses": 223643000,
        "costAndExpenses": 534778000,
        "interestIncome": 6016000,
        "interestExpense": 280000,
        "depreciationAndAmortization": 23670000,
        "ebitda": 93937000,
        "ebitdaratio": 0.1569947104,
        "operatingIncome": 63567000,
        "operatingIncomeRatio": 0.1062380399,
        "totalOtherIncomeExpensesNet": 6420000,
        "incomeBeforeTax": 69987000,
        "incomeBeforeTaxRatio": 0.1169676357,
        "incomeTaxExpense": 16372000,
        "netIncome": 53615000,
        "netIncomeRatio": 0.0896054952,
        "eps": 0.33,
        "epsdiluted": 0.32,
        "weightedAverageShsOut": 164568000,
        "weightedAverageShsOutDil": 165406000,
        "link": "https://www.sec.gov/Archives/edgar/data/71691/000007169123000034/0000071691-23-000034-index.htm",
        "finalLink": "https://www.sec.gov/Archives/edgar/data/71691/000007169123000034/nyt-20230930.htm"
    },
    {
        "date": "2023-06-30",
        "symbol": "NYT",
        "reportedCurrency": "USD",
        "cik": "0000071691",
        "fillingDate": "2023-08-08",
        "acceptedDate": "2023-08-08 11:57:38",
        "calendarYear": "2023",
        "period": "Q2",
        "revenue": 590853000,
        "costOfRevenue": 309923000,
        "grossProfit": 280930000,
        "grossProfitRatio": 0.4754651326,
        "researchAndDevelopmentExpenses": 56047000,
        "generalAndAdministrativeExpenses": 72273000,
        "sellingAndMarketingExpenses": 62241000,
        "sellingGeneralAndAdministrativeExpenses": 134514000,
        "otherExpenses": 34594000,
        "operatingExpenses": 225155000,
        "costAndExpenses": 535078000,
        "interestIncome": 4754000,
        "interestExpense": 237000,
        "depreciationAndAmortization": 24357000,
        "ebitda": 85570000,
        "ebitdaratio": 0.1448245164,
        "operatingIncome": 55775000,
        "operatingIncomeRatio": 0.094397422,
        "totalOtherIncomeExpensesNet": 5201000,
        "incomeBeforeTax": 60976000,
        "incomeBeforeTaxRatio": 0.1031999499,
        "incomeTaxExpense": 14402000,
        "netIncome": 46574000,
        "netIncomeRatio": 0.0788250208,
        "eps": 0.28,
        "epsdiluted": 0.28,
        "weightedAverageShsOut": 164714000,
        "weightedAverageShsOutDil": 165037000,
        "link": "https://www.sec.gov/Archives/edgar/data/71691/000007169123000022/0000071691-23-000022-index.htm",
        "finalLink": "https://www.sec.gov/Archives/edgar/data/71691/000007169123000022/nyt-20230630.htm"
    },
    {
        "date": "2023-03-31",
        "symbol": "NYT",
        "reportedCurrency": "USD",
        "cik": "0000071691",
        "fillingDate": "2023-05-10",
        "acceptedDate": "2023-05-10 11:23:19",
        "calendarYear": "2023",
        "period": "Q1",
        "revenue": 560739000,
        "costOfRevenue": 306852000,
        "grossProfit": 253887000,
        "grossProfitRatio": 0.4527721453,
        "researchAndDevelopmentExpenses": 57062000,
        "generalAndAdministrativeExpenses": 81051000,
        "sellingAndMarketingExpenses": 67034000,
        "sellingGeneralAndAdministrativeExpenses": 148085000,
        "otherExpenses": 20840000,
        "operatingExpenses": 225987000,
        "costAndExpenses": 532839000,
        "interestIncome": 3421000,
        "interestExpense": 248000,
        "depreciationAndAmortization": 23330000,
        "ebitda": 55336000,
        "ebitdaratio": 0.098684058,
        "operatingIncome": 27900000,
        "operatingIncomeRatio": 0.0497557687,
        "totalOtherIncomeExpensesNet": 3858000,
        "incomeBeforeTax": 31758000,
        "incomeBeforeTaxRatio": 0.056635975,
        "incomeTaxExpense": 9437000,
        "netIncome": 22321000,
        "netIncomeRatio": 0.0398063983,
        "eps": 0.14,
        "epsdiluted": 0.13,
        "weightedAverageShsOut": 164975000,
        "weightedAverageShsOutDil": 165398000,
        "link": "https://www.sec.gov/Archives/edgar/data/71691/000007169123000016/0000071691-23-000016-index.htm",
        "finalLink": "https://www.sec.gov/Archives/edgar/data/71691/000007169123000016/nyt-20230331.htm"
    },
    {
        "date": "2022-12-31",
        "symbol": "NYT",
        "reportedCurrency": "USD",
        "cik": "0000071691",
        "fillingDate": "2023-02-28",
        "acceptedDate": "2023-02-28 16:09:01",
        "calendarYear": "2022",
        "period": "Q4",
        "revenue": 667536000,
        "costOfRevenue": 332129000,
        "grossProfit": 335407000,
        "grossProfitRatio": 0.5024552983,
        "researchAndDevelopmentExpenses": 55456000,
        "generalAndAdministrativeExpenses": 76791000,
        "sellingAndMarketingExpenses": 69591000,
        "sellingGeneralAndAdministrativeExpenses": 146382000,
        "otherExpenses": 40562000,
        "operatingExpenses": 242400000,
        "costAndExpenses": 574529000,
        "interestIncome": 2687000,
        "interestExpense": 254000,
        "depreciationAndAmortization": 23962000,
        "ebitda": 117646000,
        "ebitdaratio": 0.1762391841,
        "operatingIncome": 93007000,
        "operatingIncomeRatio": 0.1393288152,
        "totalOtherIncomeExpensesNet": 677000,
        "incomeBeforeTax": 93684000,
        "incomeBeforeTaxRatio": 0.1403429927,
        "incomeTaxExpense": 22898000,
        "netIncome": 70786000,
        "netIncomeRatio": 0.1060407229,
        "eps": 0.43,
        "epsdiluted": 0.43,
        "weightedAverageShsOut": 165612000,
        "weightedAverageShsOutDil": 165909000,
        "link": "https://www.sec.gov/Archives/edgar/data/71691/000007169123000006/0000071691-23-000006-index.htm",
        "finalLink": "https://www.sec.gov/Archives/edgar/data/71691/000007169123000006/nyt-20221231.htm"
    },
    {
        "date": "2022-09-25",
        "symbol": "NYT",
        "reportedCurrency": "USD",
        "cik": "0000071691",
        "fillingDate": "2022-11-02",
        "acceptedDate": "2022-11-02 14:49:39",
        "calendarYear": "2022",
        "period": "Q3",
        "revenue": 547680000,
        "costOfRevenue": 294856000,
        "grossProfit": 252824000,
        "grossProfitRatio": 0.4616272276,
        "researchAndDevelopmentExpenses": 50474000,
        "generalAndAdministrativeExpenses": 71970000,
        "sellingAndMarketingExpenses": 57605000,
        "sellingGeneralAndAdministrativeExpenses": 129575000,
        "otherExpenses": 21760000,
        "operatingExpenses": 201809000,
        "costAndExpenses": 496665000,
        "interestIncome": 1817000,
        "interestExpense": 238000,
        "depreciationAndAmortization": 24246000,
        "ebitda": 75321000,
        "ebitdaratio": 0.1375273883,
        "operatingIncome": 51015000,
        "operatingIncomeRatio": 0.0931474584,
        "totalOtherIncomeExpensesNet": -178000,
        "incomeBeforeTax": 50837000,
        "incomeBeforeTaxRatio": 0.0928224511,
        "incomeTaxExpense": 14220000,
        "netIncome": 36617000,
        "netIncomeRatio": 0.0668583845,
        "eps": 0.22,
        "epsdiluted": 0.22,
        "weightedAverageShsOut": 166433000,
        "weightedAverageShsOutDil": 166497000,
        "link": "https://www.sec.gov/Archives/edgar/data/71691/000007169122000034/0000071691-22-000034-index.htm",
        "finalLink": "https://www.sec.gov/Archives/edgar/data/71691/000007169122000034/nyt-20220925.htm"
    },
    {
        "date": "2022-06-26",
        "symbol": "NYT",
        "reportedCurrency": "USD",
        "cik": "0000071691",
        "fillingDate": "2022-08-03",
        "acceptedDate": "2022-08-03 14:53:02",
        "calendarYear": "2022",
        "period": "Q2",
        "revenue": 555680000,
        "costOfRevenue": 300583000,
        "grossProfit": 255097000,
        "grossProfitRatio": 0.4590717679,
        "researchAndDevelopmentExpenses": 50822000,
        "generalAndAdministrativeExpenses": 69141000,
        "sellingAndMarketingExpenses": 62769000,
        "sellingGeneralAndAdministrativeExpenses": 131910000,
        "otherExpenses": 20704000,
        "operatingExpenses": 203436000,
        "costAndExpenses": 504019000,
        "interestIncome": 1535000,
        "interestExpense": 158000,
        "depreciationAndAmortization": 20284000,
        "ebitda": 106503000,
        "ebitdaratio": 0.1916624676,
        "operatingIncome": 51661000,
        "operatingIncomeRatio": 0.0929689749,
        "totalOtherIncomeExpensesNet": 33980000,
        "incomeBeforeTax": 85641000,
        "incomeBeforeTaxRatio": 0.1541192773,
        "incomeTaxExpense": 23864000,
        "netIncome": 61777000,
        "netIncomeRatio": 0.1111736971,
        "eps": 0.37,
        "epsdiluted": 0.37,
        "weightedAverageShsOut": 167636000,
        "weightedAverageShsOutDil": 167636000,
        "link": "https://www.sec.gov/Archives/edgar/data/71691/000007169122000028/0000071691-22-000028-index.htm",
        "finalLink": "https://www.sec.gov/Archives/edgar/data/71691/000007169122000028/nyt-20220626.htm"
    },
    {
        "date": "2022-03-27",
        "symbol": "NYT",
        "reportedCurrency": "USD",
        "cik": "0000071691",
        "fillingDate": "2022-05-04",
        "acceptedDate": "2022-05-04 16:32:38",
        "calendarYear": "2022",
        "period": "Q1",
        "revenue": 537425000,
        "costOfRevenue": 281365000,
        "grossProfit": 256060000,
        "grossProfitRatio": 0.4764571801,
        "researchAndDevelopmentExpenses": 47433000,
        "generalAndAdministrativeExpenses": 71357000,
        "sellingAndMarketingExpenses": 77588000,
        "sellingGeneralAndAdministrativeExpenses": 148945000,
        "otherExpenses": 53398000,
        "operatingExpenses": 249776000,
        "costAndExpenses": 531141000,
        "interestIncome": 1222000,
        "interestExpense": 147000,
        "depreciationAndAmortization": 24085000,
        "ebitda": 30070000,
        "ebitdaratio": 0.0559519933,
        "operatingIncome": 6284000,
        "operatingIncomeRatio": 0.0116927943,
        "totalOtherIncomeExpensesNet": -447000,
        "incomeBeforeTax": 5837000,
        "incomeBeforeTaxRatio": 0.0108610504,
        "incomeTaxExpense": 1112000,
        "netIncome": 4725000,
        "netIncomeRatio": 0.0087919245,
        "eps": 0.0281,
        "epsdiluted": 0.0281,
        "weightedAverageShsOut": 167866000,
        "weightedAverageShsOutDil": 168257000,
        "link": "https://www.sec.gov/Archives/edgar/data/71691/000007169122000019/0000071691-22-000019-index.htm",
        "finalLink": "https://www.sec.gov/Archives/edgar/data/71691/000007169122000019/nyt-20220327.htm"
    },
    {
        "date": "2021-12-31",
        "symbol": "NYT",
        "reportedCurrency": "USD",
        "cik": "0000071691",
        "fillingDate": "2022-02-23",
        "acceptedDate": "2022-02-23 15:18:50",
        "calendarYear": "2021",
        "period": "Q4",
        "revenue": 594232000,
        "costOfRevenue": 280235000,
        "grossProfit": 313997000,
        "grossProfitRatio": 0.5284080965,
        "researchAndDevelopmentExpenses": 41591000,
        "generalAndAdministrativeExpenses": 66846000,
        "sellingAndMarketingExpenses": 97472000,
        "sellingGeneralAndAdministrativeExpenses": 164318000,
        "otherExpenses": 13973000,
        "operatingExpenses": 219882000,
        "costAndExpenses": 500117000,
        "interestIncome": 1216000,
        "interestExpense": 224000,
        "depreciationAndAmortization": 16392000,
        "ebitda": 109041000,
        "ebitdaratio": 0.1834990374,
        "operatingIncome": 94115000,
        "operatingIncomeRatio": 0.1583809017,
        "totalOtherIncomeExpensesNet": -1690000,
        "incomeBeforeTax": 92425000,
        "incomeBeforeTaxRatio": 0.1555368947,
        "incomeTaxExpense": 22536000,
        "netIncome": 69889000,
        "netIncomeRatio": 0.117612313,
        "eps": 0.42,
        "epsdiluted": 0.41,
        "weightedAverageShsOut": 168032000,
        "weightedAverageShsOutDil": 168649000,
        "link": "https://www.sec.gov/Archives/edgar/data/71691/000007169122000006/0000071691-22-000006-index.htm",
        "finalLink": "https://www.sec.gov/Archives/edgar/data/71691/000007169122000006/nyt-20211226.htm"
    },
    {
        "date": "2021-09-26",
        "symbol": "NYT",
        "reportedCurrency": "USD",
        "cik": "0000071691",
        "fillingDate": "2021-11-03",
        "acceptedDate": "2021-11-03 14:49:28",
        "calendarYear": "2021",
        "period": "Q3",
        "revenue": 509103000,
        "costOfRevenue": 256978000,
        "grossProfit": 252125000,
        "grossProfitRatio": 0.4952337739,
        "researchAndDevelopmentExpenses": 40638000,
        "generalAndAdministrativeExpenses": 64418000,
        "sellingAndMarketingExpenses": 83767000,
        "sellingGeneralAndAdministrativeExpenses": 148185000,
        "otherExpenses": 14326000,
        "operatingExpenses": 203149000,
        "costAndExpenses": 460127000,
        "interestIncome": 1598000,
        "interestExpense": 185000,
        "depreciationAndAmortization": 16953000,
        "ebitda": 92084000,
        "ebitdaratio": 0.1808749899,
        "operatingIncome": 48976000,
        "operatingIncomeRatio": 0.0962005724,
        "totalOtherIncomeExpensesNet": 25970000,
        "incomeBeforeTax": 74946000,
        "incomeBeforeTaxRatio": 0.1472118609,
        "incomeTaxExpense": 20290000,
        "netIncome": 54656000,
        "netIncomeRatio": 0.1073574503,
        "eps": 0.33,
        "epsdiluted": 0.32,
        "weightedAverageShsOut": 168027000,
        "weightedAverageShsOutDil": 168546000,
        "link": "https://www.sec.gov/Archives/edgar/data/71691/000007169121000035/0000071691-21-000035-index.htm",
        "finalLink": "https://www.sec.gov/Archives/edgar/data/71691/000007169121000035/nyt-20210926.htm"
    },
    {
        "date": "2021-06-27",
        "symbol": "NYT",
        "reportedCurrency": "USD",
        "cik": "0000071691",
        "fillingDate": "2021-08-04",
        "acceptedDate": "2021-08-04 14:50:04",
        "calendarYear": "2021",
        "period": "Q2",
        "revenue": 498497000,
        "costOfRevenue": 251358000,
        "grossProfit": 247139000,
        "grossProfitRatio": 0.4957682794,
        "researchAndDevelopmentExpenses": 39699000,
        "generalAndAdministrativeExpenses": 62283000,
        "sellingAndMarketingExpenses": 53555000,
        "sellingGeneralAndAdministrativeExpenses": 115838000,
        "otherExpenses": 18317000,
        "operatingExpenses": 173854000,
        "costAndExpenses": 425212000,
        "interestIncome": 2053000,
        "interestExpense": 180000,
        "depreciationAndAmortization": 16762000,
        "ebitda": 89502000,
        "ebitdaratio": 0.1795437084,
        "operatingIncome": 73285000,
        "operatingIncomeRatio": 0.1470119178,
        "totalOtherIncomeExpensesNet": -725000,
        "incomeBeforeTax": 72560000,
        "incomeBeforeTaxRatio": 0.145557546,
        "incomeTaxExpense": 18243000,
        "netIncome": 54317000,
        "netIncomeRatio": 0.1089615384,
        "eps": 0.32,
        "epsdiluted": 0.32,
        "weightedAverageShsOut": 168012000,
        "weightedAverageShsOutDil": 168346000,
        "link": "https://www.sec.gov/Archives/edgar/data/71691/000007169121000026/0000071691-21-000026-index.htm",
        "finalLink": "https://www.sec.gov/Archives/edgar/data/71691/000007169121000026/nyt-20210627.htm"
    },
    {
        "date": "2021-03-28",
        "symbol": "NYT",
        "reportedCurrency": "USD",
        "cik": "0000071691",
        "fillingDate": "2021-05-05",
        "acceptedDate": "2021-05-05 15:08:31",
        "calendarYear": "2021",
        "period": "Q1",
        "revenue": 473045000,
        "costOfRevenue": 250997000,
        "grossProfit": 222048000,
        "grossProfitRatio": 0.4694014312,
        "researchAndDevelopmentExpenses": 38943000,
        "generalAndAdministrativeExpenses": 56577000,
        "sellingAndMarketingExpenses": 60153000,
        "sellingGeneralAndAdministrativeExpenses": 116730000,
        "otherExpenses": 14717000,
        "operatingExpenses": 170390000,
        "costAndExpenses": 421387000,
        "interestIncome": 1689000,
        "interestExpense": 178000,
        "depreciationAndAmortization": 16883000,
        "ebitda": 67631000,
        "ebitdaratio": 0.1429694849,
        "operatingIncome": 51658000,
        "operatingIncomeRatio": 0.1092031414,
        "totalOtherIncomeExpensesNet": -1088000,
        "incomeBeforeTax": 50570000,
        "incomeBeforeTaxRatio": 0.1069031487,
        "incomeTaxExpense": 9461000,
        "netIncome": 41109000,
        "netIncomeRatio": 0.0869029374,
        "eps": 0.25,
        "epsdiluted": 0.24,
        "weightedAverageShsOut": 167647000,
        "weightedAverageShsOutDil": 168165000,
        "link": "https://www.sec.gov/Archives/edgar/data/71691/000007169121000019/0000071691-21-000019-index.htm",
        "finalLink": "https://www.sec.gov/Archives/edgar/data/71691/000007169121000019/nyt-20210328.htm"
    },
    {
        "date": "2020-12-31",
        "symbol": "NYT",
        "reportedCurrency": "USD",
        "cik": "0000071691",
        "fillingDate": "2021-02-25",
        "acceptedDate": "2021-02-25 15:46:49",
        "calendarYear": "2020",
        "period": "Q4",
        "revenue": 509358000,
        "costOfRevenue": 250503000,
        "grossProfit": 258855000,
        "grossProfitRatio": 0.5081985558,
        "researchAndDevelopmentExpenses": 36787000,
        "generalAndAdministrativeExpenses": 60766000,
        "sellingAndMarketingExpenses": 65000000,
        "sellingGeneralAndAdministrativeExpenses": 125766000,
        "otherExpenses": 15768000,
        "operatingExpenses": 178321000,
        "costAndExpenses": 428824000,
        "interestIncome": 3333000,
        "interestExpense": 180000,
        "depreciationAndAmortization": 17890000,
        "ebitda": 24338000,
        "ebitdaratio": 0.0477817174,
        "operatingIncome": 80534000,
        "operatingIncomeRatio": 0.158108835,
        "totalOtherIncomeExpensesNet": -74266000,
        "incomeBeforeTax": 6268000,
        "incomeBeforeTaxRatio": 0.0123056868,
        "incomeTaxExpense": -4475000,
        "netIncome": 10009000,
        "netIncomeRatio": 0.0196502264,
        "eps": 0.06,
        "epsdiluted": 0.06,
        "weightedAverageShsOut": 167367000,
        "weightedAverageShsOutDil": 168197000,
        "link": "https://www.sec.gov/Archives/edgar/data/71691/000007169121000006/0000071691-21-000006-index.htm",
        "finalLink": "https://www.sec.gov/Archives/edgar/data/71691/000007169121000006/nyt-20201227.htm"
    },
    {
        "date": "2020-09-27",
        "symbol": "NYT",
        "reportedCurrency": "USD",
        "cik": "0000071691",
        "fillingDate": "2020-11-05",
        "acceptedDate": "2020-11-05 15:00:23",
        "calendarYear": "2020",
        "period": "Q3",
        "revenue": 426895000,
        "costOfRevenue": 235665000,
        "grossProfit": 191230000,
        "grossProfitRatio": 0.4479555863,
        "researchAndDevelopmentExpenses": 34102000,
        "generalAndAdministrativeExpenses": 51118000,
        "sellingAndMarketingExpenses": 50615000,
        "sellingGeneralAndAdministrativeExpenses": 101733000,
        "otherExpenses": 15552000,
        "operatingExpenses": 151634000,
        "costAndExpenses": 387299000,
        "interestIncome": 3720000,
        "interestExpense": 183000,
        "depreciationAndAmortization": 17353000,
        "ebitda": 58397000,
        "ebitdaratio": 0.1367947622,
        "operatingIncome": 39596000,
        "operatingIncomeRatio": 0.0927534874,
        "totalOtherIncomeExpensesNet": 1265000,
        "incomeBeforeTax": 40861000,
        "incomeBeforeTaxRatio": 0.0957167453,
        "incomeTaxExpense": 7283000,
        "netIncome": 33578000,
        "netIncomeRatio": 0.0786563441,
        "eps": 0.2,
        "epsdiluted": 0.2,
        "weightedAverageShsOut": 167075000,
        "weightedAverageShsOutDil": 168059000,
        "link": "https://www.sec.gov/Archives/edgar/data/71691/000007169120000018/0000071691-20-000018-index.htm",
        "finalLink": "https://www.sec.gov/Archives/edgar/data/71691/000007169120000018/nyt-20200927.htm"
    },
    {
        "date": "2020-06-28",
        "symbol": "NYT",
        "reportedCurrency": "USD",
        "cik": "0000071691",
        "fillingDate": "2020-08-06",
        "acceptedDate": "2020-08-06 15:01:17",
        "calendarYear": "2020",
        "period": "Q2",
        "revenue": 403750000,
        "costOfRevenue": 229913000,
        "grossProfit": 173837000,
        "grossProfitRatio": 0.4305560372,
        "researchAndDevelopmentExpenses": 30737000,
        "generalAndAdministrativeExpenses": 58812000,
        "sellingAndMarketingExpenses": 39605000,
        "sellingGeneralAndAdministrativeExpenses": 98417000,
        "otherExpenses": 15631000,
        "operatingExpenses": 145031000,
        "costAndExpenses": 374944000,
        "interestIncome": 2965000,
        "interestExpense": 179000,
        "depreciationAndAmortization": 17929000,
        "ebitda": 47551000,
        "ebitdaratio": 0.1177733746,
        "operatingIncome": 28806000,
        "operatingIncomeRatio": 0.07134613,
        "totalOtherIncomeExpensesNet": 637000,
        "incomeBeforeTax": 29443000,
        "incomeBeforeTaxRatio": 0.072923839,
        "incomeTaxExpense": 5781000,
        "netIncome": 23662000,
        "netIncomeRatio": 0.0586055728,
        "eps": 0.14,
        "epsdiluted": 0.14,
        "weightedAverageShsOut": 166869000,
        "weightedAverageShsOutDil": 168083000,
        "link": "https://www.sec.gov/Archives/edgar/data/71691/000007169120000012/0000071691-20-000012-index.htm",
        "finalLink": "https://www.sec.gov/Archives/edgar/data/71691/000007169120000012/nyt628202010-qdocument.htm"
    },
    {
        "date": "2020-03-29",
        "symbol": "NYT",
        "reportedCurrency": "USD",
        "cik": "0000071691",
        "fillingDate": "2020-05-07",
        "acceptedDate": "2020-05-07 15:02:20",
        "calendarYear": "2020",
        "period": "Q1",
        "revenue": 443636000,
        "costOfRevenue": 243484000,
        "grossProfit": 200152000,
        "grossProfitRatio": 0.4511626649,
        "researchAndDevelopmentExpenses": 30802000,
        "generalAndAdministrativeExpenses": 52861000,
        "sellingAndMarketingExpenses": 73784000,
        "sellingGeneralAndAdministrativeExpenses": 126645000,
        "otherExpenses": 15185000,
        "operatingExpenses": 172832000,
        "costAndExpenses": 416316000,
        "interestIncome": 14039000,
        "interestExpense": 185000,
        "depreciationAndAmortization": 17532000,
        "ebitda": 56577000,
        "ebitdaratio": 0.1275302275,
        "operatingIncome": 27320000,
        "operatingIncomeRatio": 0.0615820177,
        "totalOtherIncomeExpensesNet": 11540000,
        "incomeBeforeTax": 38860000,
        "incomeBeforeTaxRatio": 0.0875943341,
        "incomeTaxExpense": 6006000,
        "netIncome": 32854000,
        "netIncomeRatio": 0.0740562082,
        "eps": 0.2,
        "epsdiluted": 0.2,
        "weightedAverageShsOut": 166549000,
        "weightedAverageShsOutDil": 167845000,
        "link": "https://www.sec.gov/Archives/edgar/data/71691/000007169120000009/0000071691-20-000009-index.htm",
        "finalLink": "https://www.sec.gov/Archives/edgar/data/71691/000007169120000009/nyt329202010-qdocument.htm"
    },
    {
        "date": "2019-12-31",
        "symbol": "NYT",
        "reportedCurrency": "USD",
        "cik": "0000071691",
        "fillingDate": "2020-02-27",
        "acceptedDate": "2020-02-27 15:23:40",
        "calendarYear": "2019",
        "period": "Q4",
        "revenue": 508363000,
        "costOfRevenue": 186482000,
        "grossProfit": 321881000,
        "grossProfitRatio": 0.6331715723,
        "researchAndDevelopmentExpenses": 29856000,
        "generalAndAdministrativeExpenses": 431594000,
        "sellingAndMarketingExpenses": 0,
        "sellingGeneralAndAdministrativeExpenses": 228803000,
        "otherExpenses": 15113000,
        "operatingExpenses": 243916000,
        "costAndExpenses": 430398000,
        "interestIncome": 4487000,
        "interestExpense": 4735000,
        "depreciationAndAmortization": 22497000,
        "ebitda": 103149000,
        "ebitdaratio": 0.202904224,
        "operatingIncome": 77965000,
        "operatingIncomeRatio": 0.15336482,
        "totalOtherIncomeExpensesNet": -2048000,
        "incomeBeforeTax": 75917000,
        "incomeBeforeTaxRatio": 0.1493362027,
        "incomeTaxExpense": 7705000,
        "netIncome": 68212000,
        "netIncomeRatio": 0.1341797102,
        "eps": 0.41,
        "epsdiluted": 0.41,
        "weightedAverageShsOut": 166239000,
        "weightedAverageShsOutDil": 167728000,
        "link": "https://www.sec.gov/Archives/edgar/data/71691/000007169120000003/0000071691-20-000003-index.htm",
        "finalLink": "https://www.sec.gov/Archives/edgar/data/71691/000007169120000003/a201910-kq4project.htm"
    },
    {
        "date": "2019-09-29",
        "symbol": "NYT",
        "reportedCurrency": "USD",
        "cik": "0000071691",
        "fillingDate": "2019-11-06",
        "acceptedDate": "2019-11-06 15:07:12",
        "calendarYear": "2019",
        "period": "Q3",
        "revenue": 428501000,
        "costOfRevenue": 245100000,
        "grossProfit": 183401000,
        "grossProfitRatio": 0.4280060023,
        "researchAndDevelopmentExpenses": 26669000,
        "generalAndAdministrativeExpenses": 93695000,
        "sellingAndMarketingExpenses": 64218000,
        "sellingGeneralAndAdministrativeExpenses": 114233000,
        "otherExpenses": 17413000,
        "operatingExpenses": 158315000,
        "costAndExpenses": 403415000,
        "interestIncome": 5078000,
        "interestExpense": 5833000,
        "depreciationAndAmortization": 17392000,
        "ebitda": 43780000,
        "ebitdaratio": 0.1021701233,
        "operatingIncome": 25086000,
        "operatingIncomeRatio": 0.0585436207,
        "totalOtherIncomeExpensesNet": -2589000,
        "incomeBeforeTax": 22497000,
        "incomeBeforeTaxRatio": 0.0525016278,
        "incomeTaxExpense": 6070000,
        "netIncome": 16427000,
        "netIncomeRatio": 0.0383359665,
        "eps": 0.1,
        "epsdiluted": 0.1,
        "weightedAverageShsOut": 166148000,
        "weightedAverageShsOutDil": 167555000,
        "link": "https://www.sec.gov/Archives/edgar/data/71691/000007169119000018/0000071691-19-000018-index.htm",
        "finalLink": "https://www.sec.gov/Archives/edgar/data/71691/000007169119000018/nyt9291910-qdocument.htm"
    },
    {
        "date": "2019-06-30",
        "symbol": "NYT",
        "reportedCurrency": "USD",
        "cik": "0000071691",
        "fillingDate": "2019-08-07",
        "acceptedDate": "2019-08-07 14:58:02",
        "calendarYear": "2019",
        "period": "Q2",
        "revenue": 436258000,
        "costOfRevenue": 245195000,
        "grossProfit": 191063000,
        "grossProfitRatio": 0.4379587308,
        "researchAndDevelopmentExpenses": 25261000,
        "generalAndAdministrativeExpenses": 49728000,
        "sellingAndMarketingExpenses": 62289000,
        "sellingGeneralAndAdministrativeExpenses": 112689000,
        "otherExpenses": 15180000,
        "operatingExpenses": 153130000,
        "costAndExpenses": 398325000,
        "interestIncome": 5410000,
        "interestExpense": 6924000,
        "depreciationAndAmortization": 17009000,
        "ebitda": 56690000,
        "ebitdaratio": 0.1299460411,
        "operatingIncome": 37933000,
        "operatingIncomeRatio": 0.086950841,
        "totalOtherIncomeExpensesNet": -3347000,
        "incomeBeforeTax": 34586000,
        "incomeBeforeTaxRatio": 0.0792787754,
        "incomeTaxExpense": 9415000,
        "netIncome": 25171000,
        "netIncomeRatio": 0.0576975093,
        "eps": 0.15,
        "epsdiluted": 0.15,
        "weightedAverageShsOut": 166152000,
        "weightedAverageShsOutDil": 167549000,
        "link": "https://www.sec.gov/Archives/edgar/data/71691/000007169119000014/0000071691-19-000014-index.htm",
        "finalLink": "https://www.sec.gov/Archives/edgar/data/71691/000007169119000014/nyt6301910-qdocument.htm"
    },
    {
        "date": "2019-03-31",
        "symbol": "NYT",
        "reportedCurrency": "USD",
        "cik": "0000071691",
        "fillingDate": "2019-05-08",
        "acceptedDate": "2019-05-08 15:02:04",
        "calendarYear": "2019",
        "period": "Q1",
        "revenue": 439062000,
        "costOfRevenue": 239359000,
        "grossProfit": 199703000,
        "grossProfitRatio": 0.4548400909,
        "researchAndDevelopmentExpenses": 23728000,
        "generalAndAdministrativeExpenses": 50236000,
        "sellingAndMarketingExpenses": 74820000,
        "sellingGeneralAndAdministrativeExpenses": 126459000,
        "otherExpenses": 14918000,
        "operatingExpenses": 165105000,
        "costAndExpenses": 404464000,
        "interestIncome": 6605000,
        "interestExpense": 7908000,
        "depreciationAndAmortization": 16609000,
        "ebitda": 54286000,
        "ebitdaratio": 0.1236408525,
        "operatingIncome": 34598000,
        "operatingIncomeRatio": 0.078799805,
        "totalOtherIncomeExpensesNet": -3138000,
        "incomeBeforeTax": 31460000,
        "incomeBeforeTaxRatio": 0.0716527506,
        "incomeTaxExpense": 1304000,
        "netIncome": 30156000,
        "netIncomeRatio": 0.0686827828,
        "eps": 0.18,
        "epsdiluted": 0.18,
        "weightedAverageShsOut": 165674000,
        "weightedAverageShsOutDil": 167129000,
        "link": "https://www.sec.gov/Archives/edgar/data/71691/000007169119000010/0000071691-19-000010-index.htm",
        "finalLink": "https://www.sec.gov/Archives/edgar/data/71691/000007169119000010/nyt3311910-qdocument.htm"
    },
    {
        "date": "2018-12-31",
        "symbol": "NYT",
        "reportedCurrency": "USD",
        "cik": "0000071691",
        "fillingDate": "2019-02-26",
        "acceptedDate": "2019-02-26 15:29:17",
        "calendarYear": "2018",
        "period": "Q4",
        "revenue": 502744000,
        "costOfRevenue": 180544000,
        "grossProfit": 322200000,
        "grossProfitRatio": 0.640882835,
        "researchAndDevelopmentExpenses": 0,
        "generalAndAdministrativeExpenses": 180617000,
        "sellingAndMarketingExpenses": 0,
        "sellingGeneralAndAdministrativeExpenses": 231127000,
        "otherExpenses": 16406000,
        "operatingExpenses": 247533000,
        "costAndExpenses": 428077000,
        "interestIncome": 4755000,
        "interestExpense": 7882000,
        "depreciationAndAmortization": 15042000,
        "ebitda": 103189000,
        "ebitdaratio": 0.2052515793,
        "operatingIncome": 74667000,
        "operatingIncomeRatio": 0.1485189281,
        "totalOtherIncomeExpensesNet": 5598000,
        "incomeBeforeTax": 80265000,
        "incomeBeforeTaxRatio": 0.1596538198,
        "incomeTaxExpense": 23289000,
        "netIncome": 55199000,
        "netIncomeRatio": 0.1097954426,
        "eps": 0.33,
        "epsdiluted": 0.33,
        "weightedAverageShsOut": 165154000,
        "weightedAverageShsOutDil": 167249000,
        "link": "https://www.sec.gov/Archives/edgar/data/71691/000007169119000003/0000071691-19-000003-index.htm",
        "finalLink": "https://www.sec.gov/Archives/edgar/data/71691/000007169119000003/a201810-k_q4project.htm"
    },
    {
        "date": "2018-09-30",
        "symbol": "NYT",
        "reportedCurrency": "USD",
        "cik": "0000071691",
        "fillingDate": "2018-11-02",
        "acceptedDate": "2018-11-02 14:47:35",
        "calendarYear": "2018",
        "period": "Q3",
        "revenue": 417346000,
        "costOfRevenue": 163434000,
        "grossProfit": 253912000,
        "grossProfitRatio": 0.6083968697,
        "researchAndDevelopmentExpenses": 0,
        "generalAndAdministrativeExpenses": 161780000,
        "sellingAndMarketingExpenses": 0,
        "sellingGeneralAndAdministrativeExpenses": 202473000,
        "otherExpenses": 9996000,
        "operatingExpenses": 212469000,
        "costAndExpenses": 375903000,
        "interestIncome": 3836000,
        "interestExpense": 7862000,
        "depreciationAndAmortization": 14847000,
        "ebitda": 57775000,
        "ebitdaratio": 0.1384342967,
        "operatingIncome": 41443000,
        "operatingIncomeRatio": 0.0993012992,
        "totalOtherIncomeExpensesNet": -6377000,
        "incomeBeforeTax": 35066000,
        "incomeBeforeTaxRatio": 0.0840214115,
        "incomeTaxExpense": 10092000,
        "netIncome": 24976000,
        "netIncomeRatio": 0.059844829,
        "eps": 0.15,
        "epsdiluted": 0.15,
        "weightedAverageShsOut": 165064000,
        "weightedAverageShsOutDil": 166966000,
        "link": "https://www.sec.gov/Archives/edgar/data/71691/000007169118000017/0000071691-18-000017-index.htm",
        "finalLink": "https://www.sec.gov/Archives/edgar/data/71691/000007169118000017/nyt9301810-qdocument.htm"
    },
    {
        "date": "2018-07-01",
        "symbol": "NYT",
        "reportedCurrency": "USD",
        "cik": "0000071691",
        "fillingDate": "2018-08-08",
        "acceptedDate": "2018-08-08 15:18:04",
        "calendarYear": "2018",
        "period": "Q2",
        "revenue": 414560000,
        "costOfRevenue": 155857000,
        "grossProfit": 258703000,
        "grossProfitRatio": 0.6240423582,
        "researchAndDevelopmentExpenses": 0,
        "generalAndAdministrativeExpenses": 165524000,
        "sellingAndMarketingExpenses": 0,
        "sellingGeneralAndAdministrativeExpenses": 203368000,
        "otherExpenses": 15333000,
        "operatingExpenses": 218701000,
        "costAndExpenses": 374558000,
        "interestIncome": 3117000,
        "interestExpense": 7653000,
        "depreciationAndAmortization": 14081000,
        "ebitda": 55329000,
        "ebitdaratio": 0.133464396,
        "operatingIncome": 40002000,
        "operatingIncomeRatio": 0.0964926669,
        "totalOtherIncomeExpensesNet": -6407000,
        "incomeBeforeTax": 33595000,
        "incomeBeforeTaxRatio": 0.0810377267,
        "incomeTaxExpense": 9999000,
        "netIncome": 23597000,
        "netIncomeRatio": 0.0569205905,
        "eps": 0.14,
        "epsdiluted": 0.14,
        "weightedAverageShsOut": 165027000,
        "weightedAverageShsOutDil": 166899000,
        "link": "https://www.sec.gov/Archives/edgar/data/71691/000007169118000014/0000071691-18-000014-index.htm",
        "finalLink": "https://www.sec.gov/Archives/edgar/data/71691/000007169118000014/nyt711810-qdocument.htm"
    },
    {
        "date": "2018-04-01",
        "symbol": "NYT",
        "reportedCurrency": "USD",
        "cik": "0000071691",
        "fillingDate": "2018-05-04",
        "acceptedDate": "2018-05-04 13:36:13",
        "calendarYear": "2018",
        "period": "Q1",
        "revenue": 413948000,
        "costOfRevenue": 154341000,
        "grossProfit": 259607000,
        "grossProfitRatio": 0.6271488206,
        "researchAndDevelopmentExpenses": 0,
        "generalAndAdministrativeExpenses": 174634000,
        "sellingAndMarketingExpenses": 0,
        "sellingGeneralAndAdministrativeExpenses": 208623000,
        "otherExpenses": 16929000,
        "operatingExpenses": 225552000,
        "costAndExpenses": 379893000,
        "interestIncome": 2802000,
        "interestExpense": 7679000,
        "depreciationAndAmortization": 15041000,
        "ebitda": 49885000,
        "ebitdaratio": 0.1205103056,
        "operatingIncome": 34055000,
        "operatingIncomeRatio": 0.0822687874,
        "totalOtherIncomeExpensesNet": -6890000,
        "incomeBeforeTax": 27165000,
        "incomeBeforeTaxRatio": 0.0656241847,
        "incomeTaxExpense": 5251000,
        "netIncome": 21912000,
        "netIncomeRatio": 0.052934185,
        "eps": 0.13,
        "epsdiluted": 0.13,
        "weightedAverageShsOut": 164094000,
        "weightedAverageShsOutDil": 166237000,
        "link": "https://www.sec.gov/Archives/edgar/data/71691/000007169118000011/0000071691-18-000011-index.htm",
        "finalLink": "https://www.sec.gov/Archives/edgar/data/71691/000007169118000011/nyt411810-qdocument.htm"
    },
    {
        "date": "2017-12-31",
        "symbol": "NYT",
        "reportedCurrency": "USD",
        "cik": "0000071691",
        "fillingDate": "2018-02-27",
        "acceptedDate": "2018-02-27 15:28:24",
        "calendarYear": "2017",
        "period": "Q4",
        "revenue": 484126000,
        "costOfRevenue": 162965000,
        "grossProfit": 321161000,
        "grossProfitRatio": 0.6633830862,
        "researchAndDevelopmentExpenses": 0,
        "generalAndAdministrativeExpenses": 183126000,
        "sellingAndMarketingExpenses": 0,
        "sellingGeneralAndAdministrativeExpenses": 280415000,
        "otherExpenses": 18071000,
        "operatingExpenses": 298486000,
        "costAndExpenses": 461451000,
        "interestIncome": 2713000,
        "interestExpense": 7378000,
        "depreciationAndAmortization": 14910000,
        "ebitda": 27475000,
        "ebitdaratio": 0.0567517547,
        "operatingIncome": 22675000,
        "operatingIncomeRatio": 0.0468369805,
        "totalOtherIncomeExpensesNet": -17488000,
        "incomeBeforeTax": 5187000,
        "incomeBeforeTaxRatio": 0.0107141529,
        "incomeTaxExpense": 63083000,
        "netIncome": -56813000,
        "netIncomeRatio": -0.1173516812,
        "eps": -0.35,
        "epsdiluted": -0.35,
        "weightedAverageShsOut": 162311000,
        "weightedAverageShsOutDil": 162311000,
        "link": "https://www.sec.gov/Archives/edgar/data/71691/000007169118000004/0000071691-18-000004-index.htm",
        "finalLink": "https://www.sec.gov/Archives/edgar/data/71691/000007169118000004/a201710-k_q4project.htm"
    },
    {
        "date": "2017-09-24",
        "symbol": "NYT",
        "reportedCurrency": "USD",
        "cik": "0000071691",
        "fillingDate": "2017-11-01",
        "acceptedDate": "2017-11-01 15:07:01",
        "calendarYear": "2017",
        "period": "Q3",
        "revenue": 385635000,
        "costOfRevenue": 150154000,
        "grossProfit": 235481000,
        "grossProfitRatio": 0.6106318151,
        "researchAndDevelopmentExpenses": 0,
        "generalAndAdministrativeExpenses": 156719000,
        "sellingAndMarketingExpenses": 0,
        "sellingGeneralAndAdministrativeExpenses": 185442000,
        "otherExpenses": 18219000,
        "operatingExpenses": 203661000,
        "costAndExpenses": 353815000,
        "interestIncome": 2752000,
        "interestExpense": 7412000,
        "depreciationAndAmortization": 15677000,
        "ebitda": 82999000,
        "ebitdaratio": 0.2152268337,
        "operatingIncome": 31820000,
        "operatingIncomeRatio": 0.0825132574,
        "totalOtherIncomeExpensesNet": 28090000,
        "incomeBeforeTax": 59910000,
        "incomeBeforeTaxRatio": 0.1553541561,
        "incomeTaxExpense": 23420000,
        "netIncome": 32329000,
        "netIncomeRatio": 0.0838331583,
        "eps": 0.2,
        "epsdiluted": 0.15,
        "weightedAverageShsOut": 162173000,
        "weightedAverageShsOutDil": 164405000,
        "link": "https://www.sec.gov/Archives/edgar/data/71691/000007169117000020/0000071691-17-000020-index.htm",
        "finalLink": "https://www.sec.gov/Archives/edgar/data/71691/000007169117000020/nyt9241710-qdocument.htm"
    },
    {
        "date": "2017-06-25",
        "symbol": "NYT",
        "reportedCurrency": "USD",
        "cik": "0000071691",
        "fillingDate": "2017-08-01",
        "acceptedDate": "2017-08-01 15:06:28",
        "calendarYear": "2017",
        "period": "Q2",
        "revenue": 407074000,
        "costOfRevenue": 149694000,
        "grossProfit": 257380000,
        "grossProfitRatio": 0.6322683345,
        "researchAndDevelopmentExpenses": 0,
        "generalAndAdministrativeExpenses": 213788000,
        "sellingAndMarketingExpenses": 0,
        "sellingGeneralAndAdministrativeExpenses": 213788000,
        "otherExpenses": 17116000,
        "operatingExpenses": 230904000,
        "costAndExpenses": 380598000,
        "interestIncome": 2313000,
        "interestExpense": 7446000,
        "depreciationAndAmortization": 15131000,
        "ebitda": 44847000,
        "ebitdaratio": 0.1101691584,
        "operatingIncome": 26476000,
        "operatingIncomeRatio": 0.0650397716,
        "totalOtherIncomeExpensesNet": -4206000,
        "incomeBeforeTax": 22270000,
        "incomeBeforeTaxRatio": 0.0547074979,
        "incomeTaxExpense": 6711000,
        "netIncome": 15599000,
        "netIncomeRatio": 0.0383198141,
        "eps": 0.1,
        "epsdiluted": 0.09,
        "weightedAverageShsOut": 161787000,
        "weightedAverageShsOutDil": 163808000,
        "link": "https://www.sec.gov/Archives/edgar/data/71691/000007169117000017/0000071691-17-000017-index.htm",
        "finalLink": "https://www.sec.gov/Archives/edgar/data/71691/000007169117000017/nyt6251710-qdocument.htm"
    },
    {
        "date": "2017-03-26",
        "symbol": "NYT",
        "reportedCurrency": "USD",
        "cik": "0000071691",
        "fillingDate": "2017-05-03",
        "acceptedDate": "2017-05-03 14:16:30",
        "calendarYear": "2017",
        "period": "Q1",
        "revenue": 398804000,
        "costOfRevenue": 153297000,
        "grossProfit": 245507000,
        "grossProfitRatio": 0.6156081684,
        "researchAndDevelopmentExpenses": 0,
        "generalAndAdministrativeExpenses": 163937000,
        "sellingAndMarketingExpenses": 0,
        "sellingGeneralAndAdministrativeExpenses": 199137000,
        "otherExpenses": 18555000,
        "operatingExpenses": 217692000,
        "costAndExpenses": 370989000,
        "interestIncome": 2119000,
        "interestExpense": 7444000,
        "depreciationAndAmortization": 16153000,
        "ebitda": 47454000,
        "ebitdaratio": 0.1189907824,
        "operatingIncome": 27815000,
        "operatingIncomeRatio": 0.0697460407,
        "totalOtherIncomeExpensesNet": -3958000,
        "incomeBeforeTax": 23857000,
        "incomeBeforeTaxRatio": 0.0598213659,
        "incomeTaxExpense": 10742000,
        "netIncome": 13181000,
        "netIncomeRatio": 0.0330513235,
        "eps": 0.08,
        "epsdiluted": 0.08,
        "weightedAverageShsOut": 161402000,
        "weightedAverageShsOutDil": 162592000,
        "link": "https://www.sec.gov/Archives/edgar/data/71691/000007169117000011/0000071691-17-000011-index.htm",
        "finalLink": "https://www.sec.gov/Archives/edgar/data/71691/000007169117000011/nyt3261710-qdocument.htm"
    },
    {
        "date": "2016-12-31",
        "symbol": "NYT",
        "reportedCurrency": "USD",
        "cik": "0000071691",
        "fillingDate": "2017-02-22",
        "acceptedDate": "2017-02-22 17:31:08",
        "calendarYear": "2016",
        "period": "Q4",
        "revenue": 439650000,
        "costOfRevenue": 160909000,
        "grossProfit": 278741000,
        "grossProfitRatio": 0.6340065962,
        "researchAndDevelopmentExpenses": 0,
        "generalAndAdministrativeExpenses": 166660000,
        "sellingAndMarketingExpenses": 0,
        "sellingGeneralAndAdministrativeExpenses": 207466000,
        "otherExpenses": 15720000,
        "operatingExpenses": 223186000,
        "costAndExpenses": 384095000,
        "interestIncome": 2753000,
        "interestExpense": 10603000,
        "depreciationAndAmortization": 15720000,
        "ebitda": 79600000,
        "ebitdaratio": 0.1810531104,
        "operatingIncome": 55555000,
        "operatingIncomeRatio": 0.1263618788,
        "totalOtherIncomeExpensesNet": -2278000,
        "incomeBeforeTax": 53277000,
        "incomeBeforeTaxRatio": 0.1211804845,
        "incomeTaxExpense": 13377000,
        "netIncome": 37144000,
        "netIncomeRatio": 0.0844853861,
        "eps": 0.22,
        "epsdiluted": 0.22,
        "weightedAverageShsOut": 161236000,
        "weightedAverageShsOutDil": 168000000,
        "link": "https://www.sec.gov/Archives/edgar/data/71691/000007169117000003/0000071691-17-000003-index.htm",
        "finalLink": "https://www.sec.gov/Archives/edgar/data/71691/000007169117000003/a2016form10-k_q4project.htm"
    },
    {
        "date": "2016-09-25",
        "symbol": "NYT",
        "reportedCurrency": "USD",
        "cik": "0000071691",
        "fillingDate": "2016-11-03",
        "acceptedDate": "2016-11-03 16:33:44",
        "calendarYear": "2016",
        "period": "Q3",
        "revenue": 363547000,
        "costOfRevenue": 156616000,
        "grossProfit": 206931000,
        "grossProfitRatio": 0.5692001309,
        "researchAndDevelopmentExpenses": 0,
        "generalAndAdministrativeExpenses": 184596000,
        "sellingAndMarketingExpenses": 0,
        "sellingGeneralAndAdministrativeExpenses": 184596000,
        "otherExpenses": 13362000,
        "operatingExpenses": 197958000,
        "costAndExpenses": 354574000,
        "interestIncome": 2085000,
        "interestExpense": 11117000,
        "depreciationAndAmortization": 15384000,
        "ebitda": 26905000,
        "ebitdaratio": 0.0740069372,
        "operatingIncome": 8973000,
        "operatingIncomeRatio": 0.0246818156,
        "totalOtherIncomeExpensesNet": -8569000,
        "incomeBeforeTax": 404000,
        "incomeBeforeTaxRatio": 0.0011112731,
        "incomeTaxExpense": 121000,
        "netIncome": 406000,
        "netIncomeRatio": 0.0011167744,
        "eps": 0.0025,
        "epsdiluted": 0.0025,
        "weightedAverageShsOut": 161185000,
        "weightedAverageShsOutDil": 162945000,
        "link": "https://www.sec.gov/Archives/edgar/data/71691/000007169116000038/0000071691-16-000038-index.htm",
        "finalLink": "https://www.sec.gov/Archives/edgar/data/71691/000007169116000038/nyt9251610-qdocument.htm"
    },
    {
        "date": "2016-06-26",
        "symbol": "NYT",
        "reportedCurrency": "USD",
        "cik": "0000071691",
        "fillingDate": "2016-07-29",
        "acceptedDate": "2016-07-29 15:34:43",
        "calendarYear": "2016",
        "period": "Q2",
        "revenue": 372630000,
        "costOfRevenue": 152717000,
        "grossProfit": 219913000,
        "grossProfitRatio": 0.5901645063,
        "researchAndDevelopmentExpenses": 0,
        "generalAndAdministrativeExpenses": 172069000,
        "sellingAndMarketingExpenses": 0,
        "sellingGeneralAndAdministrativeExpenses": 172069000,
        "otherExpenses": 38703000,
        "operatingExpenses": 210772000,
        "costAndExpenses": 363489000,
        "interestIncome": 1949000,
        "interestExpense": 9855000,
        "depreciationAndAmortization": 15147000,
        "ebitda": 24634000,
        "ebitdaratio": 0.0661084722,
        "operatingIncome": 9141000,
        "operatingIncomeRatio": 0.0245310361,
        "totalOtherIncomeExpensesNet": -9509000,
        "incomeBeforeTax": -368000,
        "incomeBeforeTaxRatio": -0.0009875748,
        "incomeTaxExpense": 124000,
        "netIncome": -211000,
        "netIncomeRatio": -0.0005662453,
        "eps": -0.0013,
        "epsdiluted": -0.0013,
        "weightedAverageShsOut": 161128000,
        "weightedAverageShsOutDil": 161128000,
        "link": "https://www.sec.gov/Archives/edgar/data/71691/000007169116000035/0000071691-16-000035-index.htm",
        "finalLink": "https://www.sec.gov/Archives/edgar/data/71691/000007169116000035/nyt6261610-qdocument.htm"
    },
    {
        "date": "2016-03-27",
        "symbol": "NYT",
        "reportedCurrency": "USD",
        "cik": "0000071691",
        "fillingDate": "2016-05-05",
        "acceptedDate": "2016-05-05 15:44:28",
        "calendarYear": "2016",
        "period": "Q1",
        "revenue": 379515000,
        "costOfRevenue": 157862000,
        "grossProfit": 221653000,
        "grossProfitRatio": 0.5840427915,
        "researchAndDevelopmentExpenses": 0,
        "generalAndAdministrativeExpenses": 178246000,
        "sellingAndMarketingExpenses": 0,
        "sellingGeneralAndAdministrativeExpenses": 178246000,
        "otherExpenses": 15472000,
        "operatingExpenses": 193718000,
        "costAndExpenses": 351580000,
        "interestIncome": 2233000,
        "interestExpense": 8826000,
        "depreciationAndAmortization": 15472000,
        "ebitda": 1511000,
        "ebitdaratio": 0.0039813973,
        "operatingIncome": 27935000,
        "operatingIncomeRatio": 0.0736071038,
        "totalOtherIncomeExpensesNet": -50722000,
        "incomeBeforeTax": -22787000,
        "incomeBeforeTaxRatio": -0.0600424226,
        "incomeTaxExpense": -9201000,
        "netIncome": -8271000,
        "netIncomeRatio": -0.021793605,
        "eps": -0.0514,
        "epsdiluted": -0.0514,
        "weightedAverageShsOut": 161003000,
        "weightedAverageShsOutDil": 161003000,
        "link": "https://www.sec.gov/Archives/edgar/data/71691/000007169116000030/0000071691-16-000030-index.htm",
        "finalLink": "https://www.sec.gov/Archives/edgar/data/71691/000007169116000030/nyt3271610-qdocument.htm"
    },
    {
        "date": "2015-12-31",
        "symbol": "NYT",
        "reportedCurrency": "USD",
        "cik": "0000071691",
        "fillingDate": "2016-02-24",
        "acceptedDate": "2016-02-24 12:57:55",
        "calendarYear": "2015",
        "period": "Q4",
        "revenue": 444686000,
        "costOfRevenue": 156372000,
        "grossProfit": 288314000,
        "grossProfitRatio": 0.6483541195,
        "researchAndDevelopmentExpenses": 0,
        "generalAndAdministrativeExpenses": 180717000,
        "sellingAndMarketingExpenses": 0,
        "sellingGeneralAndAdministrativeExpenses": 180717000,
        "otherExpenses": 19932000,
        "operatingExpenses": 200649000,
        "costAndExpenses": 357021000,
        "interestIncome": 3130000,
        "interestExpense": 7955000,
        "depreciationAndAmortization": 15574000,
        "ebitda": 105128000,
        "ebitdaratio": 0.2364095114,
        "operatingIncome": 87665000,
        "operatingIncomeRatio": 0.1971391049,
        "totalOtherIncomeExpensesNet": -7980000,
        "incomeBeforeTax": 79685000,
        "incomeBeforeTaxRatio": 0.1791938581,
        "incomeTaxExpense": 28006000,
        "netIncome": 51693000,
        "netIncomeRatio": 0.1162460703,
        "eps": 0.32,
        "epsdiluted": 0.31,
        "weightedAverageShsOut": 162179000,
        "weightedAverageShsOutDil": 164128000,
        "link": "https://www.sec.gov/Archives/edgar/data/71691/000007169116000023/0000071691-16-000023-index.htm",
        "finalLink": "https://www.sec.gov/Archives/edgar/data/71691/000007169116000023/a2015form10-k.htm"
    },
    {
        "date": "2015-09-27",
        "symbol": "NYT",
        "reportedCurrency": "USD",
        "cik": "0000071691",
        "fillingDate": "2015-11-04",
        "acceptedDate": "2015-11-04 15:43:51",
        "calendarYear": "2015",
        "period": "Q3",
        "revenue": 367404000,
        "costOfRevenue": 152031000,
        "grossProfit": 215373000,
        "grossProfitRatio": 0.5862021099,
        "researchAndDevelopmentExpenses": 0,
        "generalAndAdministrativeExpenses": 178071000,
        "sellingAndMarketingExpenses": 0,
        "sellingGeneralAndAdministrativeExpenses": 178071000,
        "otherExpenses": 15369000,
        "operatingExpenses": 193440000,
        "costAndExpenses": 345471000,
        "interestIncome": 1887000,
        "interestExpense": 9127000,
        "depreciationAndAmortization": 15369000,
        "ebitda": 38179000,
        "ebitdaratio": 0.1039155807,
        "operatingIncome": 21933000,
        "operatingIncomeRatio": 0.059697227,
        "totalOtherIncomeExpensesNet": -8957000,
        "incomeBeforeTax": 12976000,
        "incomeBeforeTaxRatio": 0.0353180695,
        "incomeTaxExpense": 3611000,
        "netIncome": 9415000,
        "netIncomeRatio": 0.0256257417,
        "eps": 0.06,
        "epsdiluted": 0.06,
        "weightedAverageShsOut": 165052000,
        "weightedAverageShsOutDil": 166981000,
        "link": "https://www.sec.gov/Archives/edgar/data/71691/000007169115000020/0000071691-15-000020-index.htm",
        "finalLink": "https://www.sec.gov/Archives/edgar/data/71691/000007169115000020/nyt9271510-qdocument.htm"
    },
    {
        "date": "2015-06-28",
        "symbol": "NYT",
        "reportedCurrency": "USD",
        "cik": "0000071691",
        "fillingDate": "2015-08-06",
        "acceptedDate": "2015-08-06 15:37:14",
        "calendarYear": "2015",
        "period": "Q2",
        "revenue": 382886000,
        "costOfRevenue": 152773000,
        "grossProfit": 230113000,
        "grossProfitRatio": 0.6009961189,
        "researchAndDevelopmentExpenses": 0,
        "generalAndAdministrativeExpenses": 176252000,
        "sellingAndMarketingExpenses": 0,
        "sellingGeneralAndAdministrativeExpenses": 176252000,
        "otherExpenses": 15810000,
        "operatingExpenses": 192062000,
        "costAndExpenses": 344835000,
        "interestIncome": 1183000,
        "interestExpense": 9814000,
        "depreciationAndAmortization": 15810000,
        "ebitda": 53543000,
        "ebitdaratio": 0.1398405792,
        "operatingIncome": 38051000,
        "operatingIncomeRatio": 0.0993794498,
        "totalOtherIncomeExpensesNet": -10132000,
        "incomeBeforeTax": 27919000,
        "incomeBeforeTaxRatio": 0.0729172652,
        "incomeTaxExpense": 11700000,
        "netIncome": 16400000,
        "netIncomeRatio": 0.0428325925,
        "eps": 0.1,
        "epsdiluted": 0.1,
        "weightedAverageShsOut": 166355000,
        "weightedAverageShsOutDil": 168316000,
        "link": "https://www.sec.gov/Archives/edgar/data/71691/000007169115000017/0000071691-15-000017-index.htm",
        "finalLink": "https://www.sec.gov/Archives/edgar/data/71691/000007169115000017/nyt6281510-qdocument.htm"
    },
    {
        "date": "2015-03-29",
        "symbol": "NYT",
        "reportedCurrency": "USD",
        "cik": "0000071691",
        "fillingDate": "2015-05-06",
        "acceptedDate": "2015-05-06 15:23:56",
        "calendarYear": "2015",
        "period": "Q1",
        "revenue": 384239000,
        "costOfRevenue": 156636000,
        "grossProfit": 227603000,
        "grossProfitRatio": 0.5923474712,
        "researchAndDevelopmentExpenses": 0,
        "generalAndAdministrativeExpenses": 223776000,
        "sellingAndMarketingExpenses": 0,
        "sellingGeneralAndAdministrativeExpenses": 219126000,
        "otherExpenses": 19541000,
        "operatingExpenses": 238667000,
        "costAndExpenses": 395303000,
        "interestIncome": 1141000,
        "interestExpense": 12192000,
        "depreciationAndAmortization": 14844000,
        "ebitda": 3367000,
        "ebitdaratio": 0.0087627753,
        "operatingIncome": -11064000,
        "operatingIncomeRatio": -0.0287945784,
        "totalOtherIncomeExpensesNet": -12764000,
        "incomeBeforeTax": -23828000,
        "incomeBeforeTaxRatio": -0.0620134864,
        "incomeTaxExpense": -9407000,
        "netIncome": -14262000,
        "netIncomeRatio": -0.0371175232,
        "eps": -0.09,
        "epsdiluted": -0.087,
        "weightedAverageShsOut": 158466666,
        "weightedAverageShsOutDil": 163988000,
        "link": "https://www.sec.gov/Archives/edgar/data/71691/000007169115000012/0000071691-15-000012-index.htm",
        "finalLink": "https://www.sec.gov/Archives/edgar/data/71691/000007169115000012/nyt3291510-qdocument.htm"
    },
    {
        "date": "2014-12-31",
        "symbol": "NYT",
        "reportedCurrency": "USD",
        "cik": "0000071691",
        "fillingDate": "2015-02-24",
        "acceptedDate": "2015-02-24 17:17:58",
        "calendarYear": "2014",
        "period": "Q4",
        "revenue": 444683000,
        "costOfRevenue": 165891000,
        "grossProfit": 278792000,
        "grossProfitRatio": 0.626945487,
        "researchAndDevelopmentExpenses": 0,
        "generalAndAdministrativeExpenses": 195549000,
        "sellingAndMarketingExpenses": 0,
        "sellingGeneralAndAdministrativeExpenses": 195549000,
        "otherExpenses": 20819000,
        "operatingExpenses": 216368000,
        "costAndExpenses": 382259000,
        "interestIncome": 2254000,
        "interestExpense": 11970000,
        "depreciationAndAmortization": 20819000,
        "ebitda": 76283000,
        "ebitdaratio": 0.1715446734,
        "operatingIncome": 62424000,
        "operatingIncomeRatio": 0.1403786518,
        "totalOtherIncomeExpensesNet": -19815000,
        "incomeBeforeTax": 42609000,
        "incomeBeforeTaxRatio": 0.0958188192,
        "incomeTaxExpense": 8685000,
        "netIncome": 34875000,
        "netIncomeRatio": 0.0784266545,
        "eps": 0.23,
        "epsdiluted": 0.22,
        "weightedAverageShsOut": 150779000,
        "weightedAverageShsOutDil": 160455000,
        "link": "https://www.sec.gov/Archives/edgar/data/71691/000007169115000004/0000071691-15-000004-index.htm",
        "finalLink": "https://www.sec.gov/Archives/edgar/data/71691/000007169115000004/a2014form10-k.htm"
    },
    {
        "date": "2014-09-28",
        "symbol": "NYT",
        "reportedCurrency": "USD",
        "cik": "0000071691",
        "fillingDate": "2014-11-05",
        "acceptedDate": "2014-11-05 16:39:14",
        "calendarYear": "2014",
        "period": "Q3",
        "revenue": 364718000,
        "costOfRevenue": 161177000,
        "grossProfit": 203541000,
        "grossProfitRatio": 0.5580777477,
        "researchAndDevelopmentExpenses": 0,
        "generalAndAdministrativeExpenses": 193198000,
        "sellingAndMarketingExpenses": 0,
        "sellingGeneralAndAdministrativeExpenses": 193198000,
        "otherExpenses": 19375000,
        "operatingExpenses": 212573000,
        "costAndExpenses": 373750000,
        "interestIncome": 996000,
        "interestExpense": 15254000,
        "depreciationAndAmortization": 19375000,
        "ebitda": 11883000,
        "ebitdaratio": 0.0325813368,
        "operatingIncome": -9032000,
        "operatingIncomeRatio": -0.0247643385,
        "totalOtherIncomeExpensesNet": -13655000,
        "incomeBeforeTax": -22687000,
        "incomeBeforeTaxRatio": -0.0622042235,
        "incomeTaxExpense": -10247000,
        "netIncome": -12499000,
        "netIncomeRatio": -0.034270313,
        "eps": -0.0829,
        "epsdiluted": -0.0829,
        "weightedAverageShsOut": 150822000,
        "weightedAverageShsOutDil": 150822000,
        "link": "https://www.sec.gov/Archives/edgar/data/71691/000007169114000021/0000071691-14-000021-index.htm",
        "finalLink": "https://www.sec.gov/Archives/edgar/data/71691/000007169114000021/nyt928201410-q.htm"
    },
    {
        "date": "2014-06-29",
        "symbol": "NYT",
        "reportedCurrency": "USD",
        "cik": "0000071691",
        "fillingDate": "2014-08-05",
        "acceptedDate": "2014-08-05 16:47:40",
        "calendarYear": "2014",
        "period": "Q2",
        "revenue": 388719000,
        "costOfRevenue": 157944000,
        "grossProfit": 230775000,
        "grossProfitRatio": 0.5936807823,
        "researchAndDevelopmentExpenses": 0,
        "generalAndAdministrativeExpenses": 195109000,
        "sellingAndMarketingExpenses": 0,
        "sellingGeneralAndAdministrativeExpenses": 195109000,
        "otherExpenses": 19169000,
        "operatingExpenses": 214278000,
        "costAndExpenses": 372222000,
        "interestIncome": 994000,
        "interestExpense": 13205000,
        "depreciationAndAmortization": 19169000,
        "ebitda": 35691000,
        "ebitdaratio": 0.091816968,
        "operatingIncome": 16497000,
        "operatingIncomeRatio": 0.0424393971,
        "totalOtherIncomeExpensesNet": -13180000,
        "incomeBeforeTax": 3317000,
        "incomeBeforeTaxRatio": 0.0085331563,
        "incomeTaxExpense": -5743000,
        "netIncome": 9188000,
        "netIncomeRatio": 0.0236366115,
        "eps": 0.06,
        "epsdiluted": 0.06,
        "weightedAverageShsOut": 150796000,
        "weightedAverageShsOutDil": 161868000,
        "link": "https://www.sec.gov/Archives/edgar/data/71691/000007169114000017/0000071691-14-000017-index.htm",
        "finalLink": "https://www.sec.gov/Archives/edgar/data/71691/000007169114000017/nyt629201410-q.htm"
    },
    {
        "date": "2014-03-30",
        "symbol": "NYT",
        "reportedCurrency": "USD",
        "cik": "0000071691",
        "fillingDate": "2014-05-06",
        "acceptedDate": "2014-05-06 15:41:45",
        "calendarYear": "2014",
        "period": "Q1",
        "revenue": 390408000,
        "costOfRevenue": 158983000,
        "grossProfit": 231425000,
        "grossProfitRatio": 0.5927772996,
        "researchAndDevelopmentExpenses": 0,
        "generalAndAdministrativeExpenses": 186724000,
        "sellingAndMarketingExpenses": 0,
        "sellingGeneralAndAdministrativeExpenses": 186724000,
        "otherExpenses": 22642000,
        "operatingExpenses": 209366000,
        "costAndExpenses": 368349000,
        "interestIncome": 940000,
        "interestExpense": 13301000,
        "depreciationAndAmortization": 20092000,
        "ebitda": 42554000,
        "ebitdaratio": 0.108998791,
        "operatingIncome": 22059000,
        "operatingIncomeRatio": 0.0565024282,
        "totalOtherIncomeExpensesNet": -15448000,
        "incomeBeforeTax": 6611000,
        "incomeBeforeTaxRatio": 0.0169335669,
        "incomeTaxExpense": 3764000,
        "netIncome": 1743000,
        "netIncomeRatio": 0.0044645602,
        "eps": 0.01,
        "epsdiluted": 0.01,
        "weightedAverageShsOut": 150612000,
        "weightedAverageShsOutDil": 161920000,
        "link": "https://www.sec.gov/Archives/edgar/data/71691/000007169114000011/0000071691-14-000011-index.htm",
        "finalLink": "https://www.sec.gov/Archives/edgar/data/71691/000007169114000011/nyt330201410-q.htm"
    },
    {
        "date": "2013-12-31",
        "symbol": "NYT",
        "reportedCurrency": "USD",
        "cik": "0000071691",
        "fillingDate": "2014-02-26",
        "acceptedDate": "2014-02-26 17:20:35",
        "calendarYear": "2013",
        "period": "Q4",
        "revenue": 443860000,
        "costOfRevenue": 164515000,
        "grossProfit": 279345000,
        "grossProfitRatio": 0.6293538503,
        "researchAndDevelopmentExpenses": 0,
        "generalAndAdministrativeExpenses": 189972000,
        "sellingAndMarketingExpenses": 0,
        "sellingGeneralAndAdministrativeExpenses": 189972000,
        "otherExpenses": 20496000,
        "operatingExpenses": 210468000,
        "costAndExpenses": 374983000,
        "interestIncome": 427000,
        "interestExpense": 13904000,
        "depreciationAndAmortization": 20678000,
        "ebitda": 89010000,
        "ebitdaratio": 0.2005362051,
        "operatingIncome": 68877000,
        "operatingIncomeRatio": 0.1551773082,
        "totalOtherIncomeExpensesNet": -13721000,
        "incomeBeforeTax": 55156000,
        "incomeBeforeTaxRatio": 0.1242644077,
        "incomeTaxExpense": 16419000,
        "netIncome": 65626000,
        "netIncomeRatio": 0.1478529266,
        "eps": 0.44,
        "epsdiluted": 0.41,
        "weightedAverageShsOut": 150162000,
        "weightedAverageShsOutDil": 160013000,
        "link": "https://www.sec.gov/Archives/edgar/data/71691/000007169114000004/0000071691-14-000004-index.htm",
        "finalLink": "https://www.sec.gov/Archives/edgar/data/71691/000007169114000004/a2013form10-k.htm"
    },
    {
        "date": "2013-09-29",
        "symbol": "NYT",
        "reportedCurrency": "USD",
        "cik": "0000071691",
        "fillingDate": "2013-11-07",
        "acceptedDate": "2013-11-07 16:10:15",
        "calendarYear": "2013",
        "period": "Q3",
        "revenue": 361738000,
        "costOfRevenue": 152595000,
        "grossProfit": 209143000,
        "grossProfitRatio": 0.5781615423,
        "researchAndDevelopmentExpenses": 0,
        "generalAndAdministrativeExpenses": 169824000,
        "sellingAndMarketingExpenses": 0,
        "sellingGeneralAndAdministrativeExpenses": 169824000,
        "otherExpenses": 26464000,
        "operatingExpenses": 196288000,
        "costAndExpenses": 348883000,
        "interestIncome": 395000,
        "interestExpense": 15454000,
        "depreciationAndAmortization": 21391000,
        "ebitda": 31664000,
        "ebitdaratio": 0.0875329658,
        "operatingIncome": 12855000,
        "operatingIncomeRatio": 0.0355367697,
        "totalOtherIncomeExpensesNet": -15577000,
        "incomeBeforeTax": -2722000,
        "incomeBeforeTaxRatio": -0.0075247831,
        "incomeTaxExpense": 2578000,
        "netIncome": -24226000,
        "netIncomeRatio": -0.0669711227,
        "eps": -0.16,
        "epsdiluted": -0.16,
        "weightedAverageShsOut": 150033000,
        "weightedAverageShsOutDil": 150033000,
        "link": "https://www.sec.gov/Archives/edgar/data/71691/000007169113000022/0000071691-13-000022-index.htm",
        "finalLink": "https://www.sec.gov/Archives/edgar/data/71691/000007169113000022/nyt929201310-q.htm"
    },
    {
        "date": "2013-06-30",
        "symbol": "NYT",
        "reportedCurrency": "USD",
        "cik": "0000071691",
        "fillingDate": "2013-08-08",
        "acceptedDate": "2013-08-08 16:49:28",
        "calendarYear": "2013",
        "period": "Q2",
        "revenue": 485363000,
        "costOfRevenue": 153069000,
        "grossProfit": 237888000,
        "grossProfitRatio": 0.4901238867,
        "researchAndDevelopmentExpenses": 0,
        "generalAndAdministrativeExpenses": 217928000,
        "sellingAndMarketingExpenses": 0,
        "sellingGeneralAndAdministrativeExpenses": 172914000,
        "otherExpenses": 18750000,
        "operatingExpenses": 191664000,
        "costAndExpenses": 344733000,
        "interestIncome": 349000,
        "interestExpense": 14646000,
        "depreciationAndAmortization": 21608000,
        "ebitda": 74580000,
        "ebitdaratio": 0.1536581898,
        "operatingIncome": 46224000,
        "operatingIncomeRatio": 0.0952359368,
        "totalOtherIncomeExpensesNet": -15049000,
        "incomeBeforeTax": 38326000,
        "incomeBeforeTaxRatio": 0.0789635798,
        "incomeTaxExpense": 18189000,
        "netIncome": 20131000,
        "netIncomeRatio": 0.0414761735,
        "eps": 0.14,
        "epsdiluted": 0.13,
        "weightedAverageShsOut": 148797000,
        "weightedAverageShsOutDil": 156511000,
        "link": "https://www.sec.gov/Archives/edgar/data/71691/000007169113000016/0000071691-13-000016-index.htm",
        "finalLink": "https://www.sec.gov/Archives/edgar/data/71691/000007169113000016/nyt10-q6302013.htm"
    },
    {
        "date": "2013-03-31",
        "symbol": "NYT",
        "reportedCurrency": "USD",
        "cik": "0000071691",
        "fillingDate": "2013-05-09",
        "acceptedDate": "2013-05-09 16:31:27",
        "calendarYear": "2013",
        "period": "Q1",
        "revenue": 465933000,
        "costOfRevenue": 156734000,
        "grossProfit": 223941000,
        "grossProfitRatio": 0.4806291892,
        "researchAndDevelopmentExpenses": 0,
        "generalAndAdministrativeExpenses": 224389000,
        "sellingAndMarketingExpenses": 0,
        "sellingGeneralAndAdministrativeExpenses": 176872000,
        "otherExpenses": 18938000,
        "operatingExpenses": 195810000,
        "costAndExpenses": 352544000,
        "interestIncome": 343000,
        "interestExpense": 14074000,
        "depreciationAndAmortization": 21800000,
        "ebitda": 46241000,
        "ebitdaratio": 0.0992438827,
        "operatingIncome": 28131000,
        "operatingIncomeRatio": 0.0603756334,
        "totalOtherIncomeExpensesNet": -16941000,
        "incomeBeforeTax": 5856000,
        "incomeBeforeTaxRatio": 0.0125683306,
        "incomeTaxExpense": 2967000,
        "netIncome": 3138000,
        "netIncomeRatio": 0.0067348739,
        "eps": 0.02,
        "epsdiluted": 0.02,
        "weightedAverageShsOut": 148710000,
        "weightedAverageShsOutDil": 155270000,
        "link": "https://www.sec.gov/Archives/edgar/data/71691/000007169113000011/0000071691-13-000011-index.htm",
        "finalLink": "https://www.sec.gov/Archives/edgar/data/71691/000007169113000011/nyt10-q3312013.htm"
    },
    {
        "date": "2012-12-31",
        "symbol": "NYT",
        "reportedCurrency": "USD",
        "cik": "0000071691",
        "fillingDate": "2013-02-28",
        "acceptedDate": "2013-02-28 16:38:30",
        "calendarYear": "2012",
        "period": "Q4",
        "revenue": 575818000,
        "costOfRevenue": 224110000,
        "grossProfit": 351708000,
        "grossProfitRatio": 0.6107971616,
        "researchAndDevelopmentExpenses": 0,
        "generalAndAdministrativeExpenses": 283843000,
        "sellingAndMarketingExpenses": 0,
        "sellingGeneralAndAdministrativeExpenses": 283843000,
        "otherExpenses": 23857000,
        "operatingExpenses": 307700000,
        "costAndExpenses": 531810000,
        "interestIncome": 195000,
        "interestExpense": 16402000,
        "depreciationAndAmortization": 21237000,
        "ebitda": 66172000,
        "ebitdaratio": 0.1149182554,
        "operatingIncome": 44008000,
        "operatingIncomeRatio": 0.0764269266,
        "totalOtherIncomeExpensesNet": 149155000,
        "incomeBeforeTax": 193163000,
        "incomeBeforeTaxRatio": 0.3354584261,
        "incomeTaxExpense": 75775000,
        "netIncome": 176910000,
        "netIncomeRatio": 0.3072324936,
        "eps": 1.19,
        "epsdiluted": 1.14,
        "weightedAverageShsOut": 148461000,
        "weightedAverageShsOutDil": 154685000,
        "link": "https://www.sec.gov/Archives/edgar/data/71691/000007169113000004/0000071691-13-000004-index.htm",
        "finalLink": "https://www.sec.gov/Archives/edgar/data/71691/000007169113000004/a2012form10-k.htm"
    },
    {
        "date": "2012-09-23",
        "symbol": "NYT",
        "reportedCurrency": "USD",
        "cik": "0000071691",
        "fillingDate": "2012-11-02",
        "acceptedDate": "2012-11-02 16:08:11",
        "calendarYear": "2012",
        "period": "Q3",
        "revenue": 449028000,
        "costOfRevenue": 157370000,
        "grossProfit": 197967000,
        "grossProfitRatio": 0.4408789652,
        "researchAndDevelopmentExpenses": 0,
        "generalAndAdministrativeExpenses": 33816000,
        "sellingAndMarketingExpenses": 0,
        "sellingGeneralAndAdministrativeExpenses": 169459000,
        "otherExpenses": 19594000,
        "operatingExpenses": 189053000,
        "costAndExpenses": 346423000,
        "interestIncome": 92000,
        "interestExpense": 14460000,
        "depreciationAndAmortization": 24727000,
        "ebitda": 33014000,
        "ebitdaratio": 0.0735232547,
        "operatingIncome": 8914000,
        "operatingIncomeRatio": 0.0198517687,
        "totalOtherIncomeExpensesNet": -15080000,
        "incomeBeforeTax": -6561000,
        "incomeBeforeTaxRatio": -0.014611561,
        "incomeTaxExpense": -2796000,
        "netIncome": 2282000,
        "netIncomeRatio": 0.0050820884,
        "eps": 0.02,
        "epsdiluted": 0.02,
        "weightedAverageShsOut": 147900000,
        "weightedAverageShsOutDil": 148254000,
        "link": "https://www.sec.gov/Archives/edgar/data/71691/000007169112000019/0000071691-12-000019-index.htm",
        "finalLink": "https://www.sec.gov/Archives/edgar/data/71691/000007169112000019/nyt10-q9232012.htm"
    },
    {
        "date": "2012-06-24",
        "symbol": "NYT",
        "reportedCurrency": "USD",
        "cik": "0000071691",
        "fillingDate": "2012-08-03",
        "acceptedDate": "2012-08-03 14:45:42",
        "calendarYear": "2012",
        "period": "Q2",
        "revenue": 515212000,
        "costOfRevenue": 202578000,
        "grossProfit": 287224000,
        "grossProfitRatio": 0.5574870151,
        "researchAndDevelopmentExpenses": 0,
        "generalAndAdministrativeExpenses": -18036000,
        "sellingAndMarketingExpenses": 0,
        "sellingGeneralAndAdministrativeExpenses": 220236000,
        "otherExpenses": 22920000,
        "operatingExpenses": 243156000,
        "costAndExpenses": 445734000,
        "interestIncome": 61000,
        "interestExpense": 15464000,
        "depreciationAndAmortization": 25183000,
        "ebitda": 107090000,
        "ebitdaratio": 0.2078561835,
        "operatingIncome": 44068000,
        "operatingIncomeRatio": 0.085533722,
        "totalOtherIncomeExpensesNet": 23412000,
        "incomeBeforeTax": -120212000,
        "incomeBeforeTaxRatio": -0.2333253107,
        "incomeTaxExpense": -36541000,
        "netIncome": -88149000,
        "netIncomeRatio": -0.1710926764,
        "eps": -0.6,
        "epsdiluted": -0.6,
        "weightedAverageShsOut": 148005000,
        "weightedAverageShsOutDil": 148005000,
        "link": "https://www.sec.gov/Archives/edgar/data/71691/000007169112000016/0000071691-12-000016-index.htm",
        "finalLink": "https://www.sec.gov/Archives/edgar/data/71691/000007169112000016/nyt10-q6242012.htm"
    },
    {
        "date": "2012-03-25",
        "symbol": "NYT",
        "reportedCurrency": "USD",
        "cik": "0000071691",
        "fillingDate": "2012-05-03",
        "acceptedDate": "2012-05-03 16:56:31",
        "calendarYear": "2012",
        "period": "Q1",
        "revenue": 499376000,
        "costOfRevenue": 203335000,
        "grossProfit": 272097000,
        "grossProfitRatio": 0.5448740028,
        "researchAndDevelopmentExpenses": 0,
        "generalAndAdministrativeExpenses": -3590000,
        "sellingAndMarketingExpenses": 0,
        "sellingGeneralAndAdministrativeExpenses": 229361000,
        "otherExpenses": 30116000,
        "operatingExpenses": 259477000,
        "costAndExpenses": 462812000,
        "interestIncome": 62000,
        "interestExpense": 15514000,
        "depreciationAndAmortization": 32628000,
        "ebitda": 38987000,
        "ebitdaratio": 0.0780714331,
        "operatingIncome": 12620000,
        "operatingIncomeRatio": 0.0252715389,
        "totalOtherIncomeExpensesNet": -2533000,
        "incomeBeforeTax": 17083000,
        "incomeBeforeTaxRatio": 0.0342086924,
        "incomeTaxExpense": 4076000,
        "netIncome": 42130000,
        "netIncomeRatio": 0.0843652879,
        "eps": 0.28,
        "epsdiluted": 0.28,
        "weightedAverageShsOut": 147867000,
        "weightedAverageShsOutDil": 151468000,
        "link": "https://www.sec.gov/Archives/edgar/data/71691/000007169112000010/0000071691-12-000010-index.htm",
        "finalLink": "https://www.sec.gov/Archives/edgar/data/71691/000007169112000010/nyt10-q3252012.htm"
    },
    {
        "date": "2011-12-31",
        "symbol": "NYT",
        "reportedCurrency": "USD",
        "cik": "0000071691",
        "fillingDate": "2012-02-23",
        "acceptedDate": "2012-02-23 15:01:36",
        "calendarYear": "2011",
        "period": "Q4",
        "revenue": 642960000,
        "costOfRevenue": 244089000,
        "grossProfit": 398871000,
        "grossProfitRatio": 0.6203667413,
        "researchAndDevelopmentExpenses": 0,
        "generalAndAdministrativeExpenses": 0,
        "sellingAndMarketingExpenses": 0,
        "sellingGeneralAndAdministrativeExpenses": 255733000,
        "otherExpenses": 36473000,
        "operatingExpenses": 292206000,
        "costAndExpenses": 536295000,
        "interestIncome": 63000,
        "interestExpense": 15524000,
        "depreciationAndAmortization": 28857000,
        "ebitda": 139639000,
        "ebitdaratio": 0.2171814732,
        "operatingIncome": 106665000,
        "operatingIncomeRatio": 0.1658967898,
        "totalOtherIncomeExpensesNet": -11407000,
        "incomeBeforeTax": 95258000,
        "incomeBeforeTaxRatio": 0.1481554062,
        "incomeTaxExpense": 36353000,
        "netIncome": 58945000,
        "netIncomeRatio": 0.0916775538,
        "eps": 0.39,
        "epsdiluted": 0.39,
        "weightedAverageShsOut": 147451000,
        "weightedAverageShsOutDil": 149900000,
        "link": "https://www.sec.gov/Archives/edgar/data/71691/000007169112000003/0000071691-12-000003-index.htm",
        "finalLink": "https://www.sec.gov/Archives/edgar/data/71691/000007169112000003/a2011form10-k.htm"
    },
    {
        "date": "2011-09-25",
        "symbol": "NYT",
        "reportedCurrency": "USD",
        "cik": "0000071691",
        "fillingDate": "2011-11-03",
        "acceptedDate": "2011-11-03 16:02:10",
        "calendarYear": "2011",
        "period": "Q3",
        "revenue": 537235000,
        "costOfRevenue": 197504000,
        "grossProfit": 254065000,
        "grossProfitRatio": 0.4729122265,
        "researchAndDevelopmentExpenses": 0,
        "generalAndAdministrativeExpenses": -19894000,
        "sellingAndMarketingExpenses": 0,
        "sellingGeneralAndAdministrativeExpenses": 209269000,
        "otherExpenses": 23747000,
        "operatingExpenses": 233016000,
        "costAndExpenses": 430520000,
        "interestIncome": 107000,
        "interestExpense": 20039000,
        "depreciationAndAmortization": 29402000,
        "ebitda": 66937000,
        "ebitdaratio": 0.1245953819,
        "operatingIncome": 21049000,
        "operatingIncomeRatio": 0.039180247,
        "totalOtherIncomeExpensesNet": -2215000,
        "incomeBeforeTax": 30830000,
        "incomeBeforeTaxRatio": 0.0573864324,
        "incomeTaxExpense": 15362000,
        "netIncome": 15685000,
        "netIncomeRatio": 0.0291957896,
        "eps": 0.11,
        "epsdiluted": 0.1,
        "weightedAverageShsOut": 147355000,
        "weightedAverageShsOutDil": 151293000,
        "link": "https://www.sec.gov/Archives/edgar/data/71691/000007169111000012/0000071691-11-000012-index.htm",
        "finalLink": "https://www.sec.gov/Archives/edgar/data/71691/000007169111000012/nyt10-q9252011.htm"
    },
    {
        "date": "2011-06-26",
        "symbol": "NYT",
        "reportedCurrency": "USD",
        "cik": "0000071691",
        "fillingDate": "2011-08-04",
        "acceptedDate": "2011-08-04 16:12:36",
        "calendarYear": "2011",
        "period": "Q2",
        "revenue": 576702000,
        "costOfRevenue": 209848000,
        "grossProfit": 302140000,
        "grossProfitRatio": 0.5239100957,
        "researchAndDevelopmentExpenses": 0,
        "generalAndAdministrativeExpenses": 0,
        "sellingAndMarketingExpenses": 0,
        "sellingGeneralAndAdministrativeExpenses": 234823000,
        "otherExpenses": 35825000,
        "operatingExpenses": 270648000,
        "costAndExpenses": 480496000,
        "interestIncome": 148000,
        "interestExpense": 25300000,
        "depreciationAndAmortization": 29547000,
        "ebitda": 63951000,
        "ebitdaratio": 0.1108908934,
        "operatingIncome": 31492000,
        "operatingIncomeRatio": 0.0546070588,
        "totalOtherIncomeExpensesNet": -22361000,
        "incomeBeforeTax": -136438000,
        "incomeBeforeTaxRatio": -0.236583192,
        "incomeTaxExpense": -16615000,
        "netIncome": -119718000,
        "netIncomeRatio": -0.2075907488,
        "eps": -0.81,
        "epsdiluted": -0.81,
        "weightedAverageShsOut": 147176000,
        "weightedAverageShsOutDil": 147176000,
        "link": "https://www.sec.gov/Archives/edgar/data/71691/000007169111000009/0000071691-11-000009-index.htm",
        "finalLink": "https://www.sec.gov/Archives/edgar/data/71691/000007169111000009/nyt10-q6262011.htm"
    },
    {
        "date": "2011-03-27",
        "symbol": "NYT",
        "reportedCurrency": "USD",
        "cik": "0000071691",
        "fillingDate": "2011-05-05",
        "acceptedDate": "2011-05-05 15:43:20",
        "calendarYear": "2011",
        "period": "Q1",
        "revenue": 566504000,
        "costOfRevenue": 215006000,
        "grossProfit": 285658000,
        "grossProfitRatio": 0.5042471015,
        "researchAndDevelopmentExpenses": 0,
        "generalAndAdministrativeExpenses": -35575000,
        "sellingAndMarketingExpenses": 0,
        "sellingGeneralAndAdministrativeExpenses": 234066000,
        "otherExpenses": 25673000,
        "operatingExpenses": 259739000,
        "costAndExpenses": 474745000,
        "interestIncome": 464000,
        "interestExpense": 25055000,
        "depreciationAndAmortization": 28648000,
        "ebitda": 54875000,
        "ebitdaratio": 0.0968660415,
        "operatingIncome": 25919000,
        "operatingIncomeRatio": 0.0457525454,
        "totalOtherIncomeExpensesNet": -24442000,
        "incomeBeforeTax": 6632000,
        "incomeBeforeTaxRatio": 0.01170689,
        "incomeTaxExpense": 1406000,
        "netIncome": 5419000,
        "netIncomeRatio": 0.0095656871,
        "eps": 0.04,
        "epsdiluted": 0.04,
        "weightedAverageShsOut": 146777000,
        "weightedAverageShsOutDil": 153760000,
        "link": "https://www.sec.gov/Archives/edgar/data/71691/000007169111000004/0000071691-11-000004-index.htm",
        "finalLink": "https://www.sec.gov/Archives/edgar/data/71691/000007169111000004/nyt10-q3272011.htm"
    },
    {
        "date": "2010-12-31",
        "symbol": "NYT",
        "reportedCurrency": "USD",
        "cik": "0000071691",
        "fillingDate": "2011-02-22",
        "acceptedDate": "2011-02-22 17:02:39",
        "calendarYear": "2010",
        "period": "Q4",
        "revenue": 661676000,
        "costOfRevenue": 246743000,
        "grossProfit": 414933000,
        "grossProfitRatio": 0.6270939251,
        "researchAndDevelopmentExpenses": 0,
        "generalAndAdministrativeExpenses": 0,
        "sellingAndMarketingExpenses": 0,
        "sellingGeneralAndAdministrativeExpenses": 279423000,
        "otherExpenses": 46282000,
        "operatingExpenses": 325705000,
        "costAndExpenses": 572448000,
        "interestIncome": -1051000,
        "interestExpense": 28240000,
        "depreciationAndAmortization": 30134000,
        "ebitda": 143545000,
        "ebitdaratio": 0.2169415243,
        "operatingIncome": 89228000,
        "operatingIncomeRatio": 0.1348514983,
        "totalOtherIncomeExpensesNet": -4057000,
        "incomeBeforeTax": 85171000,
        "incomeBeforeTaxRatio": 0.1287200987,
        "incomeTaxExpense": 18072000,
        "netIncome": 67139000,
        "netIncomeRatio": 0.1014680901,
        "eps": 0.43,
        "epsdiluted": 0.43,
        "weightedAverageShsOut": 157700000,
        "weightedAverageShsOutDil": 157700000,
        "link": "https://www.sec.gov/Archives/edgar/data/71691/000119312511042247/0001193125-11-042247-index.htm",
        "finalLink": "https://www.sec.gov/Archives/edgar/data/71691/000119312511042247/d10k.htm"
    },
    {
        "date": "2010-09-26",
        "symbol": "NYT",
        "reportedCurrency": "USD",
        "cik": "0000071691",
        "fillingDate": "2010-10-28",
        "acceptedDate": "2010-10-28 16:42:36",
        "calendarYear": "2010",
        "period": "Q3",
        "revenue": 554333000,
        "costOfRevenue": 237384000,
        "grossProfit": 316949000,
        "grossProfitRatio": 0.5717664292,
        "researchAndDevelopmentExpenses": 0,
        "generalAndAdministrativeExpenses": 0,
        "sellingAndMarketingExpenses": 0,
        "sellingGeneralAndAdministrativeExpenses": 261708000,
        "otherExpenses": 46248000,
        "operatingExpenses": 307956000,
        "costAndExpenses": 545340000,
        "interestIncome": 316000,
        "interestExpense": 18830000,
        "depreciationAndAmortization": 30100000,
        "ebitda": 44891000,
        "ebitdaratio": 0.080982009,
        "operatingIncome": 8993000,
        "operatingIncomeRatio": 0.0162231006,
        "totalOtherIncomeExpensesNet": -15145000,
        "incomeBeforeTax": -6152000,
        "incomeBeforeTaxRatio": -0.0110980223,
        "incomeTaxExpense": -2018000,
        "netIncome": -4261000,
        "netIncomeRatio": -0.0076867154,
        "eps": -0.0292,
        "epsdiluted": -0.0292,
        "weightedAverageShsOut": 145803000,
        "weightedAverageShsOutDil": 145803000,
        "link": "https://www.sec.gov/Archives/edgar/data/71691/000119312510239842/0001193125-10-239842-index.htm",
        "finalLink": "https://www.sec.gov/Archives/edgar/data/71691/000119312510239842/d10q.htm"
    },
    {
        "date": "2010-06-27",
        "symbol": "NYT",
        "reportedCurrency": "USD",
        "cik": "0000071691",
        "fillingDate": "2010-08-05",
        "acceptedDate": "2010-08-05 16:17:43",
        "calendarYear": "2010",
        "period": "Q2",
        "revenue": 589587000,
        "costOfRevenue": 236802000,
        "grossProfit": 352785000,
        "grossProfitRatio": 0.5983595296,
        "researchAndDevelopmentExpenses": 0,
        "generalAndAdministrativeExpenses": -53247000,
        "sellingAndMarketingExpenses": 0,
        "sellingGeneralAndAdministrativeExpenses": 261633000,
        "otherExpenses": 30327000,
        "operatingExpenses": 291960000,
        "costAndExpenses": 528762000,
        "interestIncome": 375000,
        "interestExpense": 20989000,
        "depreciationAndAmortization": 30327000,
        "ebitda": 108333000,
        "ebitdaratio": 0.1837438749,
        "operatingIncome": 60825000,
        "operatingIncomeRatio": 0.1031654361,
        "totalOtherIncomeExpensesNet": -3808000,
        "incomeBeforeTax": 57017000,
        "incomeBeforeTaxRatio": 0.0967066777,
        "incomeTaxExpense": 25435000,
        "netIncome": 32033000,
        "netIncomeRatio": 0.0543312522,
        "eps": 0.22,
        "epsdiluted": 0.21,
        "weightedAverageShsOut": 145601000,
        "weightedAverageShsOutDil": 152962000,
        "link": "https://www.sec.gov/Archives/edgar/data/71691/000119312510179375/0001193125-10-179375-index.htm",
        "finalLink": "https://www.sec.gov/Archives/edgar/data/71691/000119312510179375/d10q.htm"
    },
    {
        "date": "2010-03-28",
        "symbol": "NYT",
        "reportedCurrency": "USD",
        "cik": "0000071691",
        "fillingDate": "2010-04-30",
        "acceptedDate": "2010-04-30 15:54:39",
        "calendarYear": "2010",
        "period": "Q1",
        "revenue": 587867000,
        "costOfRevenue": 240849000,
        "grossProfit": 347018000,
        "grossProfitRatio": 0.5903001869,
        "researchAndDevelopmentExpenses": 0,
        "generalAndAdministrativeExpenses": -48687000,
        "sellingAndMarketingExpenses": 0,
        "sellingGeneralAndAdministrativeExpenses": 263971000,
        "otherExpenses": 30389000,
        "operatingExpenses": 294360000,
        "costAndExpenses": 535209000,
        "interestIncome": 380000,
        "interestExpense": 20584000,
        "depreciationAndAmortization": 30389000,
        "ebitda": 92538000,
        "ebitdaratio": 0.1574131564,
        "operatingIncome": 52658000,
        "operatingIncomeRatio": 0.0895746827,
        "totalOtherIncomeExpensesNet": -11473000,
        "incomeBeforeTax": 41185000,
        "incomeBeforeTaxRatio": 0.0700583635,
        "incomeTaxExpense": 27027000,
        "netIncome": 12793000,
        "netIncomeRatio": 0.021761725,
        "eps": 0.09,
        "epsdiluted": 0.08,
        "weightedAverageShsOut": 145195000,
        "weightedAverageShsOutDil": 153924000,
        "link": "https://www.sec.gov/Archives/edgar/data/71691/000119312510101838/0001193125-10-101838-index.htm",
        "finalLink": "https://www.sec.gov/Archives/edgar/data/71691/000119312510101838/d10q.htm"
    },
    {
        "date": "2009-12-31",
        "symbol": "NYT",
        "reportedCurrency": "USD",
        "cik": "0000071691",
        "fillingDate": "2010-02-22",
        "acceptedDate": "2010-02-22 17:12:00",
        "calendarYear": "2009",
        "period": "Q4",
        "revenue": 676311000,
        "costOfRevenue": 235194000,
        "grossProfit": 441117000,
        "grossProfitRatio": 0.6522398719,
        "researchAndDevelopmentExpenses": 0,
        "generalAndAdministrativeExpenses": 0,
        "sellingAndMarketingExpenses": 0,
        "sellingGeneralAndAdministrativeExpenses": 332448000,
        "otherExpenses": -29131000,
        "operatingExpenses": 303317000,
        "costAndExpenses": 538511000,
        "interestIncome": 0,
        "interestExpense": 0,
        "depreciationAndAmortization": 31258000,
        "ebitda": 86723100,
        "ebitdaratio": 0.1282296163,
        "operatingIncome": 137800000,
        "operatingIncomeRatio": 0.2037524157,
        "totalOtherIncomeExpensesNet": -20539000,
        "incomeBeforeTax": 117261000,
        "incomeBeforeTaxRatio": 0.1733832512,
        "incomeTaxExpense": 44852000,
        "netIncome": 90919000,
        "netIncomeRatio": 0.1344337147,
        "eps": 0.48,
        "epsdiluted": 0.48,
        "weightedAverageShsOut": 144530000,
        "weightedAverageShsOutDil": 150200000,
        "link": "https://www.sec.gov/Archives/edgar/data/71691/000119312510036478/0001193125-10-036478-index.htm",
        "finalLink": "https://www.sec.gov/Archives/edgar/data/71691/000119312510036478/d10k.htm"
    },
    {
        "date": "2009-09-27",
        "symbol": "NYT",
        "reportedCurrency": "USD",
        "cik": "0000071691",
        "fillingDate": "2009-11-04",
        "acceptedDate": "2009-11-04 16:47:35",
        "calendarYear": "2009",
        "period": "Q3",
        "revenue": 570621000,
        "costOfRevenue": 240256000,
        "grossProfit": 329206000,
        "grossProfitRatio": 0.5769258404,
        "researchAndDevelopmentExpenses": 0,
        "generalAndAdministrativeExpenses": -38363000,
        "sellingAndMarketingExpenses": 0,
        "sellingGeneralAndAdministrativeExpenses": 250681000,
        "otherExpenses": 31306000,
        "operatingExpenses": 281987000,
        "costAndExpenses": 522243000,
        "interestIncome": 618000,
        "interestExpense": 21028000,
        "depreciationAndAmortization": 31319000,
        "ebitda": 13379000,
        "ebitdaratio": 0.0234463856,
        "operatingIncome": 47219000,
        "operatingIncomeRatio": 0.0827501967,
        "totalOtherIncomeExpensesNet": -84442000,
        "incomeBeforeTax": -38968000,
        "incomeBeforeTaxRatio": -0.0682905116,
        "incomeTaxExpense": -3233000,
        "netIncome": -35624000,
        "netIncomeRatio": -0.0624302295,
        "eps": -0.25,
        "epsdiluted": -0.25,
        "weightedAverageShsOut": 144335000,
        "weightedAverageShsOutDil": 144335000,
        "link": "https://www.sec.gov/Archives/edgar/data/71691/000119312509223880/0001193125-09-223880-index.htm",
        "finalLink": "https://www.sec.gov/Archives/edgar/data/71691/000119312509223880/d10q.htm"
    },
    {
        "date": "2009-06-28",
        "symbol": "NYT",
        "reportedCurrency": "USD",
        "cik": "0000071691",
        "fillingDate": "2009-08-06",
        "acceptedDate": "2009-08-06 16:57:35",
        "calendarYear": "2009",
        "period": "Q2",
        "revenue": 584485000,
        "costOfRevenue": 253089000,
        "grossProfit": 329604000,
        "grossProfitRatio": 0.5639220853,
        "researchAndDevelopmentExpenses": 0,
        "generalAndAdministrativeExpenses": -44681000,
        "sellingAndMarketingExpenses": 0,
        "sellingGeneralAndAdministrativeExpenses": 264886000,
        "otherExpenses": 41236000,
        "operatingExpenses": 306122000,
        "costAndExpenses": 559211000,
        "interestIncome": 680000,
        "interestExpense": 21656000,
        "depreciationAndAmortization": 34424000,
        "ebitda": 57770000,
        "ebitdaratio": 0.098839149,
        "operatingIncome": 23482000,
        "operatingIncomeRatio": 0.0401755391,
        "totalOtherIncomeExpensesNet": -22472000,
        "incomeBeforeTax": 859000,
        "incomeBeforeTaxRatio": 0.0014696699,
        "incomeTaxExpense": -38265000,
        "netIncome": 39124000,
        "netIncomeRatio": 0.0669375604,
        "eps": 0.27,
        "epsdiluted": 0.27,
        "weightedAverageShsOut": 143981000,
        "weightedAverageShsOutDil": 144626000,
        "link": "https://www.sec.gov/Archives/edgar/data/71691/000119312509167318/0001193125-09-167318-index.htm",
        "finalLink": "https://www.sec.gov/Archives/edgar/data/71691/000119312509167318/d10q.htm"
    },
    {
        "date": "2009-03-29",
        "symbol": "NYT",
        "reportedCurrency": "USD",
        "cik": "0000071691",
        "fillingDate": "2009-05-07",
        "acceptedDate": "2009-05-07 16:35:17",
        "calendarYear": "2009",
        "period": "Q1",
        "revenue": 609022000,
        "costOfRevenue": 289730000,
        "grossProfit": 317403000,
        "grossProfitRatio": 0.521168365,
        "researchAndDevelopmentExpenses": 0,
        "generalAndAdministrativeExpenses": -7841000,
        "sellingAndMarketingExpenses": 0,
        "sellingGeneralAndAdministrativeExpenses": 325987000,
        "otherExpenses": 53104000,
        "operatingExpenses": 379091000,
        "costAndExpenses": 668821000,
        "interestIncome": 111000,
        "interestExpense": 18257000,
        "depreciationAndAmortization": 36774000,
        "ebitda": -24749000,
        "ebitdaratio": -0.040637284,
        "operatingIncome": -61688000,
        "operatingIncomeRatio": -0.1012902654,
        "totalOtherIncomeExpensesNet": -13743000,
        "incomeBeforeTax": -75377000,
        "incomeBeforeTaxRatio": -0.1237672859,
        "incomeTaxExpense": -1148000,
        "netIncome": -74468000,
        "netIncomeRatio": -0.122274729,
        "eps": -0.52,
        "epsdiluted": -0.52,
        "weightedAverageShsOut": 143907000,
        "weightedAverageShsOutDil": 143907000,
        "link": "https://www.sec.gov/Archives/edgar/data/71691/000110465909030530/0001104659-09-030530-index.htm",
        "finalLink": "https://www.sec.gov/Archives/edgar/data/71691/000110465909030530/a09-11361_110q.htm"
    },
    {
        "date": "2008-12-31",
        "symbol": "NYT",
        "reportedCurrency": "USD",
        "cik": "0000071691",
        "fillingDate": "2009-02-26",
        "acceptedDate": "2009-02-26 11:00:56",
        "calendarYear": "2008",
        "period": "Q4",
        "revenue": 772054000,
        "costOfRevenue": 327911000,
        "grossProfit": 444143000,
        "grossProfitRatio": 0.5752745274,
        "researchAndDevelopmentExpenses": 0,
        "generalAndAdministrativeExpenses": 304520000,
        "sellingAndMarketingExpenses": 0,
        "sellingGeneralAndAdministrativeExpenses": 325692000,
        "otherExpenses": 55113000,
        "operatingExpenses": 380805000,
        "costAndExpenses": 708716000,
        "interestIncome": 0,
        "interestExpense": 29773000,
        "depreciationAndAmortization": 35955000,
        "ebitda": 99293000,
        "ebitdaratio": 0.1286088797,
        "operatingIncome": 63338000,
        "operatingIncomeRatio": 0.082038303,
        "totalOtherIncomeExpensesNet": -10485000,
        "incomeBeforeTax": 52853000,
        "incomeBeforeTaxRatio": 0.0684576467,
        "incomeTaxExpense": 25075000,
        "netIncome": 27648000,
        "netIncomeRatio": 0.0358109666,
        "eps": 0.19,
        "epsdiluted": 0.19,
        "weightedAverageShsOut": 143789000,
        "weightedAverageShsOutDil": 144100000,
        "link": "https://www.sec.gov/Archives/edgar/data/71691/000110465909012370/0001104659-09-012370-index.htm",
        "finalLink": "https://www.sec.gov/Archives/edgar/data/71691/000110465909012370/a09-1680_110k.htm"
    },
    {
        "date": "2008-09-28",
        "symbol": "NYT",
        "reportedCurrency": "USD",
        "cik": "0000071691",
        "fillingDate": "2008-11-07",
        "acceptedDate": "2008-11-07 15:04:11",
        "calendarYear": "2008",
        "period": "Q3",
        "revenue": 687042000,
        "costOfRevenue": 322246000,
        "grossProfit": 364796000,
        "grossProfitRatio": 0.5309660836,
        "researchAndDevelopmentExpenses": 0,
        "generalAndAdministrativeExpenses": -77267000,
        "sellingAndMarketingExpenses": 0,
        "sellingGeneralAndAdministrativeExpenses": 320929000,
        "otherExpenses": 194311000,
        "operatingExpenses": 515240000,
        "costAndExpenses": 837486000,
        "interestIncome": 49000,
        "interestExpense": 156639000,
        "depreciationAndAmortization": 33881000,
        "ebitda": -109622000,
        "ebitdaratio": -0.1595564754,
        "operatingIncome": -150444000,
        "operatingIncomeRatio": -0.2189735125,
        "totalOtherIncomeExpensesNet": -4766000,
        "incomeBeforeTax": 10820000,
        "incomeBeforeTaxRatio": 0.0157486733,
        "incomeTaxExpense": -40360000,
        "netIncome": -106293000,
        "netIncomeRatio": -0.1547110657,
        "eps": -0.74,
        "epsdiluted": -0.74,
        "weightedAverageShsOut": 143782000,
        "weightedAverageShsOutDil": 143782000,
        "link": "https://www.sec.gov/Archives/edgar/data/71691/000110465908069134/0001104659-08-069134-index.htm",
        "finalLink": "https://www.sec.gov/Archives/edgar/data/71691/000110465908069134/a08-25698_110q.htm"
    },
    {
        "date": "2008-06-29",
        "symbol": "NYT",
        "reportedCurrency": "USD",
        "cik": "0000071691",
        "fillingDate": "2008-08-06",
        "acceptedDate": "2008-08-06 14:59:36",
        "calendarYear": "2008",
        "period": "Q2",
        "revenue": 741905000,
        "costOfRevenue": 324399000,
        "grossProfit": 417506000,
        "grossProfitRatio": 0.5627485999,
        "researchAndDevelopmentExpenses": 0,
        "generalAndAdministrativeExpenses": -109768000,
        "sellingAndMarketingExpenses": 0,
        "sellingGeneralAndAdministrativeExpenses": 344609000,
        "otherExpenses": 32642000,
        "operatingExpenses": 377251000,
        "costAndExpenses": 701650000,
        "interestIncome": 0,
        "interestExpense": 1863000,
        "depreciationAndAmortization": 32642000,
        "ebitda": 83526000,
        "ebitdaratio": 0.1125831474,
        "operatingIncome": 40255000,
        "operatingIncomeRatio": 0.0542589685,
        "totalOtherIncomeExpensesNet": -1939000,
        "incomeBeforeTax": 38316000,
        "incomeBeforeTaxRatio": 0.0516454263,
        "incomeTaxExpense": 17251000,
        "netIncome": 21141000,
        "netIncomeRatio": 0.0284955621,
        "eps": 0.15,
        "epsdiluted": 0.15,
        "weightedAverageShsOut": 143776000,
        "weightedAverageShsOutDil": 144037000,
        "link": "https://www.sec.gov/Archives/edgar/data/71691/000110465908050297/0001104659-08-050297-index.htm",
        "finalLink": "https://www.sec.gov/Archives/edgar/data/71691/000110465908050297/a08-19028_110q.htm"
    },
    {
        "date": "2008-03-30",
        "symbol": "NYT",
        "reportedCurrency": "USD",
        "cik": "0000071691",
        "fillingDate": "2008-05-07",
        "acceptedDate": "2008-05-07 17:14:37",
        "calendarYear": "2008",
        "period": "Q1",
        "revenue": 747855000,
        "costOfRevenue": 340564000,
        "grossProfit": 407291000,
        "grossProfitRatio": 0.5446122577,
        "researchAndDevelopmentExpenses": 0,
        "generalAndAdministrativeExpenses": -117485000,
        "sellingAndMarketingExpenses": 0,
        "sellingGeneralAndAdministrativeExpenses": 340854000,
        "otherExpenses": 60222000,
        "operatingExpenses": 401076000,
        "costAndExpenses": 741640000,
        "interestIncome": 40000,
        "interestExpense": 32533000,
        "depreciationAndAmortization": 41931000,
        "ebitda": 46393000,
        "ebitdaratio": 0.0620347527,
        "operatingIncome": 6215000,
        "operatingIncomeRatio": 0.0083104345,
        "totalOtherIncomeExpensesNet": -13538000,
        "incomeBeforeTax": -7323000,
        "incomeBeforeTaxRatio": -0.0097920051,
        "incomeTaxExpense": -7692000,
        "netIncome": -335000,
        "netIncomeRatio": -0.0004479478,
        "eps": -0.0023,
        "epsdiluted": -0.0023,
        "weightedAverageShsOut": 143760000,
        "weightedAverageShsOutDil": 144006000,
        "link": "https://www.sec.gov/Archives/edgar/data/71691/000110465908030806/0001104659-08-030806-index.htm",
        "finalLink": "https://www.sec.gov/Archives/edgar/data/71691/000110465908030806/a08-11702_110q.htm"
    },
    {
        "date": "2007-12-31",
        "symbol": "NYT",
        "reportedCurrency": "USD",
        "cik": "0000071691",
        "fillingDate": "2008-02-26",
        "acceptedDate": "2008-02-26 17:20:09",
        "calendarYear": "2007",
        "period": "Q4",
        "revenue": 865755000,
        "costOfRevenue": 338187000,
        "grossProfit": 527568000,
        "grossProfitRatio": 0.6093733216,
        "researchAndDevelopmentExpenses": 0,
        "generalAndAdministrativeExpenses": 0,
        "sellingAndMarketingExpenses": 0,
        "sellingGeneralAndAdministrativeExpenses": 368368000,
        "otherExpenses": 57690000,
        "operatingExpenses": 426058000,
        "costAndExpenses": 764245000,
        "interestIncome": 0,
        "interestExpense": 32119000,
        "depreciationAndAmortization": 46690000,
        "ebitda": 148200000,
        "ebitdaratio": 0.1711800683,
        "operatingIncome": 101510000,
        "operatingIncomeRatio": 0.1172502613,
        "totalOtherIncomeExpensesNet": -21540000,
        "incomeBeforeTax": 79970000,
        "incomeBeforeTaxRatio": 0.0923702433,
        "incomeTaxExpense": 27396000,
        "netIncome": 52995000,
        "netIncomeRatio": 0.0612124677,
        "eps": 0.37,
        "epsdiluted": 0.37,
        "weightedAverageShsOut": 143853000,
        "weightedAverageShsOutDil": 144100000,
        "link": "https://www.sec.gov/Archives/edgar/data/71691/000110465908012938/0001104659-08-012938-index.htm",
        "finalLink": "https://www.sec.gov/Archives/edgar/data/71691/000110465908012938/a08-3879_210k.htm"
    },
    {
        "date": "2007-09-30",
        "symbol": "NYT",
        "reportedCurrency": "USD",
        "cik": "0000071691",
        "fillingDate": "2007-11-08",
        "acceptedDate": "2007-11-08 12:17:55",
        "calendarYear": "2007",
        "period": "Q3",
        "revenue": 754359000,
        "costOfRevenue": 331962000,
        "grossProfit": 422397000,
        "grossProfitRatio": 0.5599416193,
        "researchAndDevelopmentExpenses": 0,
        "generalAndAdministrativeExpenses": -122540000,
        "sellingAndMarketingExpenses": 0,
        "sellingGeneralAndAdministrativeExpenses": 342503000,
        "otherExpenses": 51789000,
        "operatingExpenses": 394292000,
        "costAndExpenses": 726254000,
        "interestIncome": 0,
        "interestExpense": 5675000,
        "depreciationAndAmortization": 51789000,
        "ebitda": 79894000,
        "ebitdaratio": 0.1059097857,
        "operatingIncome": 28105000,
        "operatingIncomeRatio": 0.0372567968,
        "totalOtherIncomeExpensesNet": -5058000,
        "incomeBeforeTax": 23047000,
        "incomeBeforeTaxRatio": 0.0305517665,
        "incomeTaxExpense": 8991000,
        "netIncome": 13439000,
        "netIncomeRatio": 0.0178151252,
        "eps": 0.09,
        "epsdiluted": 0.09,
        "weightedAverageShsOut": 143902000,
        "weightedAverageShsOutDil": 144112000,
        "link": "https://www.sec.gov/Archives/edgar/data/71691/000110465907081029/0001104659-07-081029-index.htm",
        "finalLink": "https://www.sec.gov/Archives/edgar/data/71691/000110465907081029/a07-26069_110q.htm"
    },
    {
        "date": "2007-07-01",
        "symbol": "NYT",
        "reportedCurrency": "USD",
        "cik": "0000071691",
        "fillingDate": "2007-08-09",
        "acceptedDate": "2007-08-09 16:51:54",
        "calendarYear": "2007",
        "period": "Q2",
        "revenue": 788943000,
        "costOfRevenue": 325922000,
        "grossProfit": 463021000,
        "grossProfitRatio": 0.5868877726,
        "researchAndDevelopmentExpenses": 0,
        "generalAndAdministrativeExpenses": -163986000,
        "sellingAndMarketingExpenses": 0,
        "sellingGeneralAndAdministrativeExpenses": 344481000,
        "otherExpenses": 75223000,
        "operatingExpenses": 419704000,
        "costAndExpenses": 745626000,
        "interestIncome": 0,
        "interestExpense": 0,
        "depreciationAndAmortization": 46645000,
        "ebitda": 89962000,
        "ebitdaratio": 0.1140285166,
        "operatingIncome": 43317000,
        "operatingIncomeRatio": 0.0549051072,
        "totalOtherIncomeExpensesNet": -2381000,
        "incomeBeforeTax": 40936000,
        "incomeBeforeTaxRatio": 0.0518871452,
        "incomeTaxExpense": 18851000,
        "netIncome": 118368000,
        "netIncomeRatio": 0.1500336526,
        "eps": 0.82,
        "epsdiluted": 0.82,
        "weightedAverageShsOut": 143906000,
        "weightedAverageShsOutDil": 144114000,
        "link": "https://www.sec.gov/Archives/edgar/data/71691/000110465907060987/0001104659-07-060987-index.htm",
        "finalLink": "https://www.sec.gov/Archives/edgar/data/71691/000110465907060987/a07-21269_110q.htm"
    },
    {
        "date": "2007-04-01",
        "symbol": "NYT",
        "reportedCurrency": "USD",
        "cik": "0000071691",
        "fillingDate": "2007-05-10",
        "acceptedDate": "2007-05-10 14:02:34",
        "calendarYear": "2007",
        "period": "Q1",
        "revenue": 786020000,
        "costOfRevenue": 345025000,
        "grossProfit": 440995000,
        "grossProfitRatio": 0.5610480649,
        "researchAndDevelopmentExpenses": 0,
        "generalAndAdministrativeExpenses": -162854000,
        "sellingAndMarketingExpenses": 0,
        "sellingGeneralAndAdministrativeExpenses": 342061000,
        "otherExpenses": 44437000,
        "operatingExpenses": 386498000,
        "costAndExpenses": 731523000,
        "interestIncome": 0,
        "interestExpense": 9696000,
        "depreciationAndAmortization": 44437000,
        "ebitda": 98934000,
        "ebitdaratio": 0.1258670263,
        "operatingIncome": 54497000,
        "operatingIncomeRatio": 0.0693328414,
        "totalOtherIncomeExpensesNet": -13481000,
        "incomeBeforeTax": 41016000,
        "incomeBeforeTaxRatio": 0.0521818783,
        "incomeTaxExpense": 20899000,
        "netIncome": 23902000,
        "netIncomeRatio": 0.0304088954,
        "eps": 0.17,
        "epsdiluted": 0.17,
        "weightedAverageShsOut": 143905000,
        "weightedAverageShsOutDil": 144077000,
        "link": "https://www.sec.gov/Archives/edgar/data/71691/000110465907038137/0001104659-07-038137-index.htm",
        "finalLink": "https://www.sec.gov/Archives/edgar/data/71691/000110465907038137/a07-10623_110q.htm"
    },
    {
        "date": "2006-12-31",
        "symbol": "NYT",
        "reportedCurrency": "USD",
        "cik": "0000071691",
        "fillingDate": "2007-03-01",
        "acceptedDate": "2007-03-01 17:16:39",
        "calendarYear": "2006",
        "period": "Q4",
        "revenue": 930863000,
        "costOfRevenue": 419373000,
        "grossProfit": 511490000,
        "grossProfitRatio": 0.5494793541,
        "researchAndDevelopmentExpenses": 0,
        "generalAndAdministrativeExpenses": 503780000,
        "sellingAndMarketingExpenses": 0,
        "sellingGeneralAndAdministrativeExpenses": 392611000,
        "otherExpenses": 814433000,
        "operatingExpenses": 1207044000,
        "costAndExpenses": 1626417000,
        "interestIncome": 0,
        "interestExpense": 0,
        "depreciationAndAmortization": 0,
        "ebitda": -695554000,
        "ebitdaratio": -0.7472141443,
        "operatingIncome": -695554000,
        "operatingIncomeRatio": -0.7472141443,
        "totalOtherIncomeExpensesNet": -10371000,
        "incomeBeforeTax": -705925000,
        "incomeBeforeTaxRatio": -0.7583554186,
        "incomeTaxExpense": -39598000,
        "netIncome": -653734000,
        "netIncomeRatio": -0.7022880918,
        "eps": -4.54,
        "epsdiluted": -4.52,
        "weightedAverageShsOut": 143907000,
        "weightedAverageShsOutDil": 144600000,
        "link": "https://www.sec.gov/Archives/edgar/data/71691/000110465907015629/0001104659-07-015629-index.htm",
        "finalLink": "https://www.sec.gov/Archives/edgar/data/71691/000110465907015629/a07-2276_410k.htm"
    },
    {
        "date": "2006-09-24",
        "symbol": "NYT",
        "reportedCurrency": "USD",
        "cik": "0000071691",
        "fillingDate": "2006-11-03",
        "acceptedDate": "2006-11-03 17:12:25",
        "calendarYear": "2006",
        "period": "Q3",
        "revenue": 739586000,
        "costOfRevenue": 344098000,
        "grossProfit": 395488000,
        "grossProfitRatio": 0.5347424099,
        "researchAndDevelopmentExpenses": 0,
        "generalAndAdministrativeExpenses": -108934000,
        "sellingAndMarketingExpenses": 0,
        "sellingGeneralAndAdministrativeExpenses": 340927000,
        "otherExpenses": 36676000,
        "operatingExpenses": 377603000,
        "costAndExpenses": 721701000,
        "interestIncome": 0,
        "interestExpense": 1362000,
        "depreciationAndAmortization": 36676000,
        "ebitda": 13128000,
        "ebitdaratio": 0.0177504712,
        "operatingIncome": 17885000,
        "operatingIncomeRatio": 0.024182448,
        "totalOtherIncomeExpensesNet": -5919000,
        "incomeBeforeTax": 14557000,
        "incomeBeforeTaxRatio": 0.0196826333,
        "incomeTaxExpense": 5091000,
        "netIncome": 14023000,
        "netIncomeRatio": 0.0189606077,
        "eps": 0.09,
        "epsdiluted": 0.09,
        "weightedAverageShsOut": 144454000,
        "weightedAverageShsOutDil": 144568000,
        "link": "https://www.sec.gov/Archives/edgar/data/71691/000110465906071269/0001104659-06-071269-index.htm",
        "finalLink": "https://www.sec.gov/Archives/edgar/data/71691/000110465906071269/a06-19898_110q.htm"
    },
    {
        "date": "2006-06-25",
        "symbol": "NYT",
        "reportedCurrency": "USD",
        "cik": "0000071691",
        "fillingDate": "2006-08-04",
        "acceptedDate": "2006-08-04 15:46:59",
        "calendarYear": "2006",
        "period": "Q2",
        "revenue": 858748000,
        "costOfRevenue": 354329000,
        "grossProfit": 465307000,
        "grossProfitRatio": 0.5418434745,
        "researchAndDevelopmentExpenses": 0,
        "generalAndAdministrativeExpenses": -209881000,
        "sellingAndMarketingExpenses": 0,
        "sellingGeneralAndAdministrativeExpenses": 343504000,
        "otherExpenses": 35560000,
        "operatingExpenses": 379064000,
        "costAndExpenses": 733393000,
        "interestIncome": 0,
        "interestExpense": 4220000,
        "depreciationAndAmortization": 35560000,
        "ebitda": 90303000,
        "ebitdaratio": 0.1051565768,
        "operatingIncome": 86243000,
        "operatingIncomeRatio": 0.1004287637,
        "totalOtherIncomeExpensesNet": -4464000,
        "incomeBeforeTax": 94609000,
        "incomeBeforeTaxRatio": 0.1101708534,
        "incomeTaxExpense": 33540000,
        "netIncome": 61313000,
        "netIncomeRatio": 0.0713981284,
        "eps": 0.41,
        "epsdiluted": 0.41,
        "weightedAverageShsOut": 144792000,
        "weightedAverageShsOutDil": 144943000,
        "link": "https://www.sec.gov/Archives/edgar/data/71691/000110465906051569/0001104659-06-051569-index.htm",
        "finalLink": "https://www.sec.gov/Archives/edgar/data/71691/000110465906051569/a06-15582_110q.htm"
    },
    {
        "date": "2006-03-26",
        "symbol": "NYT",
        "reportedCurrency": "USD",
        "cik": "0000071691",
        "fillingDate": "2006-05-05",
        "acceptedDate": "2006-05-05 17:23:16",
        "calendarYear": "2006",
        "period": "Q1",
        "revenue": 831772000,
        "costOfRevenue": 356746000,
        "grossProfit": 442451000,
        "grossProfitRatio": 0.5319378387,
        "researchAndDevelopmentExpenses": 0,
        "generalAndAdministrativeExpenses": -184965000,
        "sellingAndMarketingExpenses": 0,
        "sellingGeneralAndAdministrativeExpenses": 346510000,
        "otherExpenses": 35476000,
        "operatingExpenses": 381986000,
        "costAndExpenses": 738732000,
        "interestIncome": 0,
        "interestExpense": 10464000,
        "depreciationAndAmortization": 35476000,
        "ebitda": 66309000,
        "ebitdaratio": 0.0797201637,
        "operatingIncome": 60465000,
        "operatingIncomeRatio": 0.0726941999,
        "totalOtherIncomeExpensesNet": -10557000,
        "incomeBeforeTax": 57719000,
        "incomeBeforeTaxRatio": 0.0693928144,
        "incomeTaxExpense": 22857000,
        "netIncome": 34955000,
        "netIncomeRatio": 0.0420247375,
        "eps": 0.22,
        "epsdiluted": 0.22,
        "weightedAverageShsOut": 145165000,
        "weightedAverageShsOutDil": 145361000,
        "link": "https://www.sec.gov/Archives/edgar/data/71691/000110465906031656/0001104659-06-031656-index.htm",
        "finalLink": "https://www.sec.gov/Archives/edgar/data/71691/000110465906031656/a06-9726_110q.htm"
    },
    {
        "date": "2005-12-31",
        "symbol": "NYT",
        "reportedCurrency": "USD",
        "cik": "0000071691",
        "fillingDate": "2006-02-23",
        "acceptedDate": "2006-02-23 17:27:09",
        "calendarYear": "2005",
        "period": "Q4",
        "revenue": 931040000,
        "costOfRevenue": 401745000,
        "grossProfit": 529295000,
        "grossProfitRatio": 0.5684986682,
        "researchAndDevelopmentExpenses": 0,
        "generalAndAdministrativeExpenses": 0,
        "sellingAndMarketingExpenses": 0,
        "sellingGeneralAndAdministrativeExpenses": 407934000,
        "otherExpenses": 0,
        "operatingExpenses": 407934000,
        "costAndExpenses": 809679000,
        "interestIncome": 0,
        "interestExpense": 14817000,
        "depreciationAndAmortization": 0,
        "ebitda": 121361000,
        "ebitdaratio": 0.1303499313,
        "operatingIncome": 121361000,
        "operatingIncomeRatio": 0.1303499313,
        "totalOtherIncomeExpensesNet": -8821000,
        "incomeBeforeTax": 112540000,
        "incomeBeforeTaxRatio": 0.12087558,
        "incomeTaxExpense": 41736000,
        "netIncome": 64808000,
        "netIncomeRatio": 0.0696081801,
        "eps": 0.43,
        "epsdiluted": 0.43,
        "weightedAverageShsOut": 145155000,
        "weightedAverageShsOutDil": 145400000,
        "link": "https://www.sec.gov/Archives/edgar/data/71691/000104746906002366/0001047469-06-002366-index.htm",
        "finalLink": "https://www.sec.gov/Archives/edgar/data/71691/000104746906002366/a2167394z10-k.htm"
    },
    {
        "date": "2005-09-25",
        "symbol": "NYT",
        "reportedCurrency": "USD",
        "cik": "0000071691",
        "fillingDate": "2005-11-04",
        "acceptedDate": "2005-11-04 16:39:36",
        "calendarYear": "2005",
        "period": "Q3",
        "revenue": 791083000,
        "costOfRevenue": 364968000,
        "grossProfit": 392835000,
        "grossProfitRatio": 0.4965787408,
        "researchAndDevelopmentExpenses": 0,
        "generalAndAdministrativeExpenses": -155052000,
        "sellingAndMarketingExpenses": 0,
        "sellingGeneralAndAdministrativeExpenses": 353448000,
        "otherExpenses": 0,
        "operatingExpenses": 353448000,
        "costAndExpenses": 718416000,
        "interestIncome": 0,
        "interestExpense": 5260000,
        "depreciationAndAmortization": 0,
        "ebitda": 39387000,
        "ebitdaratio": 0.0497887074,
        "operatingIncome": 39387000,
        "operatingIncomeRatio": 0.0497887074,
        "totalOtherIncomeExpensesNet": -5427000,
        "incomeBeforeTax": 39652000,
        "incomeBeforeTaxRatio": 0.0501236912,
        "incomeTaxExpense": 16738000,
        "netIncome": 23081000,
        "netIncomeRatio": 0.0291764581,
        "eps": 0.16,
        "epsdiluted": 0.16,
        "weightedAverageShsOut": 145214000,
        "weightedAverageShsOutDil": 145602000,
        "link": "https://www.sec.gov/Archives/edgar/data/71691/000110465905052730/0001104659-05-052730-index.htm",
        "finalLink": "https://www.sec.gov/Archives/edgar/data/71691/000110465905052730/a05-18515_110q.htm"
    },
    {
        "date": "2005-06-26",
        "symbol": "NYT",
        "reportedCurrency": "USD",
        "cik": "0000071691",
        "fillingDate": "2005-08-04",
        "acceptedDate": "2005-08-04 17:02:29",
        "calendarYear": "2005",
        "period": "Q2",
        "revenue": 845069000,
        "costOfRevenue": 378876000,
        "grossProfit": 466193000,
        "grossProfitRatio": 0.5516626453,
        "researchAndDevelopmentExpenses": 0,
        "generalAndAdministrativeExpenses": 0,
        "sellingAndMarketingExpenses": 0,
        "sellingGeneralAndAdministrativeExpenses": 359651000,
        "otherExpenses": 0,
        "operatingExpenses": 359651000,
        "costAndExpenses": 738527000,
        "interestIncome": 0,
        "interestExpense": 7617000,
        "depreciationAndAmortization": 0,
        "ebitda": 102154000,
        "ebitdaratio": 0.1208824368,
        "operatingIncome": 106542000,
        "operatingIncomeRatio": 0.1260749122,
        "totalOtherIncomeExpensesNet": -7456000,
        "incomeBeforeTax": 99086000,
        "incomeBeforeTaxRatio": 0.117251964,
        "incomeTaxExpense": 38110000,
        "netIncome": 60815000,
        "netIncomeRatio": 0.0719645378,
        "eps": 0.42,
        "epsdiluted": 0.42,
        "weightedAverageShsOut": 145524000,
        "weightedAverageShsOutDil": 146003000,
        "link": "https://www.sec.gov/Archives/edgar/data/71691/000110465905036541/0001104659-05-036541-index.htm",
        "finalLink": "https://www.sec.gov/Archives/edgar/data/71691/000110465905036541/a05-14166_110q.htm"
    },
    {
        "date": "2005-03-27",
        "symbol": "NYT",
        "reportedCurrency": "USD",
        "cik": "0000071691",
        "fillingDate": "2005-05-05",
        "acceptedDate": "2005-05-05 17:07:51",
        "calendarYear": "2005",
        "period": "Q1",
        "revenue": 805583000,
        "costOfRevenue": 376931000,
        "grossProfit": 428652000,
        "grossProfitRatio": 0.532101596,
        "researchAndDevelopmentExpenses": 0,
        "generalAndAdministrativeExpenses": -190253000,
        "sellingAndMarketingExpenses": 0,
        "sellingGeneralAndAdministrativeExpenses": 343526000,
        "otherExpenses": -122946000,
        "operatingExpenses": 220580000,
        "costAndExpenses": 597511000,
        "interestIncome": 0,
        "interestExpense": 13365000,
        "depreciationAndAmortization": 0,
        "ebitda": 84124000,
        "ebitdaratio": 0.1044262354,
        "operatingIncome": 208072000,
        "operatingIncomeRatio": 0.2582874763,
        "totalOtherIncomeExpensesNet": -13246000,
        "incomeBeforeTax": 194826000,
        "incomeBeforeTaxRatio": 0.2418447261,
        "incomeTaxExpense": 83658000,
        "netIncome": 111049000,
        "netIncomeRatio": 0.1378492347,
        "eps": 0.76,
        "epsdiluted": 0.76,
        "weightedAverageShsOut": 145868000,
        "weightedAverageShsOutDil": 146771000,
        "link": "https://www.sec.gov/Archives/edgar/data/71691/000104746905013562/0001047469-05-013562-index.htm",
        "finalLink": "https://www.sec.gov/Archives/edgar/data/71691/000104746905013562/a2157389z10-q.htm"
    },
    {
        "date": "2004-12-31",
        "symbol": "NYT",
        "reportedCurrency": "USD",
        "cik": "0000071691",
        "fillingDate": "2005-02-24",
        "acceptedDate": "2005-02-24 15:27:32",
        "calendarYear": "2004",
        "period": "Q4",
        "revenue": 903937000,
        "costOfRevenue": 378041000,
        "grossProfit": 525896000,
        "grossProfitRatio": 0.5817839075,
        "researchAndDevelopmentExpenses": 0,
        "generalAndAdministrativeExpenses": 428520000,
        "sellingAndMarketingExpenses": 0,
        "sellingGeneralAndAdministrativeExpenses": 341153000,
        "otherExpenses": 0,
        "operatingExpenses": 341153000,
        "costAndExpenses": 719194000,
        "interestIncome": 0,
        "interestExpense": 10468000,
        "depreciationAndAmortization": 0,
        "ebitda": 183996000,
        "ebitdaratio": 0.2035495837,
        "operatingIncome": 184743000,
        "operatingIncomeRatio": 0.2043759687,
        "totalOtherIncomeExpensesNet": -10260000,
        "incomeBeforeTax": 174483000,
        "incomeBeforeTaxRatio": 0.1930256201,
        "incomeTaxExpense": 64102000,
        "netIncome": 110173000,
        "netIncomeRatio": 0.1218812815,
        "eps": 0.75,
        "epsdiluted": 0.75,
        "weightedAverageShsOut": 145248000,
        "weightedAverageShsOutDil": 146400000,
        "link": "https://www.sec.gov/Archives/edgar/data/71691/000104746905004590/0001047469-05-004590-index.htm",
        "finalLink": "https://www.sec.gov/Archives/edgar/data/71691/000104746905004590/a2152141z10-k.htm"
    },
    {
        "date": "2004-09-26",
        "symbol": "NYT",
        "reportedCurrency": "USD",
        "cik": "0000071691",
        "fillingDate": "2004-11-05",
        "acceptedDate": "2004-11-05 13:35:48",
        "calendarYear": "2004",
        "period": "Q3",
        "revenue": 773830000,
        "costOfRevenue": 364569000,
        "grossProfit": 409261000,
        "grossProfitRatio": 0.5288771436,
        "researchAndDevelopmentExpenses": 0,
        "generalAndAdministrativeExpenses": 0,
        "sellingAndMarketingExpenses": 0,
        "sellingGeneralAndAdministrativeExpenses": 324970000,
        "otherExpenses": 0,
        "operatingExpenses": 324970000,
        "costAndExpenses": 689539000,
        "interestIncome": 0,
        "interestExpense": 4399000,
        "depreciationAndAmortization": 0,
        "ebitda": 78527000,
        "ebitdaratio": 0.1014783609,
        "operatingIncome": 84291000,
        "operatingIncomeRatio": 0.1089270253,
        "totalOtherIncomeExpensesNet": -4316000,
        "incomeBeforeTax": 79975000,
        "incomeBeforeTaxRatio": 0.1033495729,
        "incomeTaxExpense": 31620000,
        "netIncome": 48272000,
        "netIncomeRatio": 0.0623806262,
        "eps": 0.33,
        "epsdiluted": 0.33,
        "weightedAverageShsOut": 146469000,
        "weightedAverageShsOutDil": 147964000,
        "link": "https://www.sec.gov/Archives/edgar/data/71691/000110465904033849/0001104659-04-033849-index.htm",
        "finalLink": "https://www.sec.gov/Archives/edgar/data/71691/000110465904033849/a04-12322_110q.htm"
    },
    {
        "date": "2004-06-27",
        "symbol": "NYT",
        "reportedCurrency": "USD",
        "cik": "0000071691",
        "fillingDate": "2004-08-05",
        "acceptedDate": "2004-08-05 10:28:43",
        "calendarYear": "2004",
        "period": "Q2",
        "revenue": 823931000,
        "costOfRevenue": 365459000,
        "grossProfit": 458472000,
        "grossProfitRatio": 0.5564446537,
        "researchAndDevelopmentExpenses": 0,
        "generalAndAdministrativeExpenses": -224796000,
        "sellingAndMarketingExpenses": 0,
        "sellingGeneralAndAdministrativeExpenses": 326715000,
        "otherExpenses": 0,
        "operatingExpenses": 326715000,
        "costAndExpenses": 692174000,
        "interestIncome": 0,
        "interestExpense": 6542000,
        "depreciationAndAmortization": 0,
        "ebitda": 127773000,
        "ebitdaratio": 0.1550773062,
        "operatingIncome": 131757000,
        "operatingIncomeRatio": 0.1599126626,
        "totalOtherIncomeExpensesNet": -6369000,
        "incomeBeforeTax": 125388000,
        "incomeBeforeTaxRatio": 0.1521826464,
        "incomeTaxExpense": 49538000,
        "netIncome": 75677000,
        "netIncomeRatio": 0.0918487106,
        "eps": 0.51,
        "epsdiluted": 0.5,
        "weightedAverageShsOut": 148626000,
        "weightedAverageShsOutDil": 150902000,
        "link": "https://www.sec.gov/Archives/edgar/data/71691/000104746904025422/0001047469-04-025422-index.htm",
        "finalLink": "https://www.sec.gov/Archives/edgar/data/71691/000104746904025422/a2139923z10-q.htm"
    },
    {
        "date": "2004-03-28",
        "symbol": "NYT",
        "reportedCurrency": "USD",
        "cik": "0000071691",
        "fillingDate": "2004-05-05",
        "acceptedDate": "2004-05-05 17:13:05",
        "calendarYear": "2004",
        "period": "Q1",
        "revenue": 801944000,
        "costOfRevenue": 367479000,
        "grossProfit": 434465000,
        "grossProfitRatio": 0.5417647616,
        "researchAndDevelopmentExpenses": 0,
        "generalAndAdministrativeExpenses": -203724000,
        "sellingAndMarketingExpenses": 0,
        "sellingGeneralAndAdministrativeExpenses": 325303000,
        "otherExpenses": 0,
        "operatingExpenses": 325303000,
        "costAndExpenses": 692782000,
        "interestIncome": 0,
        "interestExpense": 12488000,
        "depreciationAndAmortization": 0,
        "ebitda": 109162000,
        "ebitdaratio": 0.1361217242,
        "operatingIncome": 109162000,
        "operatingIncomeRatio": 0.1361217242,
        "totalOtherIncomeExpensesNet": -12363000,
        "incomeBeforeTax": 96674000,
        "incomeBeforeTaxRatio": 0.1205495646,
        "incomeTaxExpense": 38239000,
        "netIncome": 58435000,
        "netIncomeRatio": 0.072866684,
        "eps": 0.39,
        "epsdiluted": 0.38,
        "weightedAverageShsOut": 149925000,
        "weightedAverageShsOutDil": 152460000,
        "link": "https://www.sec.gov/Archives/edgar/data/71691/000104746904016025/0001047469-04-016025-index.htm",
        "finalLink": "https://www.sec.gov/Archives/edgar/data/71691/000104746904016025/a2135664z10-q.htm"
    },
    {
        "date": "2003-12-31",
        "symbol": "NYT",
        "reportedCurrency": "USD",
        "cik": "0000071691",
        "fillingDate": "2004-02-20",
        "acceptedDate": "2004-02-20 17:29:06",
        "calendarYear": "2003",
        "period": "Q4",
        "revenue": 882282000,
        "costOfRevenue": 375433000,
        "grossProfit": 506849000,
        "grossProfitRatio": 0.5744750545,
        "researchAndDevelopmentExpenses": 0,
        "generalAndAdministrativeExpenses": -1808426000,
        "sellingAndMarketingExpenses": 0,
        "sellingGeneralAndAdministrativeExpenses": 312388000,
        "otherExpenses": 0,
        "operatingExpenses": 312388000,
        "costAndExpenses": 687821000,
        "interestIncome": 0,
        "interestExpense": 11060000,
        "depreciationAndAmortization": 0,
        "ebitda": 194461000,
        "ebitdaratio": 0.220406854,
        "operatingIncome": 194461000,
        "operatingIncomeRatio": 0.220406854,
        "totalOtherIncomeExpensesNet": -11630000,
        "incomeBeforeTax": 182831000,
        "incomeBeforeTaxRatio": 0.2072251276,
        "incomeTaxExpense": 72541000,
        "netIncome": 110860000,
        "netIncomeRatio": 0.1256514357,
        "eps": 0.73,
        "epsdiluted": 0.73,
        "weightedAverageShsOut": 149262000,
        "weightedAverageShsOutDil": 151800000,
        "link": "https://www.sec.gov/Archives/edgar/data/71691/000104746904005136/0001047469-04-005136-index.htm",
        "finalLink": "https://www.sec.gov/Archives/edgar/data/71691/000104746904005136/a2127962z10-k.htm"
    },
    {
        "date": "2003-09-28",
        "symbol": "NYT",
        "reportedCurrency": "USD",
        "cik": "0000071691",
        "fillingDate": "2003-11-05",
        "acceptedDate": "2003-11-05 16:28:11",
        "calendarYear": "2003",
        "period": "Q3",
        "revenue": 759287000,
        "costOfRevenue": 350858000,
        "grossProfit": 408429000,
        "grossProfitRatio": 0.5379112246,
        "researchAndDevelopmentExpenses": 0,
        "generalAndAdministrativeExpenses": -164693000,
        "sellingAndMarketingExpenses": 0,
        "sellingGeneralAndAdministrativeExpenses": 315692000,
        "otherExpenses": 0,
        "operatingExpenses": 315692000,
        "costAndExpenses": 666550000,
        "interestIncome": 0,
        "interestExpense": 9894000,
        "depreciationAndAmortization": 0,
        "ebitda": 91493000,
        "ebitdaratio": 0.120498573,
        "operatingIncome": 92737000,
        "operatingIncomeRatio": 0.1221369522,
        "totalOtherIncomeExpensesNet": -9894000,
        "incomeBeforeTax": 82843000,
        "incomeBeforeTaxRatio": 0.1091063063,
        "incomeTaxExpense": 32723000,
        "netIncome": 50120000,
        "netIncomeRatio": 0.0660092956,
        "eps": 0.34,
        "epsdiluted": 0.33,
        "weightedAverageShsOut": 149305000,
        "weightedAverageShsOutDil": 151606000,
        "link": "https://www.sec.gov/Archives/edgar/data/71691/000104746903036158/0001047469-03-036158-index.htm",
        "finalLink": "https://www.sec.gov/Archives/edgar/data/71691/000104746903036158/a2121902z10-q.htm"
    },
    {
        "date": "2003-06-29",
        "symbol": "NYT",
        "reportedCurrency": "USD",
        "cik": "0000071691",
        "fillingDate": "2003-08-12",
        "acceptedDate": "2003-08-12 17:25:50",
        "calendarYear": "2003",
        "period": "Q2",
        "revenue": 801891000,
        "costOfRevenue": 351046000,
        "grossProfit": 450845000,
        "grossProfitRatio": 0.5622272853,
        "researchAndDevelopmentExpenses": 0,
        "generalAndAdministrativeExpenses": -209776000,
        "sellingAndMarketingExpenses": 0,
        "sellingGeneralAndAdministrativeExpenses": 320788000,
        "otherExpenses": 0,
        "operatingExpenses": 320788000,
        "costAndExpenses": 671834000,
        "interestIncome": 0,
        "interestExpense": 9679000,
        "depreciationAndAmortization": 0,
        "ebitda": 128252000,
        "ebitdaratio": 0.159936949,
        "operatingIncome": 130057000,
        "operatingIncomeRatio": 0.1621878784,
        "totalOtherIncomeExpensesNet": -9679000,
        "incomeBeforeTax": 120378000,
        "incomeBeforeTaxRatio": 0.1501176594,
        "incomeTaxExpense": 47549000,
        "netIncome": 72829000,
        "netIncomeRatio": 0.0908215705,
        "eps": 0.48,
        "epsdiluted": 0.47,
        "weightedAverageShsOut": 150730000,
        "weightedAverageShsOutDil": 153403000,
        "link": "https://www.sec.gov/Archives/edgar/data/71691/000095013603001990/0000950136-03-001990-index.htm",
        "finalLink": "https://www.sec.gov/Archives/edgar/data/71691/000095013603001990/file001.htm"
    },
    {
        "date": "2003-03-30",
        "symbol": "NYT",
        "reportedCurrency": "USD",
        "cik": "0000071691",
        "fillingDate": "2003-05-12",
        "acceptedDate": "2003-05-12 17:21:33",
        "calendarYear": "2003",
        "period": "Q1",
        "revenue": 783740000,
        "costOfRevenue": 351458000,
        "grossProfit": 432282000,
        "grossProfitRatio": 0.5515630183,
        "researchAndDevelopmentExpenses": 0,
        "generalAndAdministrativeExpenses": -203167000,
        "sellingAndMarketingExpenses": 0,
        "sellingGeneralAndAdministrativeExpenses": 309987000,
        "otherExpenses": 0,
        "operatingExpenses": 309987000,
        "costAndExpenses": 661445000,
        "interestIncome": 0,
        "interestExpense": 8500000,
        "depreciationAndAmortization": 0,
        "ebitda": 118993000,
        "ebitdaratio": 0.1518271366,
        "operatingIncome": 122295000,
        "operatingIncomeRatio": 0.1560402685,
        "totalOtherIncomeExpensesNet": -8500000,
        "incomeBeforeTax": 113795000,
        "incomeBeforeTaxRatio": 0.145194835,
        "incomeTaxExpense": 44949000,
        "netIncome": 68846000,
        "netIncomeRatio": 0.0878429071,
        "eps": 0.45,
        "epsdiluted": 0.45,
        "weightedAverageShsOut": 151845000,
        "weightedAverageShsOutDil": 154598000,
        "link": "https://www.sec.gov/Archives/edgar/data/71691/000095013603001169/0000950136-03-001169-index.htm",
        "finalLink": "https://www.sec.gov/Archives/edgar/data/71691/000095013603001169/file001.htm"
    },
    {
        "date": "2002-12-31",
        "symbol": "NYT",
        "reportedCurrency": "USD",
        "cik": "0000071691",
        "fillingDate": "2003-02-24",
        "acceptedDate": "2003-02-24 13:27:35",
        "calendarYear": "2002",
        "period": "Q4",
        "revenue": 840198000,
        "costOfRevenue": 373870000,
        "grossProfit": 466328000,
        "grossProfitRatio": 0.5550215544,
        "researchAndDevelopmentExpenses": 0,
        "generalAndAdministrativeExpenses": -1774723000,
        "sellingAndMarketingExpenses": 0,
        "sellingGeneralAndAdministrativeExpenses": 274092000,
        "otherExpenses": 0,
        "operatingExpenses": 274092000,
        "costAndExpenses": 647962000,
        "interestIncome": 0,
        "interestExpense": 16004000,
        "depreciationAndAmortization": 0,
        "ebitda": 192236000,
        "ebitdaratio": 0.2287984499,
        "operatingIncome": 192236000,
        "operatingIncomeRatio": 0.2287984499,
        "totalOtherIncomeExpensesNet": -16004000,
        "incomeBeforeTax": 176232000,
        "incomeBeforeTaxRatio": 0.2097505588,
        "incomeTaxExpense": 68730000,
        "netIncome": 107502000,
        "netIncomeRatio": 0.1279484122,
        "eps": 0.69,
        "epsdiluted": 0.69,
        "weightedAverageShsOut": 151692000,
        "weightedAverageShsOutDil": 154700000,
        "link": "https://www.sec.gov/Archives/edgar/data/71691/000104746903006543/0001047469-03-006543-index.htm",
        "finalLink": "https://www.sec.gov/Archives/edgar/data/71691/000104746903006543/a2100471z10-k.htm"
    },
    {
        "date": "2002-09-29",
        "symbol": "NYT",
        "reportedCurrency": "USD",
        "cik": "0000071691",
        "fillingDate": "2002-11-08",
        "acceptedDate": "2002-11-08 15:08:54",
        "calendarYear": "2002",
        "period": "Q3",
        "revenue": 729501000,
        "costOfRevenue": 324736000,
        "grossProfit": 404765000,
        "grossProfitRatio": 0.5548518782,
        "researchAndDevelopmentExpenses": 0,
        "generalAndAdministrativeExpenses": -176608000,
        "sellingAndMarketingExpenses": 0,
        "sellingGeneralAndAdministrativeExpenses": 292392000,
        "otherExpenses": 0,
        "operatingExpenses": 292392000,
        "costAndExpenses": 617128000,
        "interestIncome": 0,
        "interestExpense": 15629000,
        "depreciationAndAmortization": 0,
        "ebitda": 112373000,
        "ebitdaratio": 0.1540409129,
        "operatingIncome": 112373000,
        "operatingIncomeRatio": 0.1540409129,
        "totalOtherIncomeExpensesNet": -15629000,
        "incomeBeforeTax": 96744000,
        "incomeBeforeTaxRatio": 0.1326166791,
        "incomeTaxExpense": 37730000,
        "netIncome": 59014000,
        "netIncomeRatio": 0.0808963936,
        "eps": 0.39,
        "epsdiluted": 0.38,
        "weightedAverageShsOut": 151668000,
        "weightedAverageShsOutDil": 154699000,
        "link": "https://www.sec.gov/Archives/edgar/data/71691/000091205702041540/0000912057-02-041540-index.htm",
        "finalLink": "https://www.sec.gov/Archives/edgar/data/71691/000091205702041540/a2092701z10-q.htm"
    },
    {
        "date": "2002-06-30",
        "symbol": "NYT",
        "reportedCurrency": "USD",
        "cik": "0000071691",
        "fillingDate": "2002-08-13",
        "acceptedDate": "2002-08-13 10:47:05",
        "calendarYear": "2002",
        "period": "Q2",
        "revenue": 772211000,
        "costOfRevenue": 324663000,
        "grossProfit": 447548000,
        "grossProfitRatio": 0.5795669836,
        "researchAndDevelopmentExpenses": 0,
        "generalAndAdministrativeExpenses": -207127000,
        "sellingAndMarketingExpenses": 0,
        "sellingGeneralAndAdministrativeExpenses": 305820000,
        "otherExpenses": 0,
        "operatingExpenses": 305820000,
        "costAndExpenses": 630483000,
        "interestIncome": 0,
        "interestExpense": 12612000,
        "depreciationAndAmortization": 0,
        "ebitda": 141728000,
        "ebitdaratio": 0.1835353291,
        "operatingIncome": 141728000,
        "operatingIncomeRatio": 0.1835353291,
        "totalOtherIncomeExpensesNet": -12612000,
        "incomeBeforeTax": 129116000,
        "incomeBeforeTaxRatio": 0.1672030054,
        "incomeTaxExpense": 50355000,
        "netIncome": 78761000,
        "netIncomeRatio": 0.1019941441,
        "eps": 0.52,
        "epsdiluted": 0.51,
        "weightedAverageShsOut": 151789000,
        "weightedAverageShsOutDil": 155555000,
        "link": "https://www.sec.gov/Archives/edgar/data/71691/000116923202000782/0001169232-02-000782-index.htm",
        "finalLink": "https://www.sec.gov/Archives/edgar/data/71691/000116923202000782/d51374_10q.htm"
    },
    {
        "date": "2002-03-31",
        "symbol": "NYT",
        "reportedCurrency": "USD",
        "cik": "0000071691",
        "fillingDate": "2002-05-10",
        "acceptedDate": "2002-05-10 13:59:19",
        "calendarYear": "2002",
        "period": "Q1",
        "revenue": 737097000,
        "costOfRevenue": 329363000,
        "grossProfit": 407734000,
        "grossProfitRatio": 0.5531619312,
        "researchAndDevelopmentExpenses": 0,
        "generalAndAdministrativeExpenses": 0,
        "sellingAndMarketingExpenses": 0,
        "sellingGeneralAndAdministrativeExpenses": 309203000,
        "otherExpenses": 0,
        "operatingExpenses": 309203000,
        "costAndExpenses": 638566000,
        "interestIncome": 0,
        "interestExpense": 9236000,
        "depreciationAndAmortization": 0,
        "ebitda": 97212000,
        "ebitdaratio": 0.1318849487,
        "operatingIncome": 98531000,
        "operatingIncomeRatio": 0.1336744011,
        "totalOtherIncomeExpensesNet": -9236000,
        "incomeBeforeTax": 89295000,
        "incomeBeforeTaxRatio": 0.1211441642,
        "incomeTaxExpense": 34825000,
        "netIncome": 54470000,
        "netIncomeRatio": 0.073898008,
        "eps": 0.36,
        "epsdiluted": 0.35,
        "weightedAverageShsOut": 151104000,
        "weightedAverageShsOutDil": 154249000,
        "link": "https://www.sec.gov/Archives/edgar/data/71691/000100547702002058/0001005477-02-002058-index.htm",
        "finalLink": "https://www.sec.gov/Archives/edgar/data/71691/000100547702002058/d02-37197.txt"
    },
    {
        "date": "2001-12-31",
        "symbol": "NYT",
        "reportedCurrency": "USD",
        "cik": "0000071691",
        "fillingDate": "2002-02-22",
        "acceptedDate": "2002-02-22 00:00:00",
        "calendarYear": "2001",
        "period": "Q4",
        "revenue": 780630000,
        "costOfRevenue": 343789000,
        "grossProfit": 436841000,
        "grossProfitRatio": 0.559600579,
        "researchAndDevelopmentExpenses": 0,
        "generalAndAdministrativeExpenses": 0,
        "sellingAndMarketingExpenses": 0,
        "sellingGeneralAndAdministrativeExpenses": 306394000,
        "otherExpenses": 0,
        "operatingExpenses": 306394000,
        "costAndExpenses": 650183000,
        "interestIncome": 0,
        "interestExpense": 153957000,
        "depreciationAndAmortization": 48817000,
        "ebitda": 179264000,
        "ebitdaratio": 0.2296401624,
        "operatingIncome": 130447000,
        "operatingIncomeRatio": 0.1671047743,
        "totalOtherIncomeExpensesNet": -5932000,
        "incomeBeforeTax": 124515000,
        "incomeBeforeTaxRatio": 0.1595057838,
        "incomeTaxExpense": 50429000,
        "netIncome": 74086000,
        "netIncomeRatio": 0.0949053969,
        "eps": 0.48,
        "epsdiluted": 0.48,
        "weightedAverageShsOut": 151829000,
        "weightedAverageShsOutDil": 154600000,
        "link": "https://www.sec.gov/Archives/edgar/data/71691/000100547702000811/0001005477-02-000811-index.htm",
        "finalLink": "https://www.sec.gov/Archives/edgar/data/71691/000100547702000811/d02-35767.txt"
    },
    {
        "date": "2001-09-30",
        "symbol": "NYT",
        "reportedCurrency": "USD",
        "cik": "0000071691",
        "fillingDate": "2001-11-08",
        "acceptedDate": "2001-11-08 00:00:00",
        "calendarYear": "2001",
        "period": "Q3",
        "revenue": 696893000,
        "costOfRevenue": 327872000,
        "grossProfit": 369021000,
        "grossProfitRatio": 0.5295231836,
        "researchAndDevelopmentExpenses": 0,
        "generalAndAdministrativeExpenses": 0,
        "sellingAndMarketingExpenses": 0,
        "sellingGeneralAndAdministrativeExpenses": 287760000,
        "otherExpenses": 0,
        "operatingExpenses": 287760000,
        "costAndExpenses": 615632000,
        "interestIncome": 0,
        "interestExpense": 0,
        "depreciationAndAmortization": 48340000,
        "ebitda": 129601000,
        "ebitdaratio": 0.1859697256,
        "operatingIncome": 81261000,
        "operatingIncomeRatio": 0.1166047012,
        "totalOtherIncomeExpensesNet": -7584000,
        "incomeBeforeTax": 73677000,
        "incomeBeforeTaxRatio": 0.1057221123,
        "incomeTaxExpense": 29839000,
        "netIncome": 43838000,
        "netIncomeRatio": 0.0629049223,
        "eps": 0.28,
        "epsdiluted": 0.28,
        "weightedAverageShsOut": 155853000,
        "weightedAverageShsOutDil": 158881000,
        "link": "https://www.sec.gov/Archives/edgar/data/71691/000100547701501755/0001005477-01-501755-index.htm",
        "finalLink": "https://www.sec.gov/Archives/edgar/data/71691/000100547701501755/d01-34750.txt"
    },
    {
        "date": "2001-07-01",
        "symbol": "NYT",
        "reportedCurrency": "USD",
        "cik": "0000071691",
        "fillingDate": "2001-08-15",
        "acceptedDate": "2001-08-15 00:00:00",
        "calendarYear": "2001",
        "period": "Q2",
        "revenue": 760282000,
        "costOfRevenue": 342051000,
        "grossProfit": 418231000,
        "grossProfitRatio": 0.5500998314,
        "researchAndDevelopmentExpenses": 0,
        "generalAndAdministrativeExpenses": 0,
        "sellingAndMarketingExpenses": 0,
        "sellingGeneralAndAdministrativeExpenses": 370020000,
        "otherExpenses": 0,
        "operatingExpenses": 370020000,
        "costAndExpenses": 712071000,
        "interestIncome": 0,
        "interestExpense": 0,
        "depreciationAndAmortization": 47146000,
        "ebitda": 48211000,
        "ebitdaratio": 0.0634119971,
        "operatingIncome": 48211000,
        "operatingIncomeRatio": 0.0634119971,
        "totalOtherIncomeExpensesNet": -8384000,
        "incomeBeforeTax": 39827000,
        "incomeBeforeTaxRatio": 0.05238451,
        "incomeTaxExpense": 15611000,
        "netIncome": 265474000,
        "netIncomeRatio": 0.3491783312,
        "eps": 1.67,
        "epsdiluted": 1.64,
        "weightedAverageShsOut": 158758000,
        "weightedAverageShsOutDil": 161687000,
        "link": "https://www.sec.gov/Archives/edgar/data/71691/000100547701500710/0001005477-01-500710-index.htm",
        "finalLink": "https://www.sec.gov/Archives/edgar/data/71691/000100547701500710/d01-34071.txt"
    },
    {
        "date": "2001-04-01",
        "symbol": "NYT",
        "reportedCurrency": "USD",
        "cik": "0000071691",
        "fillingDate": "2001-05-15",
        "acceptedDate": "2001-05-15 00:00:00",
        "calendarYear": "2001",
        "period": "Q1",
        "revenue": 778152000,
        "costOfRevenue": 349150000,
        "grossProfit": 429002000,
        "grossProfitRatio": 0.5513087417,
        "researchAndDevelopmentExpenses": 0,
        "generalAndAdministrativeExpenses": 0,
        "sellingAndMarketingExpenses": 0,
        "sellingGeneralAndAdministrativeExpenses": 314518000,
        "otherExpenses": 0,
        "operatingExpenses": 314518000,
        "costAndExpenses": 663668000,
        "interestIncome": 0,
        "interestExpense": 0,
        "depreciationAndAmortization": 49705000,
        "ebitda": 114484000,
        "ebitdaratio": 0.1471229271,
        "operatingIncome": 114484000,
        "operatingIncomeRatio": 0.1471229271,
        "totalOtherIncomeExpensesNet": -12649000,
        "incomeBeforeTax": 101835000,
        "incomeBeforeTaxRatio": 0.1308677482,
        "incomeTaxExpense": 41753000,
        "netIncome": 61274000,
        "netIncomeRatio": 0.0787429705,
        "eps": 0.38,
        "epsdiluted": 0.37,
        "weightedAverageShsOut": 161889000,
        "weightedAverageShsOutDil": 165109000,
        "link": "https://www.sec.gov/Archives/edgar/data/71691/000100547701003354/0001005477-01-003354-index.htm",
        "finalLink": "https://www.sec.gov/Archives/edgar/data/71691/000100547701003354/0001005477-01-003354-0001.txt"
    },
    {
        "date": "2000-12-31",
        "symbol": "NYT",
        "reportedCurrency": "USD",
        "cik": "0000071691",
        "fillingDate": "2001-02-21",
        "acceptedDate": "2001-02-21 00:00:00",
        "calendarYear": "2000",
        "period": "Q4",
        "revenue": 973645000,
        "costOfRevenue": 151093000,
        "grossProfit": 822552000,
        "grossProfitRatio": 0.8448171562,
        "researchAndDevelopmentExpenses": 0,
        "generalAndAdministrativeExpenses": 0,
        "sellingAndMarketingExpenses": 0,
        "sellingGeneralAndAdministrativeExpenses": 415656000,
        "otherExpenses": 227973000,
        "operatingExpenses": 643629000,
        "costAndExpenses": 794722000,
        "interestIncome": 0,
        "interestExpense": 0,
        "depreciationAndAmortization": 72555000,
        "ebitda": 251478000,
        "ebitdaratio": 0.2582851039,
        "operatingIncome": 178923000,
        "operatingIncomeRatio": 0.1837661571,
        "totalOtherIncomeExpensesNet": 51863000,
        "incomeBeforeTax": 230786000,
        "incomeBeforeTaxRatio": 0.2370330048,
        "incomeTaxExpense": 93017000,
        "netIncome": 137769000,
        "netIncomeRatio": 0.1414981847,
        "eps": 0.81,
        "epsdiluted": 0.81,
        "weightedAverageShsOut": 162938000,
        "weightedAverageShsOutDil": 169900000,
        "link": "https://www.sec.gov/Archives/edgar/data/71691/000100547701001357/0001005477-01-001357-index.htm",
        "finalLink": "https://www.sec.gov/Archives/edgar/data/71691/000100547701001357/0001005477-01-001357-0001.txt"
    },
    {
        "date": "2000-09-24",
        "symbol": "NYT",
        "reportedCurrency": "USD",
        "cik": "0000071691",
        "fillingDate": "2000-11-08",
        "acceptedDate": "2000-11-08 00:00:00",
        "calendarYear": "2000",
        "period": "Q3",
        "revenue": 787289000,
        "costOfRevenue": 353253000,
        "grossProfit": 434036000,
        "grossProfitRatio": 0.55130454,
        "researchAndDevelopmentExpenses": 0,
        "generalAndAdministrativeExpenses": 0,
        "sellingAndMarketingExpenses": 0,
        "sellingGeneralAndAdministrativeExpenses": 317850000,
        "otherExpenses": 0,
        "operatingExpenses": 317850000,
        "costAndExpenses": 671103000,
        "interestIncome": 0,
        "interestExpense": 0,
        "depreciationAndAmortization": 51319000,
        "ebitda": 141404000,
        "ebitdaratio": 0.1796087587,
        "operatingIncome": 116186000,
        "operatingIncomeRatio": 0.1475773191,
        "totalOtherIncomeExpensesNet": 8585000,
        "incomeBeforeTax": 124771000,
        "incomeBeforeTaxRatio": 0.1584818281,
        "incomeTaxExpense": 49806000,
        "netIncome": 74965000,
        "netIncomeRatio": 0.0952191635,
        "eps": 0.45,
        "epsdiluted": 0.44,
        "weightedAverageShsOut": 166564000,
        "weightedAverageShsOutDil": 169903000,
        "link": "https://www.sec.gov/Archives/edgar/data/71691/000100547700007632/0001005477-00-007632-index.htm",
        "finalLink": "https://www.sec.gov/Archives/edgar/data/71691/000100547700007632/0001005477-00-007632-0001.txt"
    },
    {
        "date": "2000-06-25",
        "symbol": "NYT",
        "reportedCurrency": "USD",
        "cik": "0000071691",
        "fillingDate": "2000-08-09",
        "acceptedDate": "2000-08-09 00:00:00",
        "calendarYear": "2000",
        "period": "Q2",
        "revenue": 885588000,
        "costOfRevenue": 352218000,
        "grossProfit": 505246000,
        "grossProfitRatio": 0.5705203774,
        "researchAndDevelopmentExpenses": 0,
        "generalAndAdministrativeExpenses": 0,
        "sellingAndMarketingExpenses": 0,
        "sellingGeneralAndAdministrativeExpenses": 328960000,
        "otherExpenses": 0,
        "operatingExpenses": 328960000,
        "costAndExpenses": 681178000,
        "interestIncome": 0,
        "interestExpense": 7946000,
        "depreciationAndAmortization": 52436000,
        "ebitda": 234692000,
        "ebitdaratio": 0.2650126244,
        "operatingIncome": 176286000,
        "operatingIncomeRatio": 0.1990609629,
        "totalOtherIncomeExpensesNet": -11568000,
        "incomeBeforeTax": 174310000,
        "incomeBeforeTaxRatio": 0.196829677,
        "incomeTaxExpense": 72572000,
        "netIncome": 101738000,
        "netIncomeRatio": 0.1148818638,
        "eps": 0.6,
        "epsdiluted": 0.59,
        "weightedAverageShsOut": 169501000,
        "weightedAverageShsOutDil": 173047000,
        "link": "https://www.sec.gov/Archives/edgar/data/71691/000100547700005579/0001005477-00-005579-index.htm",
        "finalLink": "https://www.sec.gov/Archives/edgar/data/71691/000100547700005579/0001005477-00-005579-0001.txt"
    },
    {
        "date": "2000-03-26",
        "symbol": "NYT",
        "reportedCurrency": "USD",
        "cik": "0000071691",
        "fillingDate": "2000-05-10",
        "acceptedDate": "2000-05-10 00:00:00",
        "calendarYear": "2000",
        "period": "Q1",
        "revenue": 797260000,
        "costOfRevenue": 346841000,
        "grossProfit": 474978000,
        "grossProfitRatio": 0.5957629882,
        "researchAndDevelopmentExpenses": 0,
        "generalAndAdministrativeExpenses": 0,
        "sellingAndMarketingExpenses": 0,
        "sellingGeneralAndAdministrativeExpenses": 324550000,
        "otherExpenses": 0,
        "operatingExpenses": 324550000,
        "costAndExpenses": 671391000,
        "interestIncome": 0,
        "interestExpense": 0,
        "depreciationAndAmortization": 51663000,
        "ebitda": 150428000,
        "ebitdaratio": 0.1886812332,
        "operatingIncome": 150428000,
        "operatingIncomeRatio": 0.1886812332,
        "totalOtherIncomeExpensesNet": -11715000,
        "incomeBeforeTax": 143218000,
        "incomeBeforeTaxRatio": 0.1796377593,
        "incomeTaxExpense": 60155000,
        "netIncome": 83063000,
        "netIncomeRatio": 0.1041855856,
        "eps": 0.48,
        "epsdiluted": 0.47,
        "weightedAverageShsOut": 172960000,
        "weightedAverageShsOutDil": 177155000,
        "link": "https://www.sec.gov/Archives/edgar/data/71691/000100547700003816/0001005477-00-003816-index.html",
        "finalLink": "https://www.sec.gov/Archives/edgar/data/71691/000100547700003816/"
    },
    {
        "date": "1999-12-31",
        "symbol": "NYT",
        "reportedCurrency": "USD",
        "cik": "0000071691",
        "fillingDate": "2000-03-14",
        "acceptedDate": "2000-03-14 00:00:00",
        "calendarYear": "1999",
        "period": "Q4",
        "revenue": 882500000,
        "costOfRevenue": 347100000,
        "grossProfit": 535400000,
        "grossProfitRatio": 0.6066855524,
        "researchAndDevelopmentExpenses": 0,
        "generalAndAdministrativeExpenses": 0,
        "sellingAndMarketingExpenses": 0,
        "sellingGeneralAndAdministrativeExpenses": 295300000,
        "otherExpenses": 51700000,
        "operatingExpenses": 347000000,
        "costAndExpenses": 694100000,
        "interestIncome": 0,
        "interestExpense": 2000000,
        "depreciationAndAmortization": 51700000,
        "ebitda": 240100000,
        "ebitdaratio": 0.2720679887,
        "operatingIncome": 188400000,
        "operatingIncomeRatio": 0.2134844193,
        "totalOtherIncomeExpensesNet": -7500000,
        "incomeBeforeTax": 180900000,
        "incomeBeforeTaxRatio": 0.2049858357,
        "incomeTaxExpense": 75600000,
        "netIncome": 105300000,
        "netIncomeRatio": 0.1193201133,
        "eps": 0.6,
        "epsdiluted": 0.6,
        "weightedAverageShsOut": 172434207,
        "weightedAverageShsOutDil": 176800000,
        "link": "https://www.sec.gov/Archives/edgar/data/71691/000100547700002185/0001005477-00-002185-index.html",
        "finalLink": "https://www.sec.gov/Archives/edgar/data/71691/000100547700002185/"
    },
    {
        "date": "1999-09-26",
        "symbol": "NYT",
        "reportedCurrency": "USD",
        "cik": "0000071691",
        "fillingDate": "1999-11-10",
        "acceptedDate": "1999-11-10 00:00:00",
        "calendarYear": "1999",
        "period": "Q3",
        "revenue": 729700000,
        "costOfRevenue": 264300000,
        "grossProfit": 465400000,
        "grossProfitRatio": 0.6377963547,
        "researchAndDevelopmentExpenses": 0,
        "generalAndAdministrativeExpenses": 0,
        "sellingAndMarketingExpenses": 0,
        "sellingGeneralAndAdministrativeExpenses": 303900000,
        "otherExpenses": 48700000,
        "operatingExpenses": 352600000,
        "costAndExpenses": 616900000,
        "interestIncome": 0,
        "interestExpense": 3200000,
        "depreciationAndAmortization": 48700000,
        "ebitda": 161500000,
        "ebitdaratio": 0.2213238317,
        "operatingIncome": 112800000,
        "operatingIncomeRatio": 0.1545840756,
        "totalOtherIncomeExpensesNet": -8100000,
        "incomeBeforeTax": 104700000,
        "incomeBeforeTaxRatio": 0.1434836234,
        "incomeTaxExpense": 44700000,
        "netIncome": 60000000,
        "netIncomeRatio": 0.0822255722,
        "eps": 0.35,
        "epsdiluted": 0.34,
        "weightedAverageShsOut": 171428571,
        "weightedAverageShsOutDil": 176470588,
        "link": "https://www.sec.gov/Archives/edgar/data/71691/000100547799005096/0001005477-99-005096-index.html",
        "finalLink": "https://www.sec.gov/Archives/edgar/data/71691/000100547799005096/"
    },
    {
        "date": "1999-06-27",
        "symbol": "NYT",
        "reportedCurrency": "USD",
        "cik": "0000071691",
        "fillingDate": "1999-08-11",
        "acceptedDate": "1999-08-11 00:00:00",
        "calendarYear": "1999",
        "period": "Q2",
        "revenue": 779400000,
        "costOfRevenue": 288600000,
        "grossProfit": 490800000,
        "grossProfitRatio": 0.6297151655,
        "researchAndDevelopmentExpenses": 0,
        "generalAndAdministrativeExpenses": 0,
        "sellingAndMarketingExpenses": 0,
        "sellingGeneralAndAdministrativeExpenses": 287300000,
        "otherExpenses": 48600000,
        "operatingExpenses": 335900000,
        "costAndExpenses": 624500000,
        "interestIncome": 0,
        "interestExpense": 6300000,
        "depreciationAndAmortization": 48600000,
        "ebitda": 203500000,
        "ebitdaratio": 0.2610982807,
        "operatingIncome": 154900000,
        "operatingIncomeRatio": 0.1987426225,
        "totalOtherIncomeExpensesNet": -9600000,
        "incomeBeforeTax": 145300000,
        "incomeBeforeTaxRatio": 0.1864254555,
        "incomeTaxExpense": 61800000,
        "netIncome": 83500000,
        "netIncomeRatio": 0.1071336926,
        "eps": 0.47,
        "epsdiluted": 0.47,
        "weightedAverageShsOut": 177659574,
        "weightedAverageShsOutDil": 177659574,
        "link": "https://www.sec.gov/Archives/edgar/data/71691/000100547799003569/0001005477-99-003569-index.html",
        "finalLink": "https://www.sec.gov/Archives/edgar/data/71691/000100547799003569/"
    },
    {
        "date": "1999-03-28",
        "symbol": "NYT",
        "reportedCurrency": "USD",
        "cik": "0000071691",
        "fillingDate": "1999-05-12",
        "acceptedDate": "1999-05-12 00:00:00",
        "calendarYear": "1999",
        "period": "Q1",
        "revenue": 695400000,
        "costOfRevenue": 343125000,
        "grossProfit": 351816000,
        "grossProfitRatio": 0.5059188956,
        "researchAndDevelopmentExpenses": 0,
        "generalAndAdministrativeExpenses": 0,
        "sellingAndMarketingExpenses": 0,
        "sellingGeneralAndAdministrativeExpenses": 280692000,
        "otherExpenses": 0,
        "operatingExpenses": 280692000,
        "costAndExpenses": 623817000,
        "interestIncome": 0,
        "interestExpense": 0,
        "depreciationAndAmortization": 48500000,
        "ebitda": 72200000,
        "ebitdaratio": 0.1038251366,
        "operatingIncome": 71124000,
        "operatingIncomeRatio": 0.1022778257,
        "totalOtherIncomeExpensesNet": 36424000,
        "incomeBeforeTax": 107500000,
        "incomeBeforeTaxRatio": 0.1545872879,
        "incomeTaxExpense": 46100000,
        "netIncome": 61400000,
        "netIncomeRatio": 0.0882945068,
        "eps": 0.34,
        "epsdiluted": 0.34,
        "weightedAverageShsOut": 180617647,
        "weightedAverageShsOutDil": 180617647,
        "link": "https://www.sec.gov/Archives/edgar/data/71691/000100547799002239/0001005477-99-002239-index.html",
        "finalLink": "https://www.sec.gov/Archives/edgar/data/71691/"
    },
    {
        "date": "1998-12-31",
        "symbol": "NYT",
        "reportedCurrency": "USD",
        "cik": "0000071691",
        "fillingDate": "1999-02-26",
        "acceptedDate": "1999-02-26 00:00:00",
        "calendarYear": "1998",
        "period": "Q4",
        "revenue": 782200000,
        "costOfRevenue": 335800000,
        "grossProfit": 446400000,
        "grossProfitRatio": 0.5706980312,
        "researchAndDevelopmentExpenses": 0,
        "generalAndAdministrativeExpenses": 0,
        "sellingAndMarketingExpenses": 0,
        "sellingGeneralAndAdministrativeExpenses": 247400000,
        "otherExpenses": 46600000,
        "operatingExpenses": 294000000,
        "costAndExpenses": 629800000,
        "interestIncome": 0,
        "interestExpense": 0,
        "depreciationAndAmortization": 46600000,
        "ebitda": 199000000,
        "ebitdaratio": 0.2544106367,
        "operatingIncome": 152400000,
        "operatingIncomeRatio": 0.1948350805,
        "totalOtherIncomeExpensesNet": -5000000,
        "incomeBeforeTax": 147400000,
        "incomeBeforeTaxRatio": 0.1884428535,
        "incomeTaxExpense": 63100000,
        "netIncome": 84300000,
        "netIncomeRatio": 0.1077729481,
        "eps": 0.45,
        "epsdiluted": 0.45,
        "weightedAverageShsOut": 182695059,
        "weightedAverageShsOutDil": 185800000,
        "link": "https://www.sec.gov/Archives/edgar/data/71691/0001005477-99-000896-index.html",
        "finalLink": "https://www.sec.gov/Archives/edgar/data/71691/0001005477-99-000896.txt"
    },
    {
        "date": "1998-09-27",
        "symbol": "NYT",
        "reportedCurrency": "USD",
        "cik": "0000071691",
        "fillingDate": "1998-11-10",
        "acceptedDate": "1998-11-10 00:00:00",
        "calendarYear": "1998",
        "period": "Q3",
        "revenue": 682700000,
        "costOfRevenue": 308900000,
        "grossProfit": 373800000,
        "grossProfitRatio": 0.5475318588,
        "researchAndDevelopmentExpenses": 0,
        "generalAndAdministrativeExpenses": 0,
        "sellingAndMarketingExpenses": 0,
        "sellingGeneralAndAdministrativeExpenses": 223600000,
        "otherExpenses": 48800000,
        "operatingExpenses": 272400000,
        "costAndExpenses": 581300000,
        "interestIncome": 0,
        "interestExpense": 0,
        "depreciationAndAmortization": 48700000,
        "ebitda": 150200000,
        "ebitdaratio": 0.2200087886,
        "operatingIncome": 101400000,
        "operatingIncomeRatio": 0.1485279039,
        "totalOtherIncomeExpensesNet": -5000000,
        "incomeBeforeTax": 96400000,
        "incomeBeforeTaxRatio": 0.1412040428,
        "incomeTaxExpense": 41400000,
        "netIncome": 55000000,
        "netIncomeRatio": 0.0805624725,
        "eps": 0.29,
        "epsdiluted": 0.29,
        "weightedAverageShsOut": 189655172,
        "weightedAverageShsOutDil": 189655172,
        "link": "https://www.sec.gov/Archives/edgar/data/71691/000104746998039822/0001047469-98-039822-index.html",
        "finalLink": "https://www.sec.gov/Archives/edgar/data/71691/"
    },
    {
        "date": "1998-06-28",
        "symbol": "NYT",
        "reportedCurrency": "USD",
        "cik": "0000071691",
        "fillingDate": "1998-08-11",
        "acceptedDate": "1998-08-11 00:00:00",
        "calendarYear": "1998",
        "period": "Q2",
        "revenue": 749200000,
        "costOfRevenue": 287500000,
        "grossProfit": 461700000,
        "grossProfitRatio": 0.6162573412,
        "researchAndDevelopmentExpenses": 0,
        "generalAndAdministrativeExpenses": 0,
        "sellingAndMarketingExpenses": 0,
        "sellingGeneralAndAdministrativeExpenses": 269600000,
        "otherExpenses": 47000000,
        "operatingExpenses": 316600000,
        "costAndExpenses": 604100000,
        "interestIncome": 0,
        "interestExpense": 0,
        "depreciationAndAmortization": 47100000,
        "ebitda": 192200000,
        "ebitdaratio": 0.2565403097,
        "operatingIncome": 145100000,
        "operatingIncomeRatio": 0.1936732515,
        "totalOtherIncomeExpensesNet": 1400000,
        "incomeBeforeTax": 146500000,
        "incomeBeforeTaxRatio": 0.1955419114,
        "incomeTaxExpense": 63800000,
        "netIncome": 75000000,
        "netIncomeRatio": 0.1001067806,
        "eps": 0.39,
        "epsdiluted": 0.38,
        "weightedAverageShsOut": 192307692,
        "weightedAverageShsOutDil": 197368421,
        "link": "https://www.sec.gov/Archives/edgar/data/71691/000104746998030403/0001047469-98-030403-index.html",
        "finalLink": "https://www.sec.gov/Archives/edgar/data/71691/"
    },
    {
        "date": "1998-03-29",
        "symbol": "NYT",
        "reportedCurrency": "USD",
        "cik": "0000071691",
        "fillingDate": "1998-05-07",
        "acceptedDate": "1998-05-07 00:00:00",
        "calendarYear": "1998",
        "period": "Q1",
        "revenue": 722600000,
        "costOfRevenue": 317500000,
        "grossProfit": 405100000,
        "grossProfitRatio": 0.5606144478,
        "researchAndDevelopmentExpenses": 0,
        "generalAndAdministrativeExpenses": 0,
        "sellingAndMarketingExpenses": 0,
        "sellingGeneralAndAdministrativeExpenses": 242900000,
        "otherExpenses": 45800000,
        "operatingExpenses": 288700000,
        "costAndExpenses": 606200000,
        "interestIncome": 0,
        "interestExpense": 0,
        "depreciationAndAmortization": 45800000,
        "ebitda": 162200000,
        "ebitdaratio": 0.2244672018,
        "operatingIncome": 116400000,
        "operatingIncomeRatio": 0.1610849709,
        "totalOtherIncomeExpensesNet": -1200000,
        "incomeBeforeTax": 115200000,
        "incomeBeforeTaxRatio": 0.1594243011,
        "incomeTaxExpense": 50600000,
        "netIncome": 64600000,
        "netIncomeRatio": 0.0893993911,
        "eps": 0.34,
        "epsdiluted": 0.33,
        "weightedAverageShsOut": 190000000,
        "weightedAverageShsOutDil": 195757576,
        "link": "https://www.sec.gov/Archives/edgar/data/71691/000104746998018519/0001047469-98-018519-index.html",
        "finalLink": "https://www.sec.gov/Archives/edgar/data/71691/"
    },
    {
        "date": "1997-12-31",
        "symbol": "NYT",
        "reportedCurrency": "USD",
        "cik": "0000071691",
        "fillingDate": "1998-03-02",
        "acceptedDate": "1998-03-02 00:00:00",
        "calendarYear": "1997",
        "period": "Q4",
        "revenue": 768400000,
        "costOfRevenue": 325400000,
        "grossProfit": 443000000,
        "grossProfitRatio": 0.5765226445,
        "researchAndDevelopmentExpenses": 0,
        "generalAndAdministrativeExpenses": 0,
        "sellingAndMarketingExpenses": 0,
        "sellingGeneralAndAdministrativeExpenses": 262800000,
        "otherExpenses": 45200000,
        "operatingExpenses": 308000000,
        "costAndExpenses": 633400000,
        "interestIncome": 0,
        "interestExpense": 0,
        "depreciationAndAmortization": 45200000,
        "ebitda": 180200000,
        "ebitdaratio": 0.2345132743,
        "operatingIncome": 135000000,
        "operatingIncomeRatio": 0.1756897449,
        "totalOtherIncomeExpensesNet": 6200000,
        "incomeBeforeTax": 141200000,
        "incomeBeforeTaxRatio": 0.1837584591,
        "incomeTaxExpense": 61900000,
        "netIncome": 79300000,
        "netIncomeRatio": 0.1032014576,
        "eps": 0.4,
        "epsdiluted": 0.4,
        "weightedAverageShsOut": 197000000,
        "weightedAverageShsOutDil": 197000000,
        "link": "https://www.sec.gov/Archives/edgar/data/71691/000104746998008282/0001047469-98-008282-index.html",
        "finalLink": "https://www.sec.gov/Archives/edgar/data/71691/"
    },
    {
        "date": "1997-09-28",
        "symbol": "NYT",
        "reportedCurrency": "USD",
        "cik": "0000071691",
        "fillingDate": "1997-11-12",
        "acceptedDate": "1997-11-12 00:00:00",
        "calendarYear": "1997",
        "period": "Q3",
        "revenue": 683600000,
        "costOfRevenue": 305300000,
        "grossProfit": 378300000,
        "grossProfitRatio": 0.5533937975,
        "researchAndDevelopmentExpenses": 0,
        "generalAndAdministrativeExpenses": 0,
        "sellingAndMarketingExpenses": 0,
        "sellingGeneralAndAdministrativeExpenses": 242200000,
        "otherExpenses": 44700000,
        "operatingExpenses": 286900000,
        "costAndExpenses": 592200000,
        "interestIncome": 0,
        "interestExpense": 5000000,
        "depreciationAndAmortization": 44700000,
        "ebitda": 136100000,
        "ebitdaratio": 0.1990930369,
        "operatingIncome": 91400000,
        "operatingIncomeRatio": 0.1337039204,
        "totalOtherIncomeExpensesNet": -8400000,
        "incomeBeforeTax": 83000000,
        "incomeBeforeTaxRatio": 0.1214160328,
        "incomeTaxExpense": 36800000,
        "netIncome": 46200000,
        "netIncomeRatio": 0.0675833821,
        "eps": 0.23,
        "epsdiluted": 0.23,
        "weightedAverageShsOut": 200869565,
        "weightedAverageShsOutDil": 200869565,
        "link": "https://www.sec.gov/Archives/edgar/data/71691/000104746997003663/0001047469-97-003663-index.html",
        "finalLink": "https://www.sec.gov/Archives/edgar/data/71691/"
    },
    {
        "date": "1997-06-29",
        "symbol": "NYT",
        "reportedCurrency": "USD",
        "cik": "0000071691",
        "fillingDate": "1997-08-11",
        "acceptedDate": "1997-08-11 00:00:00",
        "calendarYear": "1997",
        "period": "Q2",
        "revenue": 721900000,
        "costOfRevenue": 292300000,
        "grossProfit": 429600000,
        "grossProfitRatio": 0.5950962737,
        "researchAndDevelopmentExpenses": 0,
        "generalAndAdministrativeExpenses": 0,
        "sellingAndMarketingExpenses": 0,
        "sellingGeneralAndAdministrativeExpenses": 258700000,
        "otherExpenses": 43600000,
        "operatingExpenses": 302300000,
        "costAndExpenses": 594600000,
        "interestIncome": 0,
        "interestExpense": 5200000,
        "depreciationAndAmortization": 43600000,
        "ebitda": 170900000,
        "ebitdaratio": 0.2367363901,
        "operatingIncome": 127300000,
        "operatingIncomeRatio": 0.1763402133,
        "totalOtherIncomeExpensesNet": -8300000,
        "incomeBeforeTax": 119000000,
        "incomeBeforeTaxRatio": 0.164842776,
        "incomeTaxExpense": 34100000,
        "netIncome": 84900000,
        "netIncomeRatio": 0.1176063167,
        "eps": 0.43,
        "epsdiluted": 0.43,
        "weightedAverageShsOut": 197441860,
        "weightedAverageShsOutDil": 197441860,
        "link": "https://www.sec.gov/Archives/edgar/data/71691/000091205797026991/0000912057-97-026991-index.html",
        "finalLink": "https://www.sec.gov/Archives/edgar/data/71691/"
    },
    {
        "date": "1997-05-02",
        "symbol": "NYT",
        "reportedCurrency": "USD",
        "cik": "0000071691",
        "fillingDate": "1997-05-12",
        "acceptedDate": "1997-05-12 00:00:00",
        "calendarYear": "1997",
        "period": "Q1",
        "revenue": 692500000,
        "costOfRevenue": 300900000,
        "grossProfit": 391600000,
        "grossProfitRatio": 0.5654873646,
        "researchAndDevelopmentExpenses": 0,
        "generalAndAdministrativeExpenses": 0,
        "sellingAndMarketingExpenses": 0,
        "sellingGeneralAndAdministrativeExpenses": 249900000,
        "otherExpenses": 40400000,
        "operatingExpenses": 290300000,
        "costAndExpenses": 591200000,
        "interestIncome": 0,
        "interestExpense": 5800000,
        "depreciationAndAmortization": 40400000,
        "ebitda": 141700000,
        "ebitdaratio": 0.2046209386,
        "operatingIncome": 101300000,
        "operatingIncomeRatio": 0.1462815884,
        "totalOtherIncomeExpensesNet": -7100000,
        "incomeBeforeTax": 94200000,
        "incomeBeforeTaxRatio": 0.1360288809,
        "incomeTaxExpense": 42400000,
        "netIncome": 51800000,
        "netIncomeRatio": 0.074801444,
        "eps": 0.26,
        "epsdiluted": 0.26,
        "weightedAverageShsOut": 199230769,
        "weightedAverageShsOutDil": 199230769,
        "link": "https://www.sec.gov/Archives/edgar/data/71691/000091205797016791/0000912057-97-016791-index.html",
        "finalLink": "https://www.sec.gov/Archives/edgar/data/71691/"
    },
    {
        "date": "1996-12-31",
        "symbol": "NYT",
        "reportedCurrency": "USD",
        "cik": "0000071691",
        "fillingDate": "1997-03-28",
        "acceptedDate": "1997-03-28 00:00:00",
        "calendarYear": "1996",
        "period": "Q4",
        "revenue": 718200000,
        "costOfRevenue": 300600000,
        "grossProfit": 417600000,
        "grossProfitRatio": 0.5814536341,
        "researchAndDevelopmentExpenses": 0,
        "generalAndAdministrativeExpenses": 0,
        "sellingAndMarketingExpenses": 0,
        "sellingGeneralAndAdministrativeExpenses": 159800000,
        "otherExpenses": 37000000,
        "operatingExpenses": 196800000,
        "costAndExpenses": 497400000,
        "interestIncome": 0,
        "interestExpense": 249700000,
        "depreciationAndAmortization": 37000000,
        "ebitda": 257800000,
        "ebitdaratio": 0.3589529379,
        "operatingIncome": 220800000,
        "operatingIncomeRatio": 0.3074352548,
        "totalOtherIncomeExpensesNet": -127900000,
        "incomeBeforeTax": 92900000,
        "incomeBeforeTaxRatio": 0.1293511557,
        "incomeTaxExpense": 40200000,
        "netIncome": 52700000,
        "netIncomeRatio": 0.0733778892,
        "eps": 0.27,
        "epsdiluted": 0.27,
        "weightedAverageShsOut": 193500000,
        "weightedAverageShsOutDil": 193500000,
        "link": "https://www.sec.gov/Archives/edgar/data/71691/000091205797010816/0000912057-97-010816-index.html",
        "finalLink": "https://www.sec.gov/Archives/edgar/data/71691/"
    },
    {
        "date": "1996-09-29",
        "symbol": "NYT",
        "reportedCurrency": "USD",
        "cik": "0000071691",
        "fillingDate": "1996-11-12",
        "acceptedDate": "1996-11-12 00:00:00",
        "calendarYear": "1996",
        "period": "Q3",
        "revenue": 629000000,
        "costOfRevenue": 298400000,
        "grossProfit": 333000000,
        "grossProfitRatio": 0.5294117647,
        "researchAndDevelopmentExpenses": 0,
        "generalAndAdministrativeExpenses": 0,
        "sellingAndMarketingExpenses": 0,
        "sellingGeneralAndAdministrativeExpenses": 232100000,
        "otherExpenses": 38000000,
        "operatingExpenses": 270100000,
        "costAndExpenses": 568500000,
        "interestIncome": 0,
        "interestExpense": 0,
        "depreciationAndAmortization": 36500000,
        "ebitda": 100900000,
        "ebitdaratio": 0.1604133545,
        "operatingIncome": 62900000,
        "operatingIncomeRatio": 0.1,
        "totalOtherIncomeExpensesNet": -103300000,
        "incomeBeforeTax": -40400000,
        "incomeBeforeTaxRatio": -0.0642289348,
        "incomeTaxExpense": 7300000,
        "netIncome": -47700000,
        "netIncomeRatio": -0.0758346582,
        "eps": -0.25,
        "epsdiluted": -0.25,
        "weightedAverageShsOut": 190800000,
        "weightedAverageShsOutDil": 190800000,
        "link": "https://www.sec.gov/Archives/edgar/data/71691/000091205796025589/0000912057-96-025589-index.html",
        "finalLink": "https://www.sec.gov/Archives/edgar/data/71691/"
    },
    {
        "date": "1996-06-30",
        "symbol": "NYT",
        "reportedCurrency": "USD",
        "cik": "0000071691",
        "fillingDate": "1996-08-14",
        "acceptedDate": "1996-08-14 00:00:00",
        "calendarYear": "1996",
        "period": "Q2",
        "revenue": 645200000,
        "costOfRevenue": 297500000,
        "grossProfit": 347700000,
        "grossProfitRatio": 0.5389026658,
        "researchAndDevelopmentExpenses": 0,
        "generalAndAdministrativeExpenses": 0,
        "sellingAndMarketingExpenses": 0,
        "sellingGeneralAndAdministrativeExpenses": 221200000,
        "otherExpenses": 36300000,
        "operatingExpenses": 257500000,
        "costAndExpenses": 555000000,
        "interestIncome": 0,
        "interestExpense": 1500000,
        "depreciationAndAmortization": 36300000,
        "ebitda": 126500000,
        "ebitdaratio": 0.1960632362,
        "operatingIncome": 90200000,
        "operatingIncomeRatio": 0.1398016119,
        "totalOtherIncomeExpensesNet": -3700000,
        "incomeBeforeTax": 86500000,
        "incomeBeforeTaxRatio": 0.134066956,
        "incomeTaxExpense": 39700000,
        "netIncome": 46800000,
        "netIncomeRatio": 0.0725356479,
        "eps": 0.24,
        "epsdiluted": 0.24,
        "weightedAverageShsOut": 195000000,
        "weightedAverageShsOutDil": 195000000,
        "link": "https://www.sec.gov/Archives/edgar/data/71691/000095011296002821/0000950112-96-002821-index.html",
        "finalLink": "https://www.sec.gov/Archives/edgar/data/71691/"
    },
    {
        "date": "1996-03-31",
        "symbol": "NYT",
        "reportedCurrency": "USD",
        "cik": "0000071691",
        "fillingDate": "1996-05-01",
        "acceptedDate": "1996-05-01 00:00:00",
        "calendarYear": "1996",
        "period": "Q1",
        "revenue": 622500000,
        "costOfRevenue": 306800000,
        "grossProfit": 315700000,
        "grossProfitRatio": 0.5071485944,
        "researchAndDevelopmentExpenses": 0,
        "generalAndAdministrativeExpenses": 0,
        "sellingAndMarketingExpenses": 0,
        "sellingGeneralAndAdministrativeExpenses": 219400000,
        "otherExpenses": 35600000,
        "operatingExpenses": 255000000,
        "costAndExpenses": 561800000,
        "interestIncome": 0,
        "interestExpense": 0,
        "depreciationAndAmortization": 35600000,
        "ebitda": 96300000,
        "ebitdaratio": 0.1546987952,
        "operatingIncome": 60700000,
        "operatingIncomeRatio": 0.0975100402,
        "totalOtherIncomeExpensesNet": -1800000,
        "incomeBeforeTax": 58900000,
        "incomeBeforeTaxRatio": 0.0946184739,
        "incomeTaxExpense": 26200000,
        "netIncome": 32700000,
        "netIncomeRatio": 0.0525301205,
        "eps": 0.17,
        "epsdiluted": 0.17,
        "weightedAverageShsOut": 192352941,
        "weightedAverageShsOutDil": 192352941,
        "link": "https://www.sec.gov/Archives/edgar/data/71691/000095011296001299/0000950112-96-001299-index.html",
        "finalLink": "https://www.sec.gov/Archives/edgar/data/71691/"
    },
    {
        "date": "1995-12-31",
        "symbol": "NYT",
        "reportedCurrency": "USD",
        "cik": "0000071691",
        "fillingDate": "1996-03-11",
        "acceptedDate": "1996-03-11 00:00:00",
        "calendarYear": "1995",
        "period": "Q4",
        "revenue": 655100000,
        "costOfRevenue": 327500000,
        "grossProfit": 327600000,
        "grossProfitRatio": 0.5000763242,
        "researchAndDevelopmentExpenses": 0,
        "generalAndAdministrativeExpenses": 0,
        "sellingAndMarketingExpenses": 0,
        "sellingGeneralAndAdministrativeExpenses": 248700000,
        "otherExpenses": 29700000,
        "operatingExpenses": 278400000,
        "costAndExpenses": 605900000,
        "interestIncome": 0,
        "interestExpense": 0,
        "depreciationAndAmortization": 29700000,
        "ebitda": 78900000,
        "ebitdaratio": 0.1204396275,
        "operatingIncome": 49200000,
        "operatingIncomeRatio": 0.0751030377,
        "totalOtherIncomeExpensesNet": 0,
        "incomeBeforeTax": 49200000,
        "incomeBeforeTaxRatio": 0.0751030377,
        "incomeTaxExpense": 16100000,
        "netIncome": 33100000,
        "netIncomeRatio": 0.0505266372,
        "eps": 0.17,
        "epsdiluted": 0.17,
        "weightedAverageShsOut": 192352941,
        "weightedAverageShsOutDil": 192352941,
        "link": "https://www.sec.gov/Archives/edgar/data/71691/000095011296000742/0000950112-96-000742-index.html",
        "finalLink": "https://www.sec.gov/Archives/edgar/data/71691/"
    },
    {
        "date": "1995-09-30",
        "symbol": "NYT",
        "reportedCurrency": "USD",
        "cik": "0000071691",
        "fillingDate": "1995-11-13",
        "acceptedDate": "1995-11-13 00:00:00",
        "calendarYear": "1995",
        "period": "Q3",
        "revenue": 572700000,
        "costOfRevenue": 285700000,
        "grossProfit": 287000000,
        "grossProfitRatio": 0.5011349747,
        "researchAndDevelopmentExpenses": 0,
        "generalAndAdministrativeExpenses": 0,
        "sellingAndMarketingExpenses": 0,
        "sellingGeneralAndAdministrativeExpenses": 209700000,
        "otherExpenses": 37100000,
        "operatingExpenses": 246800000,
        "costAndExpenses": 532500000,
        "interestIncome": 0,
        "interestExpense": 0,
        "depreciationAndAmortization": 37000000,
        "ebitda": 77300000,
        "ebitdaratio": 0.1349746813,
        "operatingIncome": 40200000,
        "operatingIncomeRatio": 0.0701938188,
        "totalOtherIncomeExpensesNet": 10000000,
        "incomeBeforeTax": 50200000,
        "incomeBeforeTaxRatio": 0.0876549677,
        "incomeTaxExpense": 18000000,
        "netIncome": 32200000,
        "netIncomeRatio": 0.0562248996,
        "eps": 0.17,
        "epsdiluted": 0.17,
        "weightedAverageShsOut": 189411765,
        "weightedAverageShsOutDil": 189411765,
        "link": "https://www.sec.gov/Archives/edgar/data/71691/000095011295002957/0000950112-95-002957-index.html",
        "finalLink": "https://www.sec.gov/Archives/edgar/data/71691/"
    },
    {
        "date": "1995-06-30",
        "symbol": "NYT",
        "reportedCurrency": "USD",
        "cik": "0000071691",
        "fillingDate": "1995-08-10",
        "acceptedDate": "1995-08-10 00:00:00",
        "calendarYear": "1995",
        "period": "Q2",
        "revenue": 610400000,
        "costOfRevenue": 281000000,
        "grossProfit": 329400000,
        "grossProfitRatio": 0.5396461337,
        "researchAndDevelopmentExpenses": 0,
        "generalAndAdministrativeExpenses": 0,
        "sellingAndMarketingExpenses": 0,
        "sellingGeneralAndAdministrativeExpenses": 211900000,
        "otherExpenses": 35900000,
        "operatingExpenses": 247800000,
        "costAndExpenses": 528800000,
        "interestIncome": 0,
        "interestExpense": 1500000,
        "depreciationAndAmortization": 35900000,
        "ebitda": 117500000,
        "ebitdaratio": 0.1924967235,
        "operatingIncome": 81600000,
        "operatingIncomeRatio": 0.1336828309,
        "totalOtherIncomeExpensesNet": -4100000,
        "incomeBeforeTax": 77500000,
        "incomeBeforeTaxRatio": 0.126965924,
        "incomeTaxExpense": 34200000,
        "netIncome": 43300000,
        "netIncomeRatio": 0.0709370904,
        "eps": 0.23,
        "epsdiluted": 0.23,
        "weightedAverageShsOut": 188260870,
        "weightedAverageShsOutDil": 188260870,
        "link": "https://www.sec.gov/Archives/edgar/data/71691/000095011295002102/0000950112-95-002102-index.html",
        "finalLink": "https://www.sec.gov/Archives/edgar/data/71691/"
    },
    {
        "date": "1995-03-31",
        "symbol": "NYT",
        "reportedCurrency": "USD",
        "cik": "0000071691",
        "fillingDate": "1995-05-11",
        "acceptedDate": "1995-05-11 00:00:00",
        "calendarYear": "1995",
        "period": "Q1",
        "revenue": 530900000,
        "costOfRevenue": 271200000,
        "grossProfit": 259700000,
        "grossProfitRatio": 0.4891693351,
        "researchAndDevelopmentExpenses": 0,
        "generalAndAdministrativeExpenses": 0,
        "sellingAndMarketingExpenses": 0,
        "sellingGeneralAndAdministrativeExpenses": 206100000,
        "otherExpenses": 36400000,
        "operatingExpenses": 242500000,
        "costAndExpenses": 513700000,
        "interestIncome": 0,
        "interestExpense": 0,
        "depreciationAndAmortization": 36400000,
        "ebitda": 53600000,
        "ebitdaratio": 0.1009606329,
        "operatingIncome": 17200000,
        "operatingIncomeRatio": 0.032397815,
        "totalOtherIncomeExpensesNet": 34700000,
        "incomeBeforeTax": 51900000,
        "incomeBeforeTaxRatio": 0.0977585233,
        "incomeTaxExpense": 24500000,
        "netIncome": 27400000,
        "netIncomeRatio": 0.0516104728,
        "eps": 0.14,
        "epsdiluted": 0.14,
        "weightedAverageShsOut": 195714286,
        "weightedAverageShsOutDil": 195714286,
        "link": "https://www.sec.gov/Archives/edgar/data/71691/000095011295001292/0000950112-95-001292-index.html",
        "finalLink": "https://www.sec.gov/Archives/edgar/data/71691/"
    },
    {
        "date": "1994-12-31",
        "symbol": "NYT",
        "reportedCurrency": "USD",
        "cik": "0000071691",
        "fillingDate": "1995-03-09",
        "acceptedDate": "1995-03-09 00:00:00",
        "calendarYear": "1994",
        "period": "Q4",
        "revenue": 605400000,
        "costOfRevenue": 275100000,
        "grossProfit": 330300000,
        "grossProfitRatio": 0.5455896928,
        "researchAndDevelopmentExpenses": 0,
        "generalAndAdministrativeExpenses": 0,
        "sellingAndMarketingExpenses": 0,
        "sellingGeneralAndAdministrativeExpenses": 228300000,
        "otherExpenses": 40500000,
        "operatingExpenses": 268800000,
        "costAndExpenses": 543900000,
        "interestIncome": 0,
        "interestExpense": 12100000,
        "depreciationAndAmortization": 40500000,
        "ebitda": 102000000,
        "ebitdaratio": 0.1684836472,
        "operatingIncome": 61500000,
        "operatingIncomeRatio": 0.1015857284,
        "totalOtherIncomeExpensesNet": -7100000,
        "incomeBeforeTax": 54400000,
        "incomeBeforeTaxRatio": 0.0898579452,
        "incomeTaxExpense": 13800000,
        "netIncome": 40600000,
        "netIncomeRatio": 0.0670630988,
        "eps": 0.21,
        "epsdiluted": 0.21,
        "weightedAverageShsOut": 195714286,
        "weightedAverageShsOutDil": 195714286,
        "link": "https://www.sec.gov/Archives/edgar/data/71691/000095011295000622/0000950112-95-000622-index.html",
        "finalLink": "https://www.sec.gov/Archives/edgar/data/71691/"
    },
    {
        "date": "1994-09-30",
        "symbol": "NYT",
        "reportedCurrency": "USD",
        "cik": "0000071691",
        "fillingDate": "1994-11-14",
        "acceptedDate": "1994-11-14 00:00:00",
        "calendarYear": "1994",
        "period": "Q3",
        "revenue": 527200000,
        "costOfRevenue": 255900000,
        "grossProfit": 271300000,
        "grossProfitRatio": 0.5146054628,
        "researchAndDevelopmentExpenses": 0,
        "generalAndAdministrativeExpenses": 0,
        "sellingAndMarketingExpenses": 0,
        "sellingGeneralAndAdministrativeExpenses": 201900000,
        "otherExpenses": 36100000,
        "operatingExpenses": 238000000,
        "costAndExpenses": 493900000,
        "interestIncome": 0,
        "interestExpense": 0,
        "depreciationAndAmortization": 36100000,
        "ebitda": 69400000,
        "ebitdaratio": 0.1316388467,
        "operatingIncome": 33300000,
        "operatingIncomeRatio": 0.0631638847,
        "totalOtherIncomeExpensesNet": 199200000,
        "incomeBeforeTax": 232500000,
        "incomeBeforeTaxRatio": 0.4410091047,
        "incomeTaxExpense": 111900000,
        "netIncome": 120600000,
        "netIncomeRatio": 0.2287556904,
        "eps": 0.58,
        "epsdiluted": 0.58,
        "weightedAverageShsOut": 207931034,
        "weightedAverageShsOutDil": 207931034,
        "link": "https://www.sec.gov/Archives/edgar/data/71691/000095011294002899/0000950112-94-002899-index.html",
        "finalLink": "https://www.sec.gov/Archives/edgar/data/71691/"
    },
    {
        "date": "1994-06-30",
        "symbol": "NYT",
        "reportedCurrency": "USD",
        "cik": "0000071691",
        "fillingDate": "1994-08-10",
        "acceptedDate": "1994-08-10 00:00:00",
        "calendarYear": "1994",
        "period": "Q2",
        "revenue": 596700000,
        "costOfRevenue": 293000000,
        "grossProfit": 303700000,
        "grossProfitRatio": 0.5089659796,
        "researchAndDevelopmentExpenses": 0,
        "generalAndAdministrativeExpenses": 0,
        "sellingAndMarketingExpenses": 0,
        "sellingGeneralAndAdministrativeExpenses": 230400000,
        "otherExpenses": 38800000,
        "operatingExpenses": 269200000,
        "costAndExpenses": 562200000,
        "interestIncome": 0,
        "interestExpense": 0,
        "depreciationAndAmortization": 38800000,
        "ebitda": 73300000,
        "ebitdaratio": 0.1228422993,
        "operatingIncome": 34500000,
        "operatingIncomeRatio": 0.057817999,
        "totalOtherIncomeExpensesNet": 31200000,
        "incomeBeforeTax": 65700000,
        "incomeBeforeTaxRatio": 0.1101055807,
        "incomeTaxExpense": 31400000,
        "netIncome": 34300000,
        "netIncomeRatio": 0.0574828222,
        "eps": 0.16,
        "epsdiluted": 0.16,
        "weightedAverageShsOut": 214375000,
        "weightedAverageShsOutDil": 214375000,
        "link": "https://www.sec.gov/Archives/edgar/data/71691/000095011294002125/0000950112-94-002125-index.html",
        "finalLink": "https://www.sec.gov/Archives/edgar/data/71691/"
    },
    {
        "date": "1994-03-31",
        "symbol": "NYT",
        "reportedCurrency": "USD",
        "cik": "0000071691",
        "fillingDate": "1994-05-10",
        "acceptedDate": "1994-05-10 00:00:00",
        "calendarYear": "1994",
        "period": "Q1",
        "revenue": 589500000,
        "costOfRevenue": 284500000,
        "grossProfit": 305000000,
        "grossProfitRatio": 0.5173876166,
        "researchAndDevelopmentExpenses": 0,
        "generalAndAdministrativeExpenses": 0,
        "sellingAndMarketingExpenses": 0,
        "sellingGeneralAndAdministrativeExpenses": 223000000,
        "otherExpenses": 38900000,
        "operatingExpenses": 261900000,
        "costAndExpenses": 546400000,
        "interestIncome": 0,
        "interestExpense": 8700000,
        "depreciationAndAmortization": 38900000,
        "ebitda": 82000000,
        "ebitdaratio": 0.139100933,
        "operatingIncome": 43100000,
        "operatingIncomeRatio": 0.0731128075,
        "totalOtherIncomeExpensesNet": -8700000,
        "incomeBeforeTax": 34400000,
        "incomeBeforeTaxRatio": 0.0583545377,
        "incomeTaxExpense": 16700000,
        "netIncome": 17700000,
        "netIncomeRatio": 0.0300254453,
        "eps": 0.09,
        "epsdiluted": 0.09,
        "weightedAverageShsOut": 196666667,
        "weightedAverageShsOutDil": 196666667,
        "link": "https://www.sec.gov/Archives/edgar/data/71691/000095011294001225/0000950112-94-001225-index.html",
        "finalLink": "https://www.sec.gov/Archives/edgar/data/71691/"
    },
    {
        "date": "1993-12-31",
        "symbol": "NYT",
        "reportedCurrency": "USD",
        "cik": "0000071691",
        "fillingDate": "1994-03-21",
        "acceptedDate": "1994-03-21 00:00:00",
        "calendarYear": "1993",
        "period": "Q4",
        "revenue": 636100000,
        "costOfRevenue": 301600000,
        "grossProfit": 334500000,
        "grossProfitRatio": 0.5258607137,
        "researchAndDevelopmentExpenses": 0,
        "generalAndAdministrativeExpenses": 0,
        "sellingAndMarketingExpenses": 0,
        "sellingGeneralAndAdministrativeExpenses": 257500000,
        "otherExpenses": 42500000,
        "operatingExpenses": 300000000,
        "costAndExpenses": 601600000,
        "interestIncome": 0,
        "interestExpense": 55600000,
        "depreciationAndAmortization": 42500000,
        "ebitda": 77000000,
        "ebitdaratio": 0.1210501493,
        "operatingIncome": 34500000,
        "operatingIncomeRatio": 0.0542367552,
        "totalOtherIncomeExpensesNet": -55600000,
        "incomeBeforeTax": -21100000,
        "incomeBeforeTaxRatio": -0.0331708851,
        "incomeTaxExpense": 3000000,
        "netIncome": -24100000,
        "netIncomeRatio": -0.0378871247,
        "eps": -0.16,
        "epsdiluted": -0.16,
        "weightedAverageShsOut": 147000000,
        "weightedAverageShsOutDil": 150000000,
        "link": "https://www.sec.gov/Archives/edgar/data/71691/000095011294000712/0000950112-94-000712-index.html",
        "finalLink": "https://www.sec.gov/Archives/edgar/data/71691/"
    },
    {
        "date": "1993-09-30",
        "symbol": "NYT",
        "reportedCurrency": "USD",
        "cik": "0000071691",
        "fillingDate": "1993-09-30",
        "acceptedDate": "1993-09-30 00:00:00",
        "calendarYear": "1993",
        "period": "Q3",
        "revenue": 445600000,
        "costOfRevenue": 237900000,
        "grossProfit": 207700000,
        "grossProfitRatio": 0.4661131059,
        "researchAndDevelopmentExpenses": 0,
        "generalAndAdministrativeExpenses": 0,
        "sellingAndMarketingExpenses": 0,
        "sellingGeneralAndAdministrativeExpenses": 166500000,
        "otherExpenses": 29000000,
        "operatingExpenses": 195500000,
        "costAndExpenses": 433400000,
        "interestIncome": 0,
        "interestExpense": 8700000,
        "depreciationAndAmortization": 29000000,
        "ebitda": 41200000,
        "ebitdaratio": 0.092459605,
        "operatingIncome": 12200000,
        "operatingIncomeRatio": 0.0273788151,
        "totalOtherIncomeExpensesNet": -8700000,
        "incomeBeforeTax": 3500000,
        "incomeBeforeTaxRatio": 0.0078545781,
        "incomeTaxExpense": 6500000,
        "netIncome": -3000000,
        "netIncomeRatio": -0.0067324955,
        "eps": -0.02,
        "epsdiluted": -0.02,
        "weightedAverageShsOut": 150000000,
        "weightedAverageShsOutDil": 150000000,
        "link": null,
        "finalLink": null
    },
    {
        "date": "1993-06-30",
        "symbol": "NYT",
        "reportedCurrency": "USD",
        "cik": "0000071691",
        "fillingDate": "1993-06-30",
        "acceptedDate": "1993-06-30 00:00:00",
        "calendarYear": "1993",
        "period": "Q2",
        "revenue": 483600000,
        "costOfRevenue": 237200000,
        "grossProfit": 246400000,
        "grossProfitRatio": 0.5095119934,
        "researchAndDevelopmentExpenses": 0,
        "generalAndAdministrativeExpenses": 0,
        "sellingAndMarketingExpenses": 0,
        "sellingGeneralAndAdministrativeExpenses": 168500000,
        "otherExpenses": 29000000,
        "operatingExpenses": 197500000,
        "costAndExpenses": 434700000,
        "interestIncome": 0,
        "interestExpense": 5600000,
        "depreciationAndAmortization": 29000000,
        "ebitda": 77900000,
        "ebitdaratio": 0.1610835401,
        "operatingIncome": 48900000,
        "operatingIncomeRatio": 0.1011166253,
        "totalOtherIncomeExpensesNet": -5600000,
        "incomeBeforeTax": 43300000,
        "incomeBeforeTaxRatio": 0.0895368073,
        "incomeTaxExpense": 20900000,
        "netIncome": 22400000,
        "netIncomeRatio": 0.0463192721,
        "eps": 0.14,
        "epsdiluted": 0.14,
        "weightedAverageShsOut": 160000000,
        "weightedAverageShsOutDil": 160000000,
        "link": null,
        "finalLink": null
    },
    {
        "date": "1993-03-31",
        "symbol": "NYT",
        "reportedCurrency": "USD",
        "cik": "0000071691",
        "fillingDate": "1993-03-31",
        "acceptedDate": "1993-03-31 00:00:00",
        "calendarYear": "1993",
        "period": "Q1",
        "revenue": 454500000,
        "costOfRevenue": 231100000,
        "grossProfit": 223400000,
        "grossProfitRatio": 0.4915291529,
        "researchAndDevelopmentExpenses": 0,
        "generalAndAdministrativeExpenses": 0,
        "sellingAndMarketingExpenses": 0,
        "sellingGeneralAndAdministrativeExpenses": 164000000,
        "otherExpenses": 28300000,
        "operatingExpenses": 192300000,
        "costAndExpenses": 423400000,
        "interestIncome": 0,
        "interestExpense": 7400000,
        "depreciationAndAmortization": 28300000,
        "ebitda": 59400000,
        "ebitdaratio": 0.1306930693,
        "operatingIncome": 31100000,
        "operatingIncomeRatio": 0.0684268427,
        "totalOtherIncomeExpensesNet": -7400000,
        "incomeBeforeTax": 23700000,
        "incomeBeforeTaxRatio": 0.0521452145,
        "incomeTaxExpense": 12800000,
        "netIncome": 10900000,
        "netIncomeRatio": 0.0239823982,
        "eps": 0.07,
        "epsdiluted": 0.07,
        "weightedAverageShsOut": 155714286,
        "weightedAverageShsOutDil": 155714286,
        "link": null,
        "finalLink": null
    },
    {
        "date": "1992-12-31",
        "symbol": "NYT",
        "reportedCurrency": "USD",
        "cik": "0000071691",
        "fillingDate": "1992-12-31",
        "acceptedDate": "1992-12-31 00:00:00",
        "calendarYear": "1992",
        "period": "Q4",
        "revenue": 455400000,
        "costOfRevenue": 231800000,
        "grossProfit": 223600000,
        "grossProfitRatio": 0.4909969258,
        "researchAndDevelopmentExpenses": 0,
        "generalAndAdministrativeExpenses": 0,
        "sellingAndMarketingExpenses": 0,
        "sellingGeneralAndAdministrativeExpenses": 191700000,
        "otherExpenses": 27600000,
        "operatingExpenses": 219300000,
        "costAndExpenses": 451100000,
        "interestIncome": 0,
        "interestExpense": 54600000,
        "depreciationAndAmortization": 27600000,
        "ebitda": 31900000,
        "ebitdaratio": 0.0700483092,
        "operatingIncome": 4300000,
        "operatingIncomeRatio": 0.0094422486,
        "totalOtherIncomeExpensesNet": -15700000,
        "incomeBeforeTax": -11400000,
        "incomeBeforeTaxRatio": -0.0250329381,
        "incomeTaxExpense": -4800000,
        "netIncome": -40000000,
        "netIncomeRatio": -0.0878348704,
        "eps": -0.27,
        "epsdiluted": -0.26,
        "weightedAverageShsOut": 147931034,
        "weightedAverageShsOutDil": 154090909,
        "link": null,
        "finalLink": null
    },
    {
        "date": "1992-09-30",
        "symbol": "NYT",
        "reportedCurrency": "USD",
        "cik": "0000071691",
        "fillingDate": "1992-09-30",
        "acceptedDate": "1992-09-30 00:00:00",
        "calendarYear": "1992",
        "period": "Q3",
        "revenue": 429700000,
        "costOfRevenue": 228500000,
        "grossProfit": 201200000,
        "grossProfitRatio": 0.4682336514,
        "researchAndDevelopmentExpenses": 0,
        "generalAndAdministrativeExpenses": 0,
        "sellingAndMarketingExpenses": 0,
        "sellingGeneralAndAdministrativeExpenses": 162300000,
        "otherExpenses": 26700000,
        "operatingExpenses": 189000000,
        "costAndExpenses": 417500000,
        "interestIncome": 0,
        "interestExpense": 104500000,
        "depreciationAndAmortization": 26700000,
        "ebitda": 38900000,
        "ebitdaratio": 0.0905282755,
        "operatingIncome": 12200000,
        "operatingIncomeRatio": 0.0283919013,
        "totalOtherIncomeExpensesNet": -56300000,
        "incomeBeforeTax": -44100000,
        "incomeBeforeTaxRatio": -0.1026297417,
        "incomeTaxExpense": -10200000,
        "netIncome": -33900000,
        "netIncomeRatio": -0.0788922504,
        "eps": -0.22,
        "epsdiluted": -0.22,
        "weightedAverageShsOut": 154090909,
        "weightedAverageShsOutDil": 154090909,
        "link": null,
        "finalLink": null
    },
    {
        "date": "1992-06-30",
        "symbol": "NYT",
        "reportedCurrency": "USD",
        "cik": "0000071691",
        "fillingDate": "1992-06-30",
        "acceptedDate": "1992-06-30 00:00:00",
        "calendarYear": "1992",
        "period": "Q2",
        "revenue": 448000000,
        "costOfRevenue": 215900000,
        "grossProfit": 232100000,
        "grossProfitRatio": 0.5180803571,
        "researchAndDevelopmentExpenses": 0,
        "generalAndAdministrativeExpenses": 0,
        "sellingAndMarketingExpenses": 0,
        "sellingGeneralAndAdministrativeExpenses": 168000000,
        "otherExpenses": 26900000,
        "operatingExpenses": 194900000,
        "costAndExpenses": 410800000,
        "interestIncome": 0,
        "interestExpense": 8900000,
        "depreciationAndAmortization": 26900000,
        "ebitda": 64100000,
        "ebitdaratio": 0.1430803571,
        "operatingIncome": 37200000,
        "operatingIncomeRatio": 0.0830357143,
        "totalOtherIncomeExpensesNet": -8900000,
        "incomeBeforeTax": 28300000,
        "incomeBeforeTaxRatio": 0.0631696429,
        "incomeTaxExpense": 13100000,
        "netIncome": 15200000,
        "netIncomeRatio": 0.0339285714,
        "eps": 0.1,
        "epsdiluted": 0.1,
        "weightedAverageShsOut": 152000000,
        "weightedAverageShsOutDil": 152000000,
        "link": null,
        "finalLink": null
    },
    {
        "date": "1992-03-31",
        "symbol": "NYT",
        "reportedCurrency": "USD",
        "cik": "0000071691",
        "fillingDate": "1992-03-31",
        "acceptedDate": "1992-03-31 00:00:00",
        "calendarYear": "1992",
        "period": "Q1",
        "revenue": 440400000,
        "costOfRevenue": 220400000,
        "grossProfit": 220000000,
        "grossProfitRatio": 0.4995458674,
        "researchAndDevelopmentExpenses": 0,
        "generalAndAdministrativeExpenses": 0,
        "sellingAndMarketingExpenses": 0,
        "sellingGeneralAndAdministrativeExpenses": 158500000,
        "otherExpenses": 26700000,
        "operatingExpenses": 185200000,
        "costAndExpenses": 405600000,
        "interestIncome": 0,
        "interestExpense": 7900000,
        "depreciationAndAmortization": 26700000,
        "ebitda": 61500000,
        "ebitdaratio": 0.1396457766,
        "operatingIncome": 34800000,
        "operatingIncomeRatio": 0.0790190736,
        "totalOtherIncomeExpensesNet": -7900000,
        "incomeBeforeTax": 26900000,
        "incomeBeforeTaxRatio": 0.0610808356,
        "incomeTaxExpense": 13000000,
        "netIncome": 13900000,
        "netIncomeRatio": 0.0315622162,
        "eps": 0.09,
        "epsdiluted": 0.09,
        "weightedAverageShsOut": 154444444,
        "weightedAverageShsOutDil": 154444444,
        "link": null,
        "finalLink": null
    },
    {
        "date": "1991-12-31",
        "symbol": "NYT",
        "reportedCurrency": "USD",
        "cik": "0000071691",
        "fillingDate": "1991-12-31",
        "acceptedDate": "1991-12-31 00:00:00",
        "calendarYear": "1991",
        "period": "Q4",
        "revenue": 452500000,
        "costOfRevenue": 260200000,
        "grossProfit": 192300000,
        "grossProfitRatio": 0.4249723757,
        "researchAndDevelopmentExpenses": 0,
        "generalAndAdministrativeExpenses": 0,
        "sellingAndMarketingExpenses": 0,
        "sellingGeneralAndAdministrativeExpenses": 156500000,
        "otherExpenses": -15600000,
        "operatingExpenses": 140900000,
        "costAndExpenses": 401100000,
        "interestIncome": 0,
        "interestExpense": 6800000,
        "depreciationAndAmortization": -15600000,
        "ebitda": 35800000,
        "ebitdaratio": 0.0791160221,
        "operatingIncome": 51400000,
        "operatingIncomeRatio": 0.1135911602,
        "totalOtherIncomeExpensesNet": -6800000,
        "incomeBeforeTax": 44600000,
        "incomeBeforeTaxRatio": 0.0985635359,
        "incomeTaxExpense": 10000000,
        "netIncome": 34600000,
        "netIncomeRatio": 0.0764640884,
        "eps": 0.23,
        "epsdiluted": 0.23,
        "weightedAverageShsOut": 150000000,
        "weightedAverageShsOutDil": 150000000,
        "link": null,
        "finalLink": null
    },
    {
        "date": "1991-09-30",
        "symbol": "NYT",
        "reportedCurrency": "USD",
        "cik": "0000071691",
        "fillingDate": "1991-09-30",
        "acceptedDate": "1991-09-30 00:00:00",
        "calendarYear": "1991",
        "period": "Q3",
        "revenue": 393400000,
        "costOfRevenue": 209700000,
        "grossProfit": 183700000,
        "grossProfitRatio": 0.4669547534,
        "researchAndDevelopmentExpenses": 0,
        "generalAndAdministrativeExpenses": 0,
        "sellingAndMarketingExpenses": 0,
        "sellingGeneralAndAdministrativeExpenses": 145500000,
        "otherExpenses": 29200000,
        "operatingExpenses": 174700000,
        "costAndExpenses": 384400000,
        "interestIncome": 0,
        "interestExpense": 6300000,
        "depreciationAndAmortization": 29200000,
        "ebitda": 38200000,
        "ebitdaratio": 0.0971021861,
        "operatingIncome": 9000000,
        "operatingIncomeRatio": 0.0228774784,
        "totalOtherIncomeExpensesNet": -6300000,
        "incomeBeforeTax": 2700000,
        "incomeBeforeTaxRatio": 0.0068632435,
        "incomeTaxExpense": 800000,
        "netIncome": 1900000,
        "netIncomeRatio": 0.0048296899,
        "eps": 0.02,
        "epsdiluted": 0.02,
        "weightedAverageShsOut": 150000000,
        "weightedAverageShsOutDil": 150000000,
        "link": null,
        "finalLink": null
    },
    {
        "date": "1991-06-30",
        "symbol": "NYT",
        "reportedCurrency": "USD",
        "cik": "0000071691",
        "fillingDate": "1991-06-30",
        "acceptedDate": "1991-06-30 00:00:00",
        "calendarYear": "1991",
        "period": "Q2",
        "revenue": 440400000,
        "costOfRevenue": 222900000,
        "grossProfit": 217500000,
        "grossProfitRatio": 0.4938692098,
        "researchAndDevelopmentExpenses": 0,
        "generalAndAdministrativeExpenses": 0,
        "sellingAndMarketingExpenses": 0,
        "sellingGeneralAndAdministrativeExpenses": 169700000,
        "otherExpenses": 29400000,
        "operatingExpenses": 199100000,
        "costAndExpenses": 422000000,
        "interestIncome": 0,
        "interestExpense": 5600000,
        "depreciationAndAmortization": 29400000,
        "ebitda": 47800000,
        "ebitdaratio": 0.108537693,
        "operatingIncome": 18400000,
        "operatingIncomeRatio": 0.0417801998,
        "totalOtherIncomeExpensesNet": -5600000,
        "incomeBeforeTax": 12800000,
        "incomeBeforeTaxRatio": 0.0290644868,
        "incomeTaxExpense": 7400000,
        "netIncome": 5400000,
        "netIncomeRatio": 0.0122615804,
        "eps": 0.03,
        "epsdiluted": 0.03,
        "weightedAverageShsOut": 180000000,
        "weightedAverageShsOutDil": 180000000,
        "link": null,
        "finalLink": null
    },
    {
        "date": "1991-03-31",
        "symbol": "NYT",
        "reportedCurrency": "USD",
        "cik": "0000071691",
        "fillingDate": "1991-03-31",
        "acceptedDate": "1991-03-31 00:00:00",
        "calendarYear": "1991",
        "period": "Q1",
        "revenue": 416900000,
        "costOfRevenue": 226100000,
        "grossProfit": 190800000,
        "grossProfitRatio": 0.4576637083,
        "researchAndDevelopmentExpenses": 0,
        "generalAndAdministrativeExpenses": 0,
        "sellingAndMarketingExpenses": 0,
        "sellingGeneralAndAdministrativeExpenses": 146400000,
        "otherExpenses": 29400000,
        "operatingExpenses": 175800000,
        "costAndExpenses": 401900000,
        "interestIncome": 0,
        "interestExpense": 6300000,
        "depreciationAndAmortization": 29400000,
        "ebitda": 44400000,
        "ebitdaratio": 0.1065003598,
        "operatingIncome": 15000000,
        "operatingIncomeRatio": 0.0359798513,
        "totalOtherIncomeExpensesNet": -6300000,
        "incomeBeforeTax": 8700000,
        "incomeBeforeTaxRatio": 0.0208683137,
        "incomeTaxExpense": 3600000,
        "netIncome": 5100000,
        "netIncomeRatio": 0.0122331494,
        "eps": 0.04,
        "epsdiluted": 0.04,
        "weightedAverageShsOut": 127500000,
        "weightedAverageShsOutDil": 127500000,
        "link": null,
        "finalLink": null
    },
    {
        "date": "1990-12-31",
        "symbol": "NYT",
        "reportedCurrency": "USD",
        "cik": "0000071691",
        "fillingDate": "1990-12-31",
        "acceptedDate": "1990-12-31 00:00:00",
        "calendarYear": "1990",
        "period": "Q4",
        "revenue": 456000000,
        "costOfRevenue": 239500000,
        "grossProfit": 216500000,
        "grossProfitRatio": 0.4747807018,
        "researchAndDevelopmentExpenses": 0,
        "generalAndAdministrativeExpenses": 0,
        "sellingAndMarketingExpenses": 0,
        "sellingGeneralAndAdministrativeExpenses": 157600000,
        "otherExpenses": 32000000,
        "operatingExpenses": 189600000,
        "costAndExpenses": 429100000,
        "interestIncome": 0,
        "interestExpense": 4300000,
        "depreciationAndAmortization": 32000000,
        "ebitda": 58900000,
        "ebitdaratio": 0.1291666667,
        "operatingIncome": 26900000,
        "operatingIncomeRatio": 0.0589912281,
        "totalOtherIncomeExpensesNet": -4300000,
        "incomeBeforeTax": 22600000,
        "incomeBeforeTaxRatio": 0.0495614035,
        "incomeTaxExpense": 10400000,
        "netIncome": 12200000,
        "netIncomeRatio": 0.026754386,
        "eps": 0.0796,
        "epsdiluted": 0.0796,
        "weightedAverageShsOut": 153333333,
        "weightedAverageShsOutDil": 153333333,
        "link": null,
        "finalLink": null
    },
    {
        "date": "1990-09-30",
        "symbol": "NYT",
        "reportedCurrency": "USD",
        "cik": "0000071691",
        "fillingDate": "1990-09-30",
        "acceptedDate": "1990-09-30 00:00:00",
        "calendarYear": "1990",
        "period": "Q3",
        "revenue": 420700000,
        "costOfRevenue": 224500000,
        "grossProfit": 196200000,
        "grossProfitRatio": 0.4663655812,
        "researchAndDevelopmentExpenses": 0,
        "generalAndAdministrativeExpenses": 0,
        "sellingAndMarketingExpenses": 0,
        "sellingGeneralAndAdministrativeExpenses": 147000000,
        "otherExpenses": 31700000,
        "operatingExpenses": 178700000,
        "costAndExpenses": 403200000,
        "interestIncome": 0,
        "interestExpense": 2300000,
        "depreciationAndAmortization": 31700000,
        "ebitda": 49200000,
        "ebitdaratio": 0.1169479439,
        "operatingIncome": 17500000,
        "operatingIncomeRatio": 0.0415973378,
        "totalOtherIncomeExpensesNet": -2300000,
        "incomeBeforeTax": 15200000,
        "incomeBeforeTaxRatio": 0.0361302591,
        "incomeTaxExpense": 6000000,
        "netIncome": 9200000,
        "netIncomeRatio": 0.0218683147,
        "eps": 0.06,
        "epsdiluted": 0.06,
        "weightedAverageShsOut": 153333333,
        "weightedAverageShsOutDil": 153333333,
        "link": null,
        "finalLink": null
    },
    {
        "date": "1990-06-30",
        "symbol": "NYT",
        "reportedCurrency": "USD",
        "cik": "0000071691",
        "fillingDate": "1990-06-30",
        "acceptedDate": "1990-06-30 00:00:00",
        "calendarYear": "1990",
        "period": "Q2",
        "revenue": 468900000,
        "costOfRevenue": 232000000,
        "grossProfit": 236900000,
        "grossProfitRatio": 0.5052249947,
        "researchAndDevelopmentExpenses": 0,
        "generalAndAdministrativeExpenses": 0,
        "sellingAndMarketingExpenses": 0,
        "sellingGeneralAndAdministrativeExpenses": 154000000,
        "otherExpenses": 31400000,
        "operatingExpenses": 185400000,
        "costAndExpenses": 417400000,
        "interestIncome": 0,
        "interestExpense": 4200000,
        "depreciationAndAmortization": 31400000,
        "ebitda": 82900000,
        "ebitdaratio": 0.1767967584,
        "operatingIncome": 51500000,
        "operatingIncomeRatio": 0.1098315206,
        "totalOtherIncomeExpensesNet": -4200000,
        "incomeBeforeTax": 47300000,
        "incomeBeforeTaxRatio": 0.1008743869,
        "incomeTaxExpense": 20500000,
        "netIncome": 26800000,
        "netIncomeRatio": 0.0571550437,
        "eps": 0.18,
        "epsdiluted": 0.18,
        "weightedAverageShsOut": 148888889,
        "weightedAverageShsOutDil": 148888889,
        "link": null,
        "finalLink": null
    },
    {
        "date": "1990-03-31",
        "symbol": "NYT",
        "reportedCurrency": "USD",
        "cik": "0000071691",
        "fillingDate": "1990-03-31",
        "acceptedDate": "1990-03-31 00:00:00",
        "calendarYear": "1990",
        "period": "Q1",
        "revenue": 431200000,
        "costOfRevenue": 218700000,
        "grossProfit": 212500000,
        "grossProfitRatio": 0.4928107607,
        "researchAndDevelopmentExpenses": 0,
        "generalAndAdministrativeExpenses": 0,
        "sellingAndMarketingExpenses": 0,
        "sellingGeneralAndAdministrativeExpenses": 147300000,
        "otherExpenses": 31100000,
        "operatingExpenses": 178400000,
        "costAndExpenses": 397100000,
        "interestIncome": 0,
        "interestExpense": 5000000,
        "depreciationAndAmortization": 31100000,
        "ebitda": 65200000,
        "ebitdaratio": 0.1512059369,
        "operatingIncome": 34100000,
        "operatingIncomeRatio": 0.0790816327,
        "totalOtherIncomeExpensesNet": -5000000,
        "incomeBeforeTax": 29100000,
        "incomeBeforeTaxRatio": 0.0674860853,
        "incomeTaxExpense": 12500000,
        "netIncome": 16600000,
        "netIncomeRatio": 0.0384972171,
        "eps": 0.11,
        "epsdiluted": 0.11,
        "weightedAverageShsOut": 150909091,
        "weightedAverageShsOutDil": 150909091,
        "link": null,
        "finalLink": null
    },
    {
        "date": "1989-12-31",
        "symbol": "NYT",
        "reportedCurrency": "USD",
        "cik": "0000071691",
        "fillingDate": "1989-12-31",
        "acceptedDate": "1989-12-31 00:00:00",
        "calendarYear": "1989",
        "period": "Q4",
        "revenue": 470200000,
        "costOfRevenue": 228900000,
        "grossProfit": 241300000,
        "grossProfitRatio": 0.5131858783,
        "researchAndDevelopmentExpenses": 0,
        "generalAndAdministrativeExpenses": 0,
        "sellingAndMarketingExpenses": 0,
        "sellingGeneralAndAdministrativeExpenses": 200300000,
        "otherExpenses": 29100000,
        "operatingExpenses": 229400000,
        "costAndExpenses": 458300000,
        "interestIncome": 0,
        "interestExpense": 25600000,
        "depreciationAndAmortization": 29100000,
        "ebitda": 41000000,
        "ebitdaratio": 0.0871969375,
        "operatingIncome": 11900000,
        "operatingIncomeRatio": 0.0253083794,
        "totalOtherIncomeExpensesNet": -25600000,
        "incomeBeforeTax": -13700000,
        "incomeBeforeTaxRatio": -0.0291365376,
        "incomeTaxExpense": 5300000,
        "netIncome": -19000000,
        "netIncomeRatio": -0.0404083369,
        "eps": -0.12,
        "epsdiluted": -0.12,
        "weightedAverageShsOut": 156148148,
        "weightedAverageShsOutDil": 156148148,
        "link": null,
        "finalLink": null
    },
    {
        "date": "1989-09-30",
        "symbol": "NYT",
        "reportedCurrency": "USD",
        "cik": "0000071691",
        "fillingDate": "1989-09-30",
        "acceptedDate": "1989-09-30 00:00:00",
        "calendarYear": "1989",
        "period": "Q3",
        "revenue": 415300000,
        "costOfRevenue": 221000000,
        "grossProfit": 194300000,
        "grossProfitRatio": 0.467854563,
        "researchAndDevelopmentExpenses": 0,
        "generalAndAdministrativeExpenses": 0,
        "sellingAndMarketingExpenses": 0,
        "sellingGeneralAndAdministrativeExpenses": 137900000,
        "otherExpenses": 27000000,
        "operatingExpenses": 164900000,
        "costAndExpenses": 385900000,
        "interestIncome": 0,
        "interestExpense": 0,
        "depreciationAndAmortization": 27000000,
        "ebitda": 56400000,
        "ebitdaratio": 0.1358054418,
        "operatingIncome": 29400000,
        "operatingIncomeRatio": 0.0707921984,
        "totalOtherIncomeExpensesNet": -1400000,
        "incomeBeforeTax": 28000000,
        "incomeBeforeTaxRatio": 0.0674211413,
        "incomeTaxExpense": 11600000,
        "netIncome": 210800000,
        "netIncomeRatio": 0.5075848784,
        "eps": 1.35,
        "epsdiluted": 1.35,
        "weightedAverageShsOut": 156148148,
        "weightedAverageShsOutDil": 156148148,
        "link": null,
        "finalLink": null
    },
    {
        "date": "1989-06-30",
        "symbol": "NYT",
        "reportedCurrency": "USD",
        "cik": "0000071691",
        "fillingDate": "1989-06-30",
        "acceptedDate": "1989-06-30 00:00:00",
        "calendarYear": "1989",
        "period": "Q2",
        "revenue": 460300000,
        "costOfRevenue": 230500000,
        "grossProfit": 229800000,
        "grossProfitRatio": 0.4992396263,
        "researchAndDevelopmentExpenses": 0,
        "generalAndAdministrativeExpenses": 0,
        "sellingAndMarketingExpenses": 0,
        "sellingGeneralAndAdministrativeExpenses": 136200000,
        "otherExpenses": 22200000,
        "operatingExpenses": 158400000,
        "costAndExpenses": 388900000,
        "interestIncome": 0,
        "interestExpense": 3400000,
        "depreciationAndAmortization": 22200000,
        "ebitda": 93600000,
        "ebitdaratio": 0.2033456441,
        "operatingIncome": 71400000,
        "operatingIncomeRatio": 0.1551162285,
        "totalOtherIncomeExpensesNet": -5500000,
        "incomeBeforeTax": 65900000,
        "incomeBeforeTaxRatio": 0.1431674995,
        "incomeTaxExpense": 26700000,
        "netIncome": 41300000,
        "netIncomeRatio": 0.089724093,
        "eps": 0.27,
        "epsdiluted": 0.27,
        "weightedAverageShsOut": 152962963,
        "weightedAverageShsOutDil": 152962963,
        "link": null,
        "finalLink": null
    },
    {
        "date": "1989-03-31",
        "symbol": "NYT",
        "reportedCurrency": "USD",
        "cik": "0000071691",
        "fillingDate": "1989-03-31",
        "acceptedDate": "1989-03-31 00:00:00",
        "calendarYear": "1989",
        "period": "Q1",
        "revenue": 423100000,
        "costOfRevenue": 0,
        "grossProfit": 0,
        "grossProfitRatio": 0,
        "researchAndDevelopmentExpenses": 0,
        "generalAndAdministrativeExpenses": 0,
        "sellingAndMarketingExpenses": 0,
        "sellingGeneralAndAdministrativeExpenses": 0,
        "otherExpenses": 423100000,
        "operatingExpenses": 423100000,
        "costAndExpenses": 423100000,
        "interestIncome": 0,
        "interestExpense": 0,
        "depreciationAndAmortization": 0,
        "ebitda": 423100000,
        "ebitdaratio": 1,
        "operatingIncome": 423100000,
        "operatingIncomeRatio": 1,
        "totalOtherIncomeExpensesNet": -423100000,
        "incomeBeforeTax": 0,
        "incomeBeforeTaxRatio": 0,
        "incomeTaxExpense": 0,
        "netIncome": 0,
        "netIncomeRatio": 0,
        "eps": 0.21,
        "epsdiluted": 0.21,
        "weightedAverageShsOut": 158494000,
        "weightedAverageShsOutDil": 158494000,
        "link": null,
        "finalLink": null
    },
    {
        "date": "1988-12-31",
        "symbol": "NYT",
        "reportedCurrency": "USD",
        "cik": "0000071691",
        "fillingDate": "1988-12-31",
        "acceptedDate": "1988-12-31 00:00:00",
        "calendarYear": "1988",
        "period": "Q4",
        "revenue": 409100000,
        "costOfRevenue": 0,
        "grossProfit": 0,
        "grossProfitRatio": 0,
        "researchAndDevelopmentExpenses": 0,
        "generalAndAdministrativeExpenses": 0,
        "sellingAndMarketingExpenses": 0,
        "sellingGeneralAndAdministrativeExpenses": 0,
        "otherExpenses": 409100000,
        "operatingExpenses": 409100000,
        "costAndExpenses": 409100000,
        "interestIncome": 0,
        "interestExpense": 0,
        "depreciationAndAmortization": 0,
        "ebitda": -1039900000,
        "ebitdaratio": -2.5419212906,
        "operatingIncome": -1039900000,
        "operatingIncomeRatio": -2.5419212906,
        "totalOtherIncomeExpensesNet": 1039900000,
        "incomeBeforeTax": 0,
        "incomeBeforeTaxRatio": 0,
        "incomeTaxExpense": 0,
        "netIncome": 43800000,
        "netIncomeRatio": 0.1070642875,
        "eps": 0.32,
        "epsdiluted": 0.32,
        "weightedAverageShsOut": 162376000,
        "weightedAverageShsOutDil": 162376000,
        "link": null,
        "finalLink": null
    },
    {
        "date": "1988-09-30",
        "symbol": "NYT",
        "reportedCurrency": "USD",
        "cik": "0000071691",
        "fillingDate": "1988-09-30",
        "acceptedDate": "1988-09-30 00:00:00",
        "calendarYear": "1988",
        "period": "Q3",
        "revenue": 404100000,
        "costOfRevenue": 0,
        "grossProfit": 0,
        "grossProfitRatio": 0,
        "researchAndDevelopmentExpenses": 0,
        "generalAndAdministrativeExpenses": 0,
        "sellingAndMarketingExpenses": 0,
        "sellingGeneralAndAdministrativeExpenses": 0,
        "otherExpenses": 404100000,
        "operatingExpenses": 404100000,
        "costAndExpenses": 404100000,
        "interestIncome": 0,
        "interestExpense": 0,
        "depreciationAndAmortization": 0,
        "ebitda": 404100000,
        "ebitdaratio": 1,
        "operatingIncome": 404100000,
        "operatingIncomeRatio": 1,
        "totalOtherIncomeExpensesNet": -404100000,
        "incomeBeforeTax": 0,
        "incomeBeforeTaxRatio": 0,
        "incomeTaxExpense": 0,
        "netIncome": 26700000,
        "netIncomeRatio": 0.0660727543,
        "eps": 0.17,
        "epsdiluted": 0.17,
        "weightedAverageShsOut": 162376000,
        "weightedAverageShsOutDil": 162376000,
        "link": null,
        "finalLink": null
    },
    {
        "date": "1988-06-30",
        "symbol": "NYT",
        "reportedCurrency": "USD",
        "cik": "0000071691",
        "fillingDate": "1988-06-30",
        "acceptedDate": "1988-06-30 00:00:00",
        "calendarYear": "1988",
        "period": "Q2",
        "revenue": 456400000,
        "costOfRevenue": 0,
        "grossProfit": 0,
        "grossProfitRatio": 0,
        "researchAndDevelopmentExpenses": 0,
        "generalAndAdministrativeExpenses": 0,
        "sellingAndMarketingExpenses": 0,
        "sellingGeneralAndAdministrativeExpenses": 0,
        "otherExpenses": 456400000,
        "operatingExpenses": 456400000,
        "costAndExpenses": 456400000,
        "interestIncome": 0,
        "interestExpense": 0,
        "depreciationAndAmortization": 0,
        "ebitda": 456400000,
        "ebitdaratio": 1,
        "operatingIncome": 456400000,
        "operatingIncomeRatio": 1,
        "totalOtherIncomeExpensesNet": -456400000,
        "incomeBeforeTax": 0,
        "incomeBeforeTaxRatio": 0,
        "incomeTaxExpense": 0,
        "netIncome": 45100000,
        "netIncomeRatio": 0.0988168273,
        "eps": 0.28,
        "epsdiluted": 0.28,
        "weightedAverageShsOut": 163496000,
        "weightedAverageShsOutDil": 163496000,
        "link": null,
        "finalLink": null
    },
    {
        "date": "1988-03-31",
        "symbol": "NYT",
        "reportedCurrency": "USD",
        "cik": "0000071691",
        "fillingDate": "1988-03-31",
        "acceptedDate": "1988-03-31 00:00:00",
        "calendarYear": "1988",
        "period": "Q1",
        "revenue": 430400000,
        "costOfRevenue": 0,
        "grossProfit": 0,
        "grossProfitRatio": 0,
        "researchAndDevelopmentExpenses": 0,
        "generalAndAdministrativeExpenses": 0,
        "sellingAndMarketingExpenses": 0,
        "sellingGeneralAndAdministrativeExpenses": 0,
        "otherExpenses": 430400000,
        "operatingExpenses": 430400000,
        "costAndExpenses": 430400000,
        "interestIncome": 0,
        "interestExpense": 0,
        "depreciationAndAmortization": 0,
        "ebitda": 430400000,
        "ebitdaratio": 1,
        "operatingIncome": 430400000,
        "operatingIncomeRatio": 1,
        "totalOtherIncomeExpensesNet": -430400000,
        "incomeBeforeTax": 0,
        "incomeBeforeTaxRatio": 0,
        "incomeTaxExpense": 0,
        "netIncome": 45500000,
        "netIncomeRatio": 0.1057156134,
        "eps": 0.28,
        "epsdiluted": 0.28,
        "weightedAverageShsOut": 163990000,
        "weightedAverageShsOutDil": 163990000,
        "link": null,
        "finalLink": null
    },
    {
        "date": "1987-12-31",
        "symbol": "NYT",
        "reportedCurrency": "USD",
        "cik": "0000071691",
        "fillingDate": "1987-12-31",
        "acceptedDate": "1987-12-31 00:00:00",
        "calendarYear": "1987",
        "period": "Q4",
        "revenue": 447800000,
        "costOfRevenue": 0,
        "grossProfit": 0,
        "grossProfitRatio": 0,
        "researchAndDevelopmentExpenses": 0,
        "generalAndAdministrativeExpenses": 0,
        "sellingAndMarketingExpenses": 0,
        "sellingGeneralAndAdministrativeExpenses": 0,
        "otherExpenses": 447800000,
        "operatingExpenses": 447800000,
        "costAndExpenses": 447800000,
        "interestIncome": 0,
        "interestExpense": 0,
        "depreciationAndAmortization": 0,
        "ebitda": -950400000,
        "ebitdaratio": -2.1223760607,
        "operatingIncome": -950400000,
        "operatingIncomeRatio": -2.1223760607,
        "totalOtherIncomeExpensesNet": 950400000,
        "incomeBeforeTax": 0,
        "incomeBeforeTaxRatio": 0,
        "incomeTaxExpense": 0,
        "netIncome": 42500000,
        "netIncomeRatio": 0.0949084413,
        "eps": 0.26,
        "epsdiluted": 0.26,
        "weightedAverageShsOut": 163990000,
        "weightedAverageShsOutDil": 164116000,
        "link": null,
        "finalLink": null
    },
    {
        "date": "1987-09-30",
        "symbol": "NYT",
        "reportedCurrency": "USD",
        "cik": "0000071691",
        "fillingDate": "1987-09-30",
        "acceptedDate": "1987-09-30 00:00:00",
        "calendarYear": "1987",
        "period": "Q3",
        "revenue": 406500000,
        "costOfRevenue": 0,
        "grossProfit": 0,
        "grossProfitRatio": 0,
        "researchAndDevelopmentExpenses": 0,
        "generalAndAdministrativeExpenses": 0,
        "sellingAndMarketingExpenses": 0,
        "sellingGeneralAndAdministrativeExpenses": 0,
        "otherExpenses": 406500000,
        "operatingExpenses": 406500000,
        "costAndExpenses": 406500000,
        "interestIncome": 0,
        "interestExpense": 0,
        "depreciationAndAmortization": 0,
        "ebitda": 406500000,
        "ebitdaratio": 1,
        "operatingIncome": 406500000,
        "operatingIncomeRatio": 1,
        "totalOtherIncomeExpensesNet": -406500000,
        "incomeBeforeTax": 0,
        "incomeBeforeTaxRatio": 0,
        "incomeTaxExpense": 0,
        "netIncome": 32600000,
        "netIncomeRatio": 0.080196802,
        "eps": 0.2,
        "epsdiluted": 0.2,
        "weightedAverageShsOut": 164116000,
        "weightedAverageShsOutDil": 164116000,
        "link": null,
        "finalLink": null
    },
    {
        "date": "1987-06-30",
        "symbol": "NYT",
        "reportedCurrency": "USD",
        "cik": "0000071691",
        "fillingDate": "1987-06-30",
        "acceptedDate": "1987-06-30 00:00:00",
        "calendarYear": "1987",
        "period": "Q2",
        "revenue": 426300000,
        "costOfRevenue": 0,
        "grossProfit": 0,
        "grossProfitRatio": 0,
        "researchAndDevelopmentExpenses": 0,
        "generalAndAdministrativeExpenses": 0,
        "sellingAndMarketingExpenses": 0,
        "sellingGeneralAndAdministrativeExpenses": 0,
        "otherExpenses": 426300000,
        "operatingExpenses": 426300000,
        "costAndExpenses": 426300000,
        "interestIncome": 0,
        "interestExpense": 0,
        "depreciationAndAmortization": 0,
        "ebitda": 426300000,
        "ebitdaratio": 1,
        "operatingIncome": 426300000,
        "operatingIncomeRatio": 1,
        "totalOtherIncomeExpensesNet": -426300000,
        "incomeBeforeTax": 0,
        "incomeBeforeTaxRatio": 0,
        "incomeTaxExpense": 0,
        "netIncome": 44100000,
        "netIncomeRatio": 0.1034482759,
        "eps": 0.27,
        "epsdiluted": 0.27,
        "weightedAverageShsOut": 163998000,
        "weightedAverageShsOutDil": 163998000,
        "link": null,
        "finalLink": null
    },
    {
        "date": "1987-03-31",
        "symbol": "NYT",
        "reportedCurrency": "USD",
        "cik": "0000071691",
        "fillingDate": "1987-03-31",
        "acceptedDate": "1987-03-31 00:00:00",
        "calendarYear": "1987",
        "period": "Q1",
        "revenue": 409000000,
        "costOfRevenue": 0,
        "grossProfit": 0,
        "grossProfitRatio": 0,
        "researchAndDevelopmentExpenses": 0,
        "generalAndAdministrativeExpenses": 0,
        "sellingAndMarketingExpenses": 0,
        "sellingGeneralAndAdministrativeExpenses": 0,
        "otherExpenses": 409000000,
        "operatingExpenses": 409000000,
        "costAndExpenses": 409000000,
        "interestIncome": 0,
        "interestExpense": 0,
        "depreciationAndAmortization": 0,
        "ebitda": 409000000,
        "ebitdaratio": 1,
        "operatingIncome": 409000000,
        "operatingIncomeRatio": 1,
        "totalOtherIncomeExpensesNet": -409000000,
        "incomeBeforeTax": 0,
        "incomeBeforeTaxRatio": 0,
        "incomeTaxExpense": 0,
        "netIncome": 41100000,
        "netIncomeRatio": 0.1004889976,
        "eps": 0.25,
        "epsdiluted": 0.25,
        "weightedAverageShsOut": 163998000,
        "weightedAverageShsOutDil": 163998000,
        "link": null,
        "finalLink": null
    },
    {
        "date": "1986-12-31",
        "symbol": "NYT",
        "reportedCurrency": "USD",
        "cik": "0000071691",
        "fillingDate": "1986-12-31",
        "acceptedDate": "1986-12-31 00:00:00",
        "calendarYear": "1986",
        "period": "Q4",
        "revenue": 417900000,
        "costOfRevenue": 0,
        "grossProfit": 0,
        "grossProfitRatio": 0,
        "researchAndDevelopmentExpenses": 0,
        "generalAndAdministrativeExpenses": 0,
        "sellingAndMarketingExpenses": 0,
        "sellingGeneralAndAdministrativeExpenses": 0,
        "otherExpenses": 417900000,
        "operatingExpenses": 417900000,
        "costAndExpenses": 417900000,
        "interestIncome": 0,
        "interestExpense": 0,
        "depreciationAndAmortization": 0,
        "ebitda": -875100000,
        "ebitdaratio": -2.0940416368,
        "operatingIncome": -875100000,
        "operatingIncomeRatio": -2.0940416368,
        "totalOtherIncomeExpensesNet": 875100000,
        "incomeBeforeTax": 0,
        "incomeBeforeTaxRatio": 0,
        "incomeTaxExpense": 0,
        "netIncome": 34700000,
        "netIncomeRatio": 0.0830342187,
        "eps": 0.22,
        "epsdiluted": 0.22,
        "weightedAverageShsOut": 161928000,
        "weightedAverageShsOutDil": 161928000,
        "link": null,
        "finalLink": null
    },
    {
        "date": "1986-09-30",
        "symbol": "NYT",
        "reportedCurrency": "USD",
        "cik": "0000071691",
        "fillingDate": "1986-09-30",
        "acceptedDate": "1986-09-30 00:00:00",
        "calendarYear": "1986",
        "period": "Q3",
        "revenue": 370100000,
        "costOfRevenue": 0,
        "grossProfit": 0,
        "grossProfitRatio": 0,
        "researchAndDevelopmentExpenses": 0,
        "generalAndAdministrativeExpenses": 0,
        "sellingAndMarketingExpenses": 0,
        "sellingGeneralAndAdministrativeExpenses": 0,
        "otherExpenses": 370100000,
        "operatingExpenses": 370100000,
        "costAndExpenses": 370100000,
        "interestIncome": 0,
        "interestExpense": 0,
        "depreciationAndAmortization": 0,
        "ebitda": 370100000,
        "ebitdaratio": 1,
        "operatingIncome": 370100000,
        "operatingIncomeRatio": 1,
        "totalOtherIncomeExpensesNet": -370100000,
        "incomeBeforeTax": 0,
        "incomeBeforeTaxRatio": 0,
        "incomeTaxExpense": 0,
        "netIncome": 26700000,
        "netIncomeRatio": 0.0721426641,
        "eps": 0.17,
        "epsdiluted": 0.17,
        "weightedAverageShsOut": 161928000,
        "weightedAverageShsOutDil": 161928000,
        "link": null,
        "finalLink": null
    },
    {
        "date": "1986-06-30",
        "symbol": "NYT",
        "reportedCurrency": "USD",
        "cik": "0000071691",
        "fillingDate": "1986-06-30",
        "acceptedDate": "1986-06-30 00:00:00",
        "calendarYear": "1986",
        "period": "Q2",
        "revenue": 401200000,
        "costOfRevenue": 0,
        "grossProfit": 0,
        "grossProfitRatio": 0,
        "researchAndDevelopmentExpenses": 0,
        "generalAndAdministrativeExpenses": 0,
        "sellingAndMarketingExpenses": 0,
        "sellingGeneralAndAdministrativeExpenses": 0,
        "otherExpenses": 401200000,
        "operatingExpenses": 401200000,
        "costAndExpenses": 401200000,
        "interestIncome": 0,
        "interestExpense": 0,
        "depreciationAndAmortization": 0,
        "ebitda": 401200000,
        "ebitdaratio": 1,
        "operatingIncome": 401200000,
        "operatingIncomeRatio": 1,
        "totalOtherIncomeExpensesNet": -401200000,
        "incomeBeforeTax": 0,
        "incomeBeforeTaxRatio": 0,
        "incomeTaxExpense": 0,
        "netIncome": 36800000,
        "netIncomeRatio": 0.0917248255,
        "eps": 0.23,
        "epsdiluted": 0.23,
        "weightedAverageShsOut": 161720000,
        "weightedAverageShsOutDil": 161720000,
        "link": null,
        "finalLink": null
    },
    {
        "date": "1986-03-31",
        "symbol": "NYT",
        "reportedCurrency": "USD",
        "cik": "0000071691",
        "fillingDate": "1986-03-31",
        "acceptedDate": "1986-03-31 00:00:00",
        "calendarYear": "1986",
        "period": "Q1",
        "revenue": 375400000,
        "costOfRevenue": 0,
        "grossProfit": 0,
        "grossProfitRatio": 0,
        "researchAndDevelopmentExpenses": 0,
        "generalAndAdministrativeExpenses": 0,
        "sellingAndMarketingExpenses": 0,
        "sellingGeneralAndAdministrativeExpenses": 0,
        "otherExpenses": 375400000,
        "operatingExpenses": 375400000,
        "costAndExpenses": 375400000,
        "interestIncome": 0,
        "interestExpense": 0,
        "depreciationAndAmortization": 0,
        "ebitda": 375400000,
        "ebitdaratio": 1,
        "operatingIncome": 375400000,
        "operatingIncomeRatio": 1,
        "totalOtherIncomeExpensesNet": -375400000,
        "incomeBeforeTax": 0,
        "incomeBeforeTaxRatio": 0,
        "incomeTaxExpense": 0,
        "netIncome": 33900000,
        "netIncomeRatio": 0.0903036761,
        "eps": 0.21,
        "epsdiluted": 0.21,
        "weightedAverageShsOut": 159812000,
        "weightedAverageShsOutDil": 159812000,
        "link": null,
        "finalLink": null
    },
    {
        "date": "1985-12-31",
        "symbol": "NYT",
        "reportedCurrency": "USD",
        "cik": "0000071691",
        "fillingDate": "1985-12-31",
        "acceptedDate": "1985-12-31 00:00:00",
        "calendarYear": "1985",
        "period": "Q4",
        "revenue": 385200000,
        "costOfRevenue": 0,
        "grossProfit": 0,
        "grossProfitRatio": 0,
        "researchAndDevelopmentExpenses": 0,
        "generalAndAdministrativeExpenses": 0,
        "sellingAndMarketingExpenses": 0,
        "sellingGeneralAndAdministrativeExpenses": 0,
        "otherExpenses": 385200000,
        "operatingExpenses": 385200000,
        "costAndExpenses": 385200000,
        "interestIncome": 0,
        "interestExpense": 0,
        "depreciationAndAmortization": 0,
        "ebitda": -795400000,
        "ebitdaratio": -2.0649013499,
        "operatingIncome": -795400000,
        "operatingIncomeRatio": -2.0649013499,
        "totalOtherIncomeExpensesNet": 795400000,
        "incomeBeforeTax": 0,
        "incomeBeforeTaxRatio": 0,
        "incomeTaxExpense": 0,
        "netIncome": 30200000,
        "netIncomeRatio": 0.0784008307,
        "eps": 0.19,
        "epsdiluted": 0.19,
        "weightedAverageShsOut": 160184000,
        "weightedAverageShsOutDil": 160184000,
        "link": null,
        "finalLink": null
    },
    {
        "date": "1985-09-30",
        "symbol": "NYT",
        "reportedCurrency": "USD",
        "cik": "0000071691",
        "fillingDate": "1985-09-30",
        "acceptedDate": "1985-09-30 00:00:00",
        "calendarYear": "1985",
        "period": "Q3",
        "revenue": 334200000,
        "costOfRevenue": 0,
        "grossProfit": 0,
        "grossProfitRatio": 0,
        "researchAndDevelopmentExpenses": 0,
        "generalAndAdministrativeExpenses": 0,
        "sellingAndMarketingExpenses": 0,
        "sellingGeneralAndAdministrativeExpenses": 0,
        "otherExpenses": 334200000,
        "operatingExpenses": 334200000,
        "costAndExpenses": 334200000,
        "interestIncome": 0,
        "interestExpense": 0,
        "depreciationAndAmortization": 0,
        "ebitda": 334200000,
        "ebitdaratio": 1,
        "operatingIncome": 334200000,
        "operatingIncomeRatio": 1,
        "totalOtherIncomeExpensesNet": -334200000,
        "incomeBeforeTax": 0,
        "incomeBeforeTaxRatio": 0,
        "incomeTaxExpense": 0,
        "netIncome": 22600000,
        "netIncomeRatio": 0.0676241771,
        "eps": 0.14,
        "epsdiluted": 0.14,
        "weightedAverageShsOut": 160184000,
        "weightedAverageShsOutDil": 160184000,
        "link": null,
        "finalLink": null
    }
]