[
    {
        "date": "2025-06-28",
        "symbol": "ODP",
        "reportedCurrency": "USD",
        "cik": "0000800240",
        "fillingDate": "2025-08-06",
        "acceptedDate": "2025-08-06 14:04:59",
        "calendarYear": "2025",
        "period": "Q2",
        "revenue": 1586000000,
        "costOfRevenue": 1276000000,
        "grossProfit": 310000000,
        "grossProfitRatio": 0.1954602774,
        "researchAndDevelopmentExpenses": 0,
        "generalAndAdministrativeExpenses": 0,
        "sellingAndMarketingExpenses": 0,
        "sellingGeneralAndAdministrativeExpenses": 285000000,
        "otherExpenses": 16000000,
        "operatingExpenses": 301000000,
        "costAndExpenses": 1577000000,
        "interestIncome": 3000000,
        "interestExpense": 6000000,
        "depreciationAndAmortization": 29000000,
        "ebitda": 37000000,
        "ebitdaratio": 0.0233291299,
        "operatingIncome": 9000000,
        "operatingIncomeRatio": 0.0056746532,
        "totalOtherIncomeExpensesNet": -7000000,
        "incomeBeforeTax": 2000000,
        "incomeBeforeTaxRatio": 0.001261034,
        "incomeTaxExpense": 2000000,
        "netIncome": 0,
        "netIncomeRatio": 0,
        "eps": 0,
        "epsdiluted": 0,
        "weightedAverageShsOut": 30000000,
        "weightedAverageShsOutDil": 30000000,
        "link": "https://www.sec.gov/Archives/edgar/data/800240/000095017025103804/0000950170-25-103804-index.htm",
        "finalLink": "https://www.sec.gov/Archives/edgar/data/800240/000095017025103804/odp-20250628.htm"
    },
    {
        "date": "2025-03-29",
        "symbol": "ODP",
        "reportedCurrency": "USD",
        "cik": "0000800240",
        "fillingDate": "2025-05-07",
        "acceptedDate": "2025-05-07 13:01:15",
        "calendarYear": "2025",
        "period": "Q1",
        "revenue": 1699000000,
        "costOfRevenue": 1339000000,
        "grossProfit": 360000000,
        "grossProfitRatio": 0.2118893467,
        "researchAndDevelopmentExpenses": 0,
        "generalAndAdministrativeExpenses": 0,
        "sellingAndMarketingExpenses": 0,
        "sellingGeneralAndAdministrativeExpenses": 306000000,
        "otherExpenses": 86000000,
        "operatingExpenses": 392000000,
        "costAndExpenses": 1731000000,
        "interestIncome": 2000000,
        "interestExpense": 7000000,
        "depreciationAndAmortization": 27000000,
        "ebitda": -5000000,
        "ebitdaratio": -0.0029429076,
        "operatingIncome": -32000000,
        "operatingIncomeRatio": -0.0188346086,
        "totalOtherIncomeExpensesNet": -7000000,
        "incomeBeforeTax": -39000000,
        "incomeBeforeTaxRatio": -0.0229546792,
        "incomeTaxExpense": -10000000,
        "netIncome": -29000000,
        "netIncomeRatio": -0.017068864,
        "eps": -0.97,
        "epsdiluted": -0.97,
        "weightedAverageShsOut": 30000000,
        "weightedAverageShsOutDil": 30000000,
        "link": "https://www.sec.gov/Archives/edgar/data/800240/000095017025065365/0000950170-25-065365-index.htm",
        "finalLink": "https://www.sec.gov/Archives/edgar/data/800240/000095017025065365/odp-20250329.htm"
    },
    {
        "date": "2024-12-31",
        "symbol": "ODP",
        "reportedCurrency": "USD",
        "cik": "0000800240",
        "fillingDate": "2025-02-26",
        "acceptedDate": "2025-02-26 14:00:51",
        "calendarYear": "2024",
        "period": "Q4",
        "revenue": 1623000000,
        "costOfRevenue": 1293000000,
        "grossProfit": 330000000,
        "grossProfitRatio": 0.2033271719,
        "researchAndDevelopmentExpenses": 0,
        "generalAndAdministrativeExpenses": 0,
        "sellingAndMarketingExpenses": 0,
        "sellingGeneralAndAdministrativeExpenses": 298000000,
        "otherExpenses": 12000000,
        "operatingExpenses": 310000000,
        "costAndExpenses": 1603000000,
        "interestIncome": 2000000,
        "interestExpense": 7000000,
        "depreciationAndAmortization": 24000000,
        "ebitda": 47000000,
        "ebitdaratio": 0.0289587184,
        "operatingIncome": 20000000,
        "operatingIncomeRatio": 0.0123228589,
        "totalOtherIncomeExpensesNet": -4000000,
        "incomeBeforeTax": 16000000,
        "incomeBeforeTaxRatio": 0.0098582871,
        "incomeTaxExpense": 5000000,
        "netIncome": -3000000,
        "netIncomeRatio": -0.0018484288,
        "eps": -0.0909,
        "epsdiluted": -0.0909,
        "weightedAverageShsOut": 33000000,
        "weightedAverageShsOutDil": 33000000,
        "link": "https://www.sec.gov/Archives/edgar/data/800240/000095017025027569/0000950170-25-027569-index.htm",
        "finalLink": "https://www.sec.gov/Archives/edgar/data/800240/000095017025027569/odp-20241228.htm"
    },
    {
        "date": "2024-09-28",
        "symbol": "ODP",
        "reportedCurrency": "USD",
        "cik": "0000800240",
        "fillingDate": "2024-11-06",
        "acceptedDate": "2024-11-06 14:06:48",
        "calendarYear": "2024",
        "period": "Q3",
        "revenue": 1780000000,
        "costOfRevenue": 1416000000,
        "grossProfit": 364000000,
        "grossProfitRatio": 0.204494382,
        "researchAndDevelopmentExpenses": 0,
        "generalAndAdministrativeExpenses": 0,
        "sellingAndMarketingExpenses": 0,
        "sellingGeneralAndAdministrativeExpenses": 323000000,
        "otherExpenses": -61000000,
        "operatingExpenses": 262000000,
        "costAndExpenses": 1678000000,
        "interestIncome": 2000000,
        "interestExpense": 6000000,
        "depreciationAndAmortization": 24000000,
        "ebitda": 125000000,
        "ebitdaratio": 0.0702247191,
        "operatingIncome": 102000000,
        "operatingIncomeRatio": 0.0573033708,
        "totalOtherIncomeExpensesNet": -7000000,
        "incomeBeforeTax": 95000000,
        "incomeBeforeTaxRatio": 0.0533707865,
        "incomeTaxExpense": 27000000,
        "netIncome": 58000000,
        "netIncomeRatio": 0.0325842697,
        "eps": 1.76,
        "epsdiluted": 1.76,
        "weightedAverageShsOut": 33000000,
        "weightedAverageShsOutDil": 33000000,
        "link": "https://www.sec.gov/Archives/edgar/data/800240/000095017024122079/0000950170-24-122079-index.htm",
        "finalLink": "https://www.sec.gov/Archives/edgar/data/800240/000095017024122079/odp-20240928.htm"
    },
    {
        "date": "2024-06-29",
        "symbol": "ODP",
        "reportedCurrency": "USD",
        "cik": "0000800240",
        "fillingDate": "2024-08-07",
        "acceptedDate": "2024-08-07 15:06:28",
        "calendarYear": "2024",
        "period": "Q2",
        "revenue": 1717000000,
        "costOfRevenue": 1375000000,
        "grossProfit": 342000000,
        "grossProfitRatio": 0.1991846243,
        "researchAndDevelopmentExpenses": 0,
        "generalAndAdministrativeExpenses": 0,
        "sellingAndMarketingExpenses": 0,
        "sellingGeneralAndAdministrativeExpenses": 309000000,
        "otherExpenses": 0,
        "operatingExpenses": 309000000,
        "costAndExpenses": 1684000000,
        "interestIncome": 2000000,
        "interestExpense": 5000000,
        "depreciationAndAmortization": 24000000,
        "ebitda": 25000000,
        "ebitdaratio": 0.0145602796,
        "operatingIncome": 33000000,
        "operatingIncomeRatio": 0.019219569,
        "totalOtherIncomeExpensesNet": -37000000,
        "incomeBeforeTax": -4000000,
        "incomeBeforeTaxRatio": -0.0023296447,
        "incomeTaxExpense": 0,
        "netIncome": -73000000,
        "netIncomeRatio": -0.0425160163,
        "eps": -2.09,
        "epsdiluted": -2.09,
        "weightedAverageShsOut": 35000000,
        "weightedAverageShsOutDil": 35000000,
        "link": "https://www.sec.gov/Archives/edgar/data/800240/000095017024092633/0000950170-24-092633-index.htm",
        "finalLink": "https://www.sec.gov/Archives/edgar/data/800240/000095017024092633/odp-20240629.htm"
    },
    {
        "date": "2024-03-30",
        "symbol": "ODP",
        "reportedCurrency": "USD",
        "cik": "0000800240",
        "fillingDate": "2024-05-08",
        "acceptedDate": "2024-05-08 16:01:37",
        "calendarYear": "2024",
        "period": "Q1",
        "revenue": 1869000000,
        "costOfRevenue": 1461000000,
        "grossProfit": 408000000,
        "grossProfitRatio": 0.2182985554,
        "researchAndDevelopmentExpenses": 0,
        "generalAndAdministrativeExpenses": 365000000,
        "sellingAndMarketingExpenses": -24000000,
        "sellingGeneralAndAdministrativeExpenses": 341000000,
        "otherExpenses": 26000000,
        "operatingExpenses": 367000000,
        "costAndExpenses": 1828000000,
        "interestIncome": 3000000,
        "interestExpense": 5000000,
        "depreciationAndAmortization": 25000000,
        "ebitda": 69000000,
        "ebitdaratio": 0.036918138,
        "operatingIncome": 41000000,
        "operatingIncomeRatio": 0.0219368646,
        "totalOtherIncomeExpensesNet": -2000000,
        "incomeBeforeTax": 39000000,
        "incomeBeforeTaxRatio": 0.0208667737,
        "incomeTaxExpense": 8000000,
        "netIncome": 15000000,
        "netIncomeRatio": 0.0080256822,
        "eps": 0.41,
        "epsdiluted": 0.39,
        "weightedAverageShsOut": 37000000,
        "weightedAverageShsOutDil": 38000000,
        "link": "https://www.sec.gov/Archives/edgar/data/800240/000095017024055589/0000950170-24-055589-index.htm",
        "finalLink": "https://www.sec.gov/Archives/edgar/data/800240/000095017024055589/odp-20240330.htm"
    },
    {
        "date": "2023-12-31",
        "symbol": "ODP",
        "reportedCurrency": "USD",
        "cik": "0000800240",
        "fillingDate": "2024-02-28",
        "acceptedDate": "2024-02-28 13:38:25",
        "calendarYear": "2023",
        "period": "Q4",
        "revenue": 1806000000,
        "costOfRevenue": 1410000000,
        "grossProfit": 396000000,
        "grossProfitRatio": 0.219269103,
        "researchAndDevelopmentExpenses": 0,
        "generalAndAdministrativeExpenses": 353000000,
        "sellingAndMarketingExpenses": 0,
        "sellingGeneralAndAdministrativeExpenses": 353000000,
        "otherExpenses": 74000000,
        "operatingExpenses": 427000000,
        "costAndExpenses": 1837000000,
        "interestIncome": 3000000,
        "interestExpense": 5000000,
        "depreciationAndAmortization": 28000000,
        "ebitda": 1000000,
        "ebitdaratio": 0.0005537099,
        "operatingIncome": -31000000,
        "operatingIncomeRatio": -0.0171650055,
        "totalOtherIncomeExpensesNet": -1000000,
        "incomeBeforeTax": -32000000,
        "incomeBeforeTaxRatio": -0.0177187154,
        "incomeTaxExpense": 5000000,
        "netIncome": -37000000,
        "netIncomeRatio": -0.0204872647,
        "eps": -0.99,
        "epsdiluted": -0.99,
        "weightedAverageShsOut": 37373737,
        "weightedAverageShsOutDil": 37373737,
        "link": "https://www.sec.gov/Archives/edgar/data/800240/000095017024021858/0000950170-24-021858-index.htm",
        "finalLink": "https://www.sec.gov/Archives/edgar/data/800240/000095017024021858/odp-20231230.htm"
    },
    {
        "date": "2023-09-30",
        "symbol": "ODP",
        "reportedCurrency": "USD",
        "cik": "0000800240",
        "fillingDate": "2023-11-08",
        "acceptedDate": "2023-11-08 15:47:27",
        "calendarYear": "2023",
        "period": "Q3",
        "revenue": 2007000000,
        "costOfRevenue": 1535000000,
        "grossProfit": 472000000,
        "grossProfitRatio": 0.2351768809,
        "researchAndDevelopmentExpenses": 0,
        "generalAndAdministrativeExpenses": 379000000,
        "sellingAndMarketingExpenses": -19000000,
        "sellingGeneralAndAdministrativeExpenses": 360000000,
        "otherExpenses": 4000000,
        "operatingExpenses": 364000000,
        "costAndExpenses": 1899000000,
        "interestIncome": 3000000,
        "interestExpense": 5000000,
        "depreciationAndAmortization": 25000000,
        "ebitda": 139000000,
        "ebitdaratio": 0.0692575984,
        "operatingIncome": 108000000,
        "operatingIncomeRatio": 0.0538116592,
        "totalOtherIncomeExpensesNet": 1000000,
        "incomeBeforeTax": 109000000,
        "incomeBeforeTaxRatio": 0.0543099153,
        "incomeTaxExpense": 27000000,
        "netIncome": 70000000,
        "netIncomeRatio": 0.0348779273,
        "eps": 1.84,
        "epsdiluted": 1.79,
        "weightedAverageShsOut": 38000000,
        "weightedAverageShsOutDil": 39000000,
        "link": "https://www.sec.gov/Archives/edgar/data/800240/000095017023061054/0000950170-23-061054-index.htm",
        "finalLink": "https://www.sec.gov/Archives/edgar/data/800240/000095017023061054/odp-20230930.htm"
    },
    {
        "date": "2023-07-01",
        "symbol": "ODP",
        "reportedCurrency": "USD",
        "cik": "0000800240",
        "fillingDate": "2023-08-09",
        "acceptedDate": "2023-08-09 16:02:32",
        "calendarYear": "2023",
        "period": "Q2",
        "revenue": 1907000000,
        "costOfRevenue": 1493000000,
        "grossProfit": 414000000,
        "grossProfitRatio": 0.2170949135,
        "researchAndDevelopmentExpenses": 0,
        "generalAndAdministrativeExpenses": 362000000,
        "sellingAndMarketingExpenses": -15000000,
        "sellingGeneralAndAdministrativeExpenses": 347000000,
        "otherExpenses": 7000000,
        "operatingExpenses": 354000000,
        "costAndExpenses": 1847000000,
        "interestIncome": 2000000,
        "interestExpense": 5000000,
        "depreciationAndAmortization": 20000000,
        "ebitda": 85000000,
        "ebitdaratio": 0.0445726272,
        "operatingIncome": 60000000,
        "operatingIncomeRatio": 0.0314630309,
        "totalOtherIncomeExpensesNet": 0,
        "incomeBeforeTax": 60000000,
        "incomeBeforeTaxRatio": 0.0314630309,
        "incomeTaxExpense": 17000000,
        "netIncome": 34000000,
        "netIncomeRatio": 0.0178290509,
        "eps": 0.89,
        "epsdiluted": 0.87,
        "weightedAverageShsOut": 38000000,
        "weightedAverageShsOutDil": 39000000,
        "link": "https://www.sec.gov/Archives/edgar/data/800240/000095017023040543/0000950170-23-040543-index.htm",
        "finalLink": "https://www.sec.gov/Archives/edgar/data/800240/000095017023040543/odp-20230701.htm"
    },
    {
        "date": "2023-04-01",
        "symbol": "ODP",
        "reportedCurrency": "USD",
        "cik": "0000800240",
        "fillingDate": "2023-05-10",
        "acceptedDate": "2023-05-10 16:02:21",
        "calendarYear": "2023",
        "period": "Q1",
        "revenue": 2108000000,
        "costOfRevenue": 1627000000,
        "grossProfit": 481000000,
        "grossProfitRatio": 0.2281783681,
        "researchAndDevelopmentExpenses": 0,
        "generalAndAdministrativeExpenses": 382000000,
        "sellingAndMarketingExpenses": 0,
        "sellingGeneralAndAdministrativeExpenses": 382000000,
        "otherExpenses": 4000000,
        "operatingExpenses": 386000000,
        "costAndExpenses": 2013000000,
        "interestIncome": 2000000,
        "interestExpense": 5000000,
        "depreciationAndAmortization": 30000000,
        "ebitda": 129000000,
        "ebitdaratio": 0.0611954459,
        "operatingIncome": 95000000,
        "operatingIncomeRatio": 0.0450664137,
        "totalOtherIncomeExpensesNet": -1000000,
        "incomeBeforeTax": 94000000,
        "incomeBeforeTaxRatio": 0.0445920304,
        "incomeTaxExpense": 22000000,
        "netIncome": 72000000,
        "netIncomeRatio": 0.0341555977,
        "eps": 1.8,
        "epsdiluted": 1.71,
        "weightedAverageShsOut": 40000000,
        "weightedAverageShsOutDil": 42000000,
        "link": "https://www.sec.gov/Archives/edgar/data/800240/000095017023020484/0000950170-23-020484-index.htm",
        "finalLink": "https://www.sec.gov/Archives/edgar/data/800240/000095017023020484/odp-20230401.htm"
    },
    {
        "date": "2022-12-31",
        "symbol": "ODP",
        "reportedCurrency": "USD",
        "cik": "0000800240",
        "fillingDate": "2023-03-01",
        "acceptedDate": "2023-03-01 16:02:29",
        "calendarYear": "2022",
        "period": "Q4",
        "revenue": 2106000000,
        "costOfRevenue": 1660000000,
        "grossProfit": 446000000,
        "grossProfitRatio": 0.2117758784,
        "researchAndDevelopmentExpenses": 0,
        "generalAndAdministrativeExpenses": 395000000,
        "sellingAndMarketingExpenses": 0,
        "sellingGeneralAndAdministrativeExpenses": 395000000,
        "otherExpenses": -4000000,
        "operatingExpenses": 391000000,
        "costAndExpenses": 2051000000,
        "interestIncome": 2000000,
        "interestExpense": 6000000,
        "depreciationAndAmortization": 31000000,
        "ebitda": 89000000,
        "ebitdaratio": 0.0422602089,
        "operatingIncome": 55000000,
        "operatingIncomeRatio": 0.0261158594,
        "totalOtherIncomeExpensesNet": -3000000,
        "incomeBeforeTax": 52000000,
        "incomeBeforeTaxRatio": 0.024691358,
        "incomeTaxExpense": 16000000,
        "netIncome": 17000000,
        "netIncomeRatio": 0.0080721747,
        "eps": 0.38,
        "epsdiluted": 0.38,
        "weightedAverageShsOut": 44736842,
        "weightedAverageShsOutDil": 44736842,
        "link": "https://www.sec.gov/Archives/edgar/data/800240/000156459023002902/0001564590-23-002902-index.htm",
        "finalLink": "https://www.sec.gov/Archives/edgar/data/800240/000156459023002902/odp-10k_20221231.htm"
    },
    {
        "date": "2022-09-24",
        "symbol": "ODP",
        "reportedCurrency": "USD",
        "cik": "0000800240",
        "fillingDate": "2022-11-02",
        "acceptedDate": "2022-11-02 16:02:06",
        "calendarYear": "2022",
        "period": "Q3",
        "revenue": 2172000000,
        "costOfRevenue": 1686000000,
        "grossProfit": 486000000,
        "grossProfitRatio": 0.2237569061,
        "researchAndDevelopmentExpenses": 0,
        "generalAndAdministrativeExpenses": 405000000,
        "sellingAndMarketingExpenses": 0,
        "sellingGeneralAndAdministrativeExpenses": 405000000,
        "otherExpenses": -3000000,
        "operatingExpenses": 402000000,
        "costAndExpenses": 2088000000,
        "interestIncome": 1000000,
        "interestExpense": 1000000,
        "depreciationAndAmortization": 32000000,
        "ebitda": 122000000,
        "ebitdaratio": 0.0561694291,
        "operatingIncome": 84000000,
        "operatingIncomeRatio": 0.0386740331,
        "totalOtherIncomeExpensesNet": 5000000,
        "incomeBeforeTax": 89000000,
        "incomeBeforeTaxRatio": 0.0409760589,
        "incomeTaxExpense": 22000000,
        "netIncome": 67000000,
        "netIncomeRatio": 0.0308471455,
        "eps": 1.38,
        "epsdiluted": 1.35,
        "weightedAverageShsOut": 48000000,
        "weightedAverageShsOutDil": 49000000,
        "link": "https://www.sec.gov/Archives/edgar/data/800240/000156459022036348/0001564590-22-036348-index.htm",
        "finalLink": "https://www.sec.gov/Archives/edgar/data/800240/000156459022036348/odp-10q_20220924.htm"
    },
    {
        "date": "2022-06-25",
        "symbol": "ODP",
        "reportedCurrency": "USD",
        "cik": "0000800240",
        "fillingDate": "2022-08-03",
        "acceptedDate": "2022-08-03 16:02:02",
        "calendarYear": "2022",
        "period": "Q2",
        "revenue": 2034000000,
        "costOfRevenue": 1603000000,
        "grossProfit": 431000000,
        "grossProfitRatio": 0.2118977384,
        "researchAndDevelopmentExpenses": 0,
        "generalAndAdministrativeExpenses": 400000000,
        "sellingAndMarketingExpenses": 0,
        "sellingGeneralAndAdministrativeExpenses": 400000000,
        "otherExpenses": 3000000,
        "operatingExpenses": 403000000,
        "costAndExpenses": 2006000000,
        "interestIncome": 1000000,
        "interestExpense": 4000000,
        "depreciationAndAmortization": 34000000,
        "ebitda": 66000000,
        "ebitdaratio": 0.0324483776,
        "operatingIncome": 28000000,
        "operatingIncomeRatio": 0.0137659784,
        "totalOtherIncomeExpensesNet": 0,
        "incomeBeforeTax": 28000000,
        "incomeBeforeTaxRatio": 0.0137659784,
        "incomeTaxExpense": 8000000,
        "netIncome": 27000000,
        "netIncomeRatio": 0.0132743363,
        "eps": 0.55,
        "epsdiluted": 0.54,
        "weightedAverageShsOut": 49000000,
        "weightedAverageShsOutDil": 50000000,
        "link": "https://www.sec.gov/Archives/edgar/data/800240/000156459022027750/0001564590-22-027750-index.htm",
        "finalLink": "https://www.sec.gov/Archives/edgar/data/800240/000156459022027750/odp-10q_20220625.htm"
    },
    {
        "date": "2022-03-26",
        "symbol": "ODP",
        "reportedCurrency": "USD",
        "cik": "0000800240",
        "fillingDate": "2022-05-04",
        "acceptedDate": "2022-05-04 16:04:13",
        "calendarYear": "2022",
        "period": "Q1",
        "revenue": 2178000000,
        "costOfRevenue": 1694000000,
        "grossProfit": 484000000,
        "grossProfitRatio": 0.2222222222,
        "researchAndDevelopmentExpenses": 0,
        "generalAndAdministrativeExpenses": 405000000,
        "sellingAndMarketingExpenses": 0,
        "sellingGeneralAndAdministrativeExpenses": 405000000,
        "otherExpenses": 3000000,
        "operatingExpenses": 408000000,
        "costAndExpenses": 2102000000,
        "interestIncome": 1000000,
        "interestExpense": 5000000,
        "depreciationAndAmortization": 34000000,
        "ebitda": 113000000,
        "ebitdaratio": 0.051882461,
        "operatingIncome": 76000000,
        "operatingIncomeRatio": 0.0348943985,
        "totalOtherIncomeExpensesNet": -2000000,
        "incomeBeforeTax": 74000000,
        "incomeBeforeTaxRatio": 0.0339761249,
        "incomeTaxExpense": 19000000,
        "netIncome": 55000000,
        "netIncomeRatio": 0.0252525253,
        "eps": 1.12,
        "epsdiluted": 1.08,
        "weightedAverageShsOut": 49000000,
        "weightedAverageShsOutDil": 51000000,
        "link": "https://www.sec.gov/Archives/edgar/data/800240/000156459022017839/0001564590-22-017839-index.htm",
        "finalLink": "https://www.sec.gov/Archives/edgar/data/800240/000156459022017839/odp-10q_20220326.htm"
    },
    {
        "date": "2021-12-31",
        "symbol": "ODP",
        "reportedCurrency": "USD",
        "cik": "0000800240",
        "fillingDate": "2022-02-23",
        "acceptedDate": "2022-02-23 16:03:46",
        "calendarYear": "2021",
        "period": "Q4",
        "revenue": 2042000000,
        "costOfRevenue": 1610000000,
        "grossProfit": 432000000,
        "grossProfitRatio": 0.2115572968,
        "researchAndDevelopmentExpenses": 0,
        "generalAndAdministrativeExpenses": 422000000,
        "sellingAndMarketingExpenses": 0,
        "sellingGeneralAndAdministrativeExpenses": 422000000,
        "otherExpenses": -21000000,
        "operatingExpenses": 401000000,
        "costAndExpenses": 2011000000,
        "interestIncome": 1000000,
        "interestExpense": 8000000,
        "depreciationAndAmortization": 36000000,
        "ebitda": 73000000,
        "ebitdaratio": 0.0357492654,
        "operatingIncome": 31000000,
        "operatingIncomeRatio": 0.0151811949,
        "totalOtherIncomeExpensesNet": -2000000,
        "incomeBeforeTax": 29000000,
        "incomeBeforeTaxRatio": 0.014201763,
        "incomeTaxExpense": -3000000,
        "netIncome": -274000000,
        "netIncomeRatio": -0.1341821743,
        "eps": -5.44,
        "epsdiluted": -5.44,
        "weightedAverageShsOut": 50367647,
        "weightedAverageShsOutDil": 50367647,
        "link": "https://www.sec.gov/Archives/edgar/data/800240/000156459022006232/0001564590-22-006232-index.htm",
        "finalLink": "https://www.sec.gov/Archives/edgar/data/800240/000156459022006232/odp-10k_20211225.htm"
    },
    {
        "date": "2021-09-25",
        "symbol": "ODP",
        "reportedCurrency": "USD",
        "cik": "0000800240",
        "fillingDate": "2021-11-03",
        "acceptedDate": "2021-11-03 16:02:47",
        "calendarYear": "2021",
        "period": "Q3",
        "revenue": 2179000000,
        "costOfRevenue": 1675000000,
        "grossProfit": 504000000,
        "grossProfitRatio": 0.2312987609,
        "researchAndDevelopmentExpenses": 0,
        "generalAndAdministrativeExpenses": 392000000,
        "sellingAndMarketingExpenses": 0,
        "sellingGeneralAndAdministrativeExpenses": 392000000,
        "otherExpenses": 8000000,
        "operatingExpenses": 400000000,
        "costAndExpenses": 2075000000,
        "interestIncome": 0,
        "interestExpense": 7000000,
        "depreciationAndAmortization": 36000000,
        "ebitda": 143000000,
        "ebitdaratio": 0.0656264341,
        "operatingIncome": 104000000,
        "operatingIncomeRatio": 0.0477283157,
        "totalOtherIncomeExpensesNet": -4000000,
        "incomeBeforeTax": 100000000,
        "incomeBeforeTaxRatio": 0.0458926113,
        "incomeTaxExpense": 27000000,
        "netIncome": 101000000,
        "netIncomeRatio": 0.0463515374,
        "eps": 1.92,
        "epsdiluted": 1.85,
        "weightedAverageShsOut": 53000000,
        "weightedAverageShsOutDil": 55000000,
        "link": "https://www.sec.gov/Archives/edgar/data/800240/000156459021053934/0001564590-21-053934-index.htm",
        "finalLink": "https://www.sec.gov/Archives/edgar/data/800240/000156459021053934/odp-10q_20210925.htm"
    },
    {
        "date": "2021-06-26",
        "symbol": "ODP",
        "reportedCurrency": "USD",
        "cik": "0000800240",
        "fillingDate": "2021-08-04",
        "acceptedDate": "2021-08-04 16:01:43",
        "calendarYear": "2021",
        "period": "Q2",
        "revenue": 2070000000,
        "costOfRevenue": 1638000000,
        "grossProfit": 432000000,
        "grossProfitRatio": 0.2086956522,
        "researchAndDevelopmentExpenses": 0,
        "generalAndAdministrativeExpenses": 403000000,
        "sellingAndMarketingExpenses": 0,
        "sellingGeneralAndAdministrativeExpenses": 403000000,
        "otherExpenses": -1000000,
        "operatingExpenses": 402000000,
        "costAndExpenses": 2040000000,
        "interestIncome": 0,
        "interestExpense": 6000000,
        "depreciationAndAmortization": 36000000,
        "ebitda": 71000000,
        "ebitdaratio": 0.0342995169,
        "operatingIncome": 30000000,
        "operatingIncomeRatio": 0.0144927536,
        "totalOtherIncomeExpensesNet": -1000000,
        "incomeBeforeTax": 29000000,
        "incomeBeforeTaxRatio": 0.0140096618,
        "incomeTaxExpense": 9000000,
        "netIncome": -88000000,
        "netIncomeRatio": -0.0425120773,
        "eps": -1.63,
        "epsdiluted": -1.57,
        "weightedAverageShsOut": 54000000,
        "weightedAverageShsOutDil": 56000000,
        "link": "https://www.sec.gov/Archives/edgar/data/800240/000156459021040785/0001564590-21-040785-index.htm",
        "finalLink": "https://www.sec.gov/Archives/edgar/data/800240/000156459021040785/odp-10q_20210626.htm"
    },
    {
        "date": "2021-03-27",
        "symbol": "ODP",
        "reportedCurrency": "USD",
        "cik": "0000800240",
        "fillingDate": "2021-05-05",
        "acceptedDate": "2021-05-05 16:02:13",
        "calendarYear": "2021",
        "period": "Q1",
        "revenue": 2174000000,
        "costOfRevenue": 1679000000,
        "grossProfit": 495000000,
        "grossProfitRatio": 0.2276908924,
        "researchAndDevelopmentExpenses": 0,
        "generalAndAdministrativeExpenses": 402000000,
        "sellingAndMarketingExpenses": 0,
        "sellingGeneralAndAdministrativeExpenses": 402000000,
        "otherExpenses": 24000000,
        "operatingExpenses": 426000000,
        "costAndExpenses": 2105000000,
        "interestIncome": 0,
        "interestExpense": 7000000,
        "depreciationAndAmortization": 38000000,
        "ebitda": 118000000,
        "ebitdaratio": 0.0542778289,
        "operatingIncome": 69000000,
        "operatingIncomeRatio": 0.0317387305,
        "totalOtherIncomeExpensesNet": 4000000,
        "incomeBeforeTax": 73000000,
        "incomeBeforeTaxRatio": 0.0335786569,
        "incomeTaxExpense": 10000000,
        "netIncome": 53000000,
        "netIncomeRatio": 0.0243790248,
        "eps": 0.99,
        "epsdiluted": 0.95,
        "weightedAverageShsOut": 53000000,
        "weightedAverageShsOutDil": 56000000,
        "link": "https://www.sec.gov/Archives/edgar/data/800240/000156459021024020/0001564590-21-024020-index.htm",
        "finalLink": "https://www.sec.gov/Archives/edgar/data/800240/000156459021024020/odp-10q_20210327.htm"
    },
    {
        "date": "2020-12-31",
        "symbol": "ODP",
        "reportedCurrency": "USD",
        "cik": "0000800240",
        "fillingDate": "2021-02-24",
        "acceptedDate": "2021-02-24 16:04:50",
        "calendarYear": "2020",
        "period": "Q4",
        "revenue": 2288000000,
        "costOfRevenue": 1791000000,
        "grossProfit": 497000000,
        "grossProfitRatio": 0.2172202797,
        "researchAndDevelopmentExpenses": 0,
        "generalAndAdministrativeExpenses": 454000000,
        "sellingAndMarketingExpenses": 0,
        "sellingGeneralAndAdministrativeExpenses": 454000000,
        "otherExpenses": 22000000,
        "operatingExpenses": 476000000,
        "costAndExpenses": 2267000000,
        "interestIncome": 1000000,
        "interestExpense": 7000000,
        "depreciationAndAmortization": 46000000,
        "ebitda": 68000000,
        "ebitdaratio": 0.0297202797,
        "operatingIncome": 21000000,
        "operatingIncomeRatio": 0.0091783217,
        "totalOtherIncomeExpensesNet": -6000000,
        "incomeBeforeTax": 15000000,
        "incomeBeforeTaxRatio": 0.0065559441,
        "incomeTaxExpense": -3000000,
        "netIncome": 18000000,
        "netIncomeRatio": 0.0078671329,
        "eps": 0.35,
        "epsdiluted": 0.34,
        "weightedAverageShsOut": 51428571,
        "weightedAverageShsOutDil": 52941176,
        "link": "https://www.sec.gov/Archives/edgar/data/800240/000156459021008074/0001564590-21-008074-index.htm",
        "finalLink": "https://www.sec.gov/Archives/edgar/data/800240/000156459021008074/odp-10k_20201226.htm"
    },
    {
        "date": "2020-09-26",
        "symbol": "ODP",
        "reportedCurrency": "USD",
        "cik": "0000800240",
        "fillingDate": "2020-11-05",
        "acceptedDate": "2020-11-05 16:02:42",
        "calendarYear": "2020",
        "period": "Q3",
        "revenue": 2347000000,
        "costOfRevenue": 1800000000,
        "grossProfit": 547000000,
        "grossProfitRatio": 0.2330634853,
        "researchAndDevelopmentExpenses": 0,
        "generalAndAdministrativeExpenses": 411000000,
        "sellingAndMarketingExpenses": 0,
        "sellingGeneralAndAdministrativeExpenses": 411000000,
        "otherExpenses": 34000000,
        "operatingExpenses": 445000000,
        "costAndExpenses": 2245000000,
        "interestIncome": 0,
        "interestExpense": 6000000,
        "depreciationAndAmortization": 22000000,
        "ebitda": 126000000,
        "ebitdaratio": 0.053685556,
        "operatingIncome": 102000000,
        "operatingIncomeRatio": 0.0434597358,
        "totalOtherIncomeExpensesNet": -4000000,
        "incomeBeforeTax": 98000000,
        "incomeBeforeTaxRatio": 0.0417554325,
        "incomeTaxExpense": 64000000,
        "netIncome": 57000000,
        "netIncomeRatio": 0.024286323,
        "eps": 1.07,
        "epsdiluted": 1.04,
        "weightedAverageShsOut": 53000000,
        "weightedAverageShsOutDil": 54000000,
        "link": "https://www.sec.gov/Archives/edgar/data/800240/000156459020051285/0001564590-20-051285-index.htm",
        "finalLink": "https://www.sec.gov/Archives/edgar/data/800240/000156459020051285/odp-10q_20200926.htm"
    },
    {
        "date": "2020-06-27",
        "symbol": "ODP",
        "reportedCurrency": "USD",
        "cik": "0000800240",
        "fillingDate": "2020-08-05",
        "acceptedDate": "2020-08-05 16:05:29",
        "calendarYear": "2020",
        "period": "Q2",
        "revenue": 2158000000,
        "costOfRevenue": 1742000000,
        "grossProfit": 416000000,
        "grossProfitRatio": 0.1927710843,
        "researchAndDevelopmentExpenses": 0,
        "generalAndAdministrativeExpenses": 406000000,
        "sellingAndMarketingExpenses": 0,
        "sellingGeneralAndAdministrativeExpenses": 406000000,
        "otherExpenses": 466000000,
        "operatingExpenses": 872000000,
        "costAndExpenses": 2614000000,
        "interestIncome": 0,
        "interestExpense": 11000000,
        "depreciationAndAmortization": 48000000,
        "ebitda": -416000000,
        "ebitdaratio": -0.1927710843,
        "operatingIncome": -456000000,
        "operatingIncomeRatio": -0.2113067655,
        "totalOtherIncomeExpensesNet": -19000000,
        "incomeBeforeTax": -475000000,
        "incomeBeforeTaxRatio": -0.2201112141,
        "incomeTaxExpense": -36000000,
        "netIncome": -439000000,
        "netIncomeRatio": -0.203429101,
        "eps": -8.28,
        "epsdiluted": -8.13,
        "weightedAverageShsOut": 53000000,
        "weightedAverageShsOutDil": 54000000,
        "link": "https://www.sec.gov/Archives/edgar/data/800240/000156459020036781/0001564590-20-036781-index.htm",
        "finalLink": "https://www.sec.gov/Archives/edgar/data/800240/000156459020036781/odp-10q_20200627.htm"
    },
    {
        "date": "2020-03-28",
        "symbol": "ODP",
        "reportedCurrency": "USD",
        "cik": "0000800240",
        "fillingDate": "2020-05-06",
        "acceptedDate": "2020-05-06 16:03:00",
        "calendarYear": "2020",
        "period": "Q1",
        "revenue": 2725000000,
        "costOfRevenue": 2096000000,
        "grossProfit": 629000000,
        "grossProfitRatio": 0.2308256881,
        "researchAndDevelopmentExpenses": 0,
        "generalAndAdministrativeExpenses": 521000000,
        "sellingAndMarketingExpenses": 0,
        "sellingGeneralAndAdministrativeExpenses": 521000000,
        "otherExpenses": 28000000,
        "operatingExpenses": 549000000,
        "costAndExpenses": 2645000000,
        "interestIncome": 3000000,
        "interestExpense": 18000000,
        "depreciationAndAmortization": 49000000,
        "ebitda": 133000000,
        "ebitdaratio": 0.0488073394,
        "operatingIncome": 80000000,
        "operatingIncomeRatio": 0.0293577982,
        "totalOtherIncomeExpensesNet": -14000000,
        "incomeBeforeTax": 66000000,
        "incomeBeforeTaxRatio": 0.0242201835,
        "incomeTaxExpense": 21000000,
        "netIncome": 45000000,
        "netIncomeRatio": 0.0165137615,
        "eps": 0.86,
        "epsdiluted": 0.84,
        "weightedAverageShsOut": 53000000,
        "weightedAverageShsOutDil": 54000000,
        "link": "https://www.sec.gov/Archives/edgar/data/800240/000156459020021907/0001564590-20-021907-index.htm",
        "finalLink": "https://www.sec.gov/Archives/edgar/data/800240/000156459020021907/odp-10q_20200328.htm"
    },
    {
        "date": "2019-12-31",
        "symbol": "ODP",
        "reportedCurrency": "USD",
        "cik": "0000800240",
        "fillingDate": "2020-02-26",
        "acceptedDate": "2020-02-26 16:06:00",
        "calendarYear": "2019",
        "period": "Q4",
        "revenue": 2508000000,
        "costOfRevenue": 1937000000,
        "grossProfit": 571000000,
        "grossProfitRatio": 0.2276714514,
        "researchAndDevelopmentExpenses": 0,
        "generalAndAdministrativeExpenses": 480000000,
        "sellingAndMarketingExpenses": 0,
        "sellingGeneralAndAdministrativeExpenses": 480000000,
        "otherExpenses": 17000000,
        "operatingExpenses": 497000000,
        "costAndExpenses": 2434000000,
        "interestIncome": 7000000,
        "interestExpense": 21000000,
        "depreciationAndAmortization": 50000000,
        "ebitda": 145000000,
        "ebitdaratio": 0.057814992,
        "operatingIncome": 74000000,
        "operatingIncomeRatio": 0.0295055821,
        "totalOtherIncomeExpensesNet": 0,
        "incomeBeforeTax": 74000000,
        "incomeBeforeTaxRatio": 0.0295055821,
        "incomeTaxExpense": 19000000,
        "netIncome": 55000000,
        "netIncomeRatio": 0.0219298246,
        "eps": 1,
        "epsdiluted": 1,
        "weightedAverageShsOut": 55000000,
        "weightedAverageShsOutDil": 55000000,
        "link": "https://www.sec.gov/Archives/edgar/data/800240/000156459020006770/0001564590-20-006770-index.htm",
        "finalLink": "https://www.sec.gov/Archives/edgar/data/800240/000156459020006770/odp-10k_20191228.htm"
    },
    {
        "date": "2019-09-28",
        "symbol": "ODP",
        "reportedCurrency": "USD",
        "cik": "0000800240",
        "fillingDate": "2019-11-06",
        "acceptedDate": "2019-11-06 16:04:04",
        "calendarYear": "2019",
        "period": "Q3",
        "revenue": 2782000000,
        "costOfRevenue": 2115000000,
        "grossProfit": 667000000,
        "grossProfitRatio": 0.2397555715,
        "researchAndDevelopmentExpenses": 0,
        "generalAndAdministrativeExpenses": 532000000,
        "sellingAndMarketingExpenses": 0,
        "sellingGeneralAndAdministrativeExpenses": 532000000,
        "otherExpenses": 27000000,
        "operatingExpenses": 559000000,
        "costAndExpenses": 2674000000,
        "interestIncome": 5000000,
        "interestExpense": 22000000,
        "depreciationAndAmortization": 52000000,
        "ebitda": 167000000,
        "ebitdaratio": 0.0600287563,
        "operatingIncome": 108000000,
        "operatingIncomeRatio": 0.0388209921,
        "totalOtherIncomeExpensesNet": -15000000,
        "incomeBeforeTax": 93000000,
        "incomeBeforeTaxRatio": 0.0334291876,
        "incomeTaxExpense": 33000000,
        "netIncome": 60000000,
        "netIncomeRatio": 0.0215672178,
        "eps": 1.09,
        "epsdiluted": 1.09,
        "weightedAverageShsOut": 55000000,
        "weightedAverageShsOutDil": 55000000,
        "link": "https://www.sec.gov/Archives/edgar/data/800240/000156459019040995/0001564590-19-040995-index.htm",
        "finalLink": "https://www.sec.gov/Archives/edgar/data/800240/000156459019040995/odp-10q_20190928.htm"
    },
    {
        "date": "2019-06-29",
        "symbol": "ODP",
        "reportedCurrency": "USD",
        "cik": "0000800240",
        "fillingDate": "2019-08-07",
        "acceptedDate": "2019-08-07 16:05:49",
        "calendarYear": "2019",
        "period": "Q2",
        "revenue": 2588000000,
        "costOfRevenue": 2003000000,
        "grossProfit": 585000000,
        "grossProfitRatio": 0.2260432767,
        "researchAndDevelopmentExpenses": 0,
        "generalAndAdministrativeExpenses": 515000000,
        "sellingAndMarketingExpenses": 0,
        "sellingGeneralAndAdministrativeExpenses": 515000000,
        "otherExpenses": 85000000,
        "operatingExpenses": 600000000,
        "costAndExpenses": 2603000000,
        "interestIncome": 5000000,
        "interestExpense": 23000000,
        "depreciationAndAmortization": 53000000,
        "ebitda": 45000000,
        "ebitdaratio": 0.0173879444,
        "operatingIncome": -15000000,
        "operatingIncomeRatio": -0.0057959815,
        "totalOtherIncomeExpensesNet": -16000000,
        "incomeBeforeTax": -31000000,
        "incomeBeforeTaxRatio": -0.0119783617,
        "incomeTaxExpense": -7000000,
        "netIncome": -24000000,
        "netIncomeRatio": -0.0092735703,
        "eps": -0.44,
        "epsdiluted": -0.44,
        "weightedAverageShsOut": 55000000,
        "weightedAverageShsOutDil": 55000000,
        "link": "https://www.sec.gov/Archives/edgar/data/800240/000156459019030044/0001564590-19-030044-index.htm",
        "finalLink": "https://www.sec.gov/Archives/edgar/data/800240/000156459019030044/odp-10q_20190629.htm"
    },
    {
        "date": "2019-03-30",
        "symbol": "ODP",
        "reportedCurrency": "USD",
        "cik": "0000800240",
        "fillingDate": "2019-05-08",
        "acceptedDate": "2019-05-08 16:05:55",
        "calendarYear": "2019",
        "period": "Q1",
        "revenue": 2769000000,
        "costOfRevenue": 2128000000,
        "grossProfit": 641000000,
        "grossProfitRatio": 0.2314915132,
        "researchAndDevelopmentExpenses": 0,
        "generalAndAdministrativeExpenses": 574000000,
        "sellingAndMarketingExpenses": 0,
        "sellingGeneralAndAdministrativeExpenses": 574000000,
        "otherExpenses": 43000000,
        "operatingExpenses": 617000000,
        "costAndExpenses": 2745000000,
        "interestIncome": 6000000,
        "interestExpense": 23000000,
        "depreciationAndAmortization": 49000000,
        "ebitda": 81000000,
        "ebitdaratio": 0.0292524377,
        "operatingIncome": 24000000,
        "operatingIncomeRatio": 0.0086673889,
        "totalOtherIncomeExpensesNet": -15000000,
        "incomeBeforeTax": 9000000,
        "incomeBeforeTaxRatio": 0.0032502709,
        "incomeTaxExpense": 1000000,
        "netIncome": 8000000,
        "netIncomeRatio": 0.0028891296,
        "eps": 0.15,
        "epsdiluted": 0.14,
        "weightedAverageShsOut": 54300000,
        "weightedAverageShsOutDil": 56100000,
        "link": "https://www.sec.gov/Archives/edgar/data/800240/000156459019017178/0001564590-19-017178-index.htm",
        "finalLink": "https://www.sec.gov/Archives/edgar/data/800240/000156459019017178/odp-10q_20190330.htm"
    },
    {
        "date": "2018-12-31",
        "symbol": "ODP",
        "reportedCurrency": "USD",
        "cik": "0000800240",
        "fillingDate": "2019-02-27",
        "acceptedDate": "2019-02-27 16:50:39",
        "calendarYear": "2018",
        "period": "Q4",
        "revenue": 2670000000,
        "costOfRevenue": 2068000000,
        "grossProfit": 602000000,
        "grossProfitRatio": 0.2254681648,
        "researchAndDevelopmentExpenses": 0,
        "generalAndAdministrativeExpenses": 544000000,
        "sellingAndMarketingExpenses": 0,
        "sellingGeneralAndAdministrativeExpenses": 544000000,
        "otherExpenses": 34000000,
        "operatingExpenses": 578000000,
        "costAndExpenses": 2646000000,
        "interestIncome": 7000000,
        "interestExpense": 30000000,
        "depreciationAndAmortization": 50000000,
        "ebitda": 70000000,
        "ebitdaratio": 0.0262172285,
        "operatingIncome": 24000000,
        "operatingIncomeRatio": 0.008988764,
        "totalOtherIncomeExpensesNet": -34000000,
        "incomeBeforeTax": -10000000,
        "incomeBeforeTaxRatio": -0.0037453184,
        "incomeTaxExpense": 4000000,
        "netIncome": -14000000,
        "netIncomeRatio": -0.0052434457,
        "eps": -0.2,
        "epsdiluted": -0.2,
        "weightedAverageShsOut": 70000000,
        "weightedAverageShsOutDil": 70000000,
        "link": "https://www.sec.gov/Archives/edgar/data/800240/000156459019004964/0001564590-19-004964-index.htm",
        "finalLink": "https://www.sec.gov/Archives/edgar/data/800240/000156459019004964/odp-10k_20181229.htm"
    },
    {
        "date": "2018-09-29",
        "symbol": "ODP",
        "reportedCurrency": "USD",
        "cik": "0000800240",
        "fillingDate": "2018-11-07",
        "acceptedDate": "2018-11-07 16:11:38",
        "calendarYear": "2018",
        "period": "Q3",
        "revenue": 2887000000,
        "costOfRevenue": 2201000000,
        "grossProfit": 686000000,
        "grossProfitRatio": 0.2376169034,
        "researchAndDevelopmentExpenses": 0,
        "generalAndAdministrativeExpenses": 567000000,
        "sellingAndMarketingExpenses": 0,
        "sellingGeneralAndAdministrativeExpenses": 567000000,
        "otherExpenses": 14000000,
        "operatingExpenses": 581000000,
        "costAndExpenses": 2782000000,
        "interestIncome": 7000000,
        "interestExpense": 31000000,
        "depreciationAndAmortization": 44000000,
        "ebitda": 160000000,
        "ebitdaratio": 0.0554208521,
        "operatingIncome": 105000000,
        "operatingIncomeRatio": 0.0363699342,
        "totalOtherIncomeExpensesNet": -20000000,
        "incomeBeforeTax": 85000000,
        "incomeBeforeTaxRatio": 0.0294423277,
        "incomeTaxExpense": 25000000,
        "netIncome": 60000000,
        "netIncomeRatio": 0.0207828195,
        "eps": 1.1,
        "epsdiluted": 1.1,
        "weightedAverageShsOut": 55100000,
        "weightedAverageShsOutDil": 56400000,
        "link": "https://www.sec.gov/Archives/edgar/data/800240/000156459018028015/0001564590-18-028015-index.htm",
        "finalLink": "https://www.sec.gov/Archives/edgar/data/800240/000156459018028015/odp-10q_20180929.htm"
    },
    {
        "date": "2018-06-30",
        "symbol": "ODP",
        "reportedCurrency": "USD",
        "cik": "0000800240",
        "fillingDate": "2018-08-07",
        "acceptedDate": "2018-08-07 16:10:50",
        "calendarYear": "2018",
        "period": "Q2",
        "revenue": 2628000000,
        "costOfRevenue": 2032000000,
        "grossProfit": 596000000,
        "grossProfitRatio": 0.2267884323,
        "researchAndDevelopmentExpenses": 0,
        "generalAndAdministrativeExpenses": 534000000,
        "sellingAndMarketingExpenses": 0,
        "sellingGeneralAndAdministrativeExpenses": 534000000,
        "otherExpenses": 14000000,
        "operatingExpenses": 548000000,
        "costAndExpenses": 2580000000,
        "interestIncome": 6000000,
        "interestExpense": 31000000,
        "depreciationAndAmortization": 51000000,
        "ebitda": 110000000,
        "ebitdaratio": 0.0418569254,
        "operatingIncome": 48000000,
        "operatingIncomeRatio": 0.0182648402,
        "totalOtherIncomeExpensesNet": -20000000,
        "incomeBeforeTax": 28000000,
        "incomeBeforeTaxRatio": 0.0106544901,
        "incomeTaxExpense": 9000000,
        "netIncome": 16000000,
        "netIncomeRatio": 0.0060882801,
        "eps": 0.3,
        "epsdiluted": 0.3,
        "weightedAverageShsOut": 55700000,
        "weightedAverageShsOutDil": 56500000,
        "link": "https://www.sec.gov/Archives/edgar/data/800240/000156459018019927/0001564590-18-019927-index.htm",
        "finalLink": "https://www.sec.gov/Archives/edgar/data/800240/000156459018019927/odp-10q_20180630.htm"
    },
    {
        "date": "2018-03-31",
        "symbol": "ODP",
        "reportedCurrency": "USD",
        "cik": "0000800240",
        "fillingDate": "2018-05-09",
        "acceptedDate": "2018-05-09 06:54:55",
        "calendarYear": "2018",
        "period": "Q1",
        "revenue": 2830000000,
        "costOfRevenue": 2163000000,
        "grossProfit": 667000000,
        "grossProfitRatio": 0.2356890459,
        "researchAndDevelopmentExpenses": 0,
        "generalAndAdministrativeExpenses": 573000000,
        "sellingAndMarketingExpenses": 0,
        "sellingGeneralAndAdministrativeExpenses": 573000000,
        "otherExpenses": 17000000,
        "operatingExpenses": 590000000,
        "costAndExpenses": 2753000000,
        "interestIncome": 6000000,
        "interestExpense": 29000000,
        "depreciationAndAmortization": 47000000,
        "ebitda": 131000000,
        "ebitdaratio": 0.0462897527,
        "operatingIncome": 77000000,
        "operatingIncomeRatio": 0.0272084806,
        "totalOtherIncomeExpensesNet": -22000000,
        "incomeBeforeTax": 55000000,
        "incomeBeforeTaxRatio": 0.019434629,
        "incomeTaxExpense": 22000000,
        "netIncome": 41000000,
        "netIncomeRatio": 0.0144876325,
        "eps": 0.7,
        "epsdiluted": 0.7,
        "weightedAverageShsOut": 55500000,
        "weightedAverageShsOutDil": 56300000,
        "link": "https://www.sec.gov/Archives/edgar/data/800240/000119312518156739/0001193125-18-156739-index.htm",
        "finalLink": "https://www.sec.gov/Archives/edgar/data/800240/000119312518156739/d573848d10q.htm"
    },
    {
        "date": "2017-12-31",
        "symbol": "ODP",
        "reportedCurrency": "USD",
        "cik": "0000800240",
        "fillingDate": "2018-02-28",
        "acceptedDate": "2018-02-28 06:57:49",
        "calendarYear": "2017",
        "period": "Q4",
        "revenue": 2581000000,
        "costOfRevenue": 1974000000,
        "grossProfit": 607000000,
        "grossProfitRatio": 0.2351801627,
        "researchAndDevelopmentExpenses": 0,
        "generalAndAdministrativeExpenses": 513000000,
        "sellingAndMarketingExpenses": 0,
        "sellingGeneralAndAdministrativeExpenses": 513000000,
        "otherExpenses": 35000000,
        "operatingExpenses": 548000000,
        "costAndExpenses": 2522000000,
        "interestIncome": 5000000,
        "interestExpense": 23000000,
        "depreciationAndAmortization": 43000000,
        "ebitda": 107000000,
        "ebitdaratio": 0.0414567997,
        "operatingIncome": 59000000,
        "operatingIncomeRatio": 0.0228593568,
        "totalOtherIncomeExpensesNet": -18000000,
        "incomeBeforeTax": 41000000,
        "incomeBeforeTaxRatio": 0.0158853158,
        "incomeTaxExpense": 90000000,
        "netIncome": -52000000,
        "netIncomeRatio": -0.0201472298,
        "eps": -1.04,
        "epsdiluted": -1,
        "weightedAverageShsOut": 49882318,
        "weightedAverageShsOutDil": 52000000,
        "link": "https://www.sec.gov/Archives/edgar/data/800240/000119312518062066/0001193125-18-062066-index.htm",
        "finalLink": "https://www.sec.gov/Archives/edgar/data/800240/000119312518062066/d532920d10k.htm"
    },
    {
        "date": "2017-09-30",
        "symbol": "ODP",
        "reportedCurrency": "USD",
        "cik": "0000800240",
        "fillingDate": "2017-11-09",
        "acceptedDate": "2017-11-09 06:54:01",
        "calendarYear": "2017",
        "period": "Q3",
        "revenue": 2620000000,
        "costOfRevenue": 1987000000,
        "grossProfit": 633000000,
        "grossProfitRatio": 0.2416030534,
        "researchAndDevelopmentExpenses": 0,
        "generalAndAdministrativeExpenses": 506000000,
        "sellingAndMarketingExpenses": 0,
        "sellingGeneralAndAdministrativeExpenses": 506000000,
        "otherExpenses": 22000000,
        "operatingExpenses": 528000000,
        "costAndExpenses": 2515000000,
        "interestIncome": 6000000,
        "interestExpense": 13000000,
        "depreciationAndAmortization": 37000000,
        "ebitda": 150000000,
        "ebitdaratio": 0.0572519084,
        "operatingIncome": 105000000,
        "operatingIncomeRatio": 0.0400763359,
        "totalOtherIncomeExpensesNet": -5000000,
        "incomeBeforeTax": 100000000,
        "incomeBeforeTaxRatio": 0.0381679389,
        "incomeTaxExpense": 2000000,
        "netIncome": 92000000,
        "netIncomeRatio": 0.0351145038,
        "eps": 1.8,
        "epsdiluted": 1.7,
        "weightedAverageShsOut": 51800000,
        "weightedAverageShsOutDil": 53100000,
        "link": "https://www.sec.gov/Archives/edgar/data/800240/000119312517337983/0001193125-17-337983-index.htm",
        "finalLink": "https://www.sec.gov/Archives/edgar/data/800240/000119312517337983/d473276d10q.htm"
    },
    {
        "date": "2017-07-01",
        "symbol": "ODP",
        "reportedCurrency": "USD",
        "cik": "0000800240",
        "fillingDate": "2017-08-09",
        "acceptedDate": "2017-08-09 06:54:57",
        "calendarYear": "2017",
        "period": "Q2",
        "revenue": 2363000000,
        "costOfRevenue": 1818000000,
        "grossProfit": 545000000,
        "grossProfitRatio": 0.2306390182,
        "researchAndDevelopmentExpenses": 0,
        "generalAndAdministrativeExpenses": 483000000,
        "sellingAndMarketingExpenses": 0,
        "sellingGeneralAndAdministrativeExpenses": 483000000,
        "otherExpenses": 21000000,
        "operatingExpenses": 504000000,
        "costAndExpenses": 2322000000,
        "interestIncome": 6000000,
        "interestExpense": 14000000,
        "depreciationAndAmortization": 39000000,
        "ebitda": 88000000,
        "ebitdaratio": 0.0372407956,
        "operatingIncome": 41000000,
        "operatingIncomeRatio": 0.0173508252,
        "totalOtherIncomeExpensesNet": -6000000,
        "incomeBeforeTax": 35000000,
        "incomeBeforeTaxRatio": 0.0148116801,
        "incomeTaxExpense": 14000000,
        "netIncome": 24000000,
        "netIncomeRatio": 0.0101565806,
        "eps": 0.5,
        "epsdiluted": 0.5,
        "weightedAverageShsOut": 51800000,
        "weightedAverageShsOutDil": 53200000,
        "link": "https://www.sec.gov/Archives/edgar/data/800240/000119312517252016/0001193125-17-252016-index.htm",
        "finalLink": "https://www.sec.gov/Archives/edgar/data/800240/000119312517252016/d412669d10q.htm"
    },
    {
        "date": "2017-04-01",
        "symbol": "ODP",
        "reportedCurrency": "USD",
        "cik": "0000800240",
        "fillingDate": "2017-05-09",
        "acceptedDate": "2017-05-09 06:54:52",
        "calendarYear": "2017",
        "period": "Q1",
        "revenue": 2676000000,
        "costOfRevenue": 2001000000,
        "grossProfit": 675000000,
        "grossProfitRatio": 0.2522421525,
        "researchAndDevelopmentExpenses": 0,
        "generalAndAdministrativeExpenses": 531000000,
        "sellingAndMarketingExpenses": 0,
        "sellingGeneralAndAdministrativeExpenses": 531000000,
        "otherExpenses": 20000000,
        "operatingExpenses": 551000000,
        "costAndExpenses": 2552000000,
        "interestIncome": 6000000,
        "interestExpense": 13000000,
        "depreciationAndAmortization": 40000000,
        "ebitda": 174000000,
        "ebitdaratio": 0.0650224215,
        "operatingIncome": 124000000,
        "operatingIncomeRatio": 0.0463378176,
        "totalOtherIncomeExpensesNet": -3000000,
        "incomeBeforeTax": 121000000,
        "incomeBeforeTaxRatio": 0.0452167414,
        "incomeTaxExpense": 47000000,
        "netIncome": 116000000,
        "netIncomeRatio": 0.043348281,
        "eps": 2.2,
        "epsdiluted": 2.2,
        "weightedAverageShsOut": 51500000,
        "weightedAverageShsOutDil": 51500000,
        "link": "https://www.sec.gov/Archives/edgar/data/800240/000119312517163360/0001193125-17-163360-index.htm",
        "finalLink": "https://www.sec.gov/Archives/edgar/data/800240/000119312517163360/d368697d10q.htm"
    },
    {
        "date": "2016-12-31",
        "symbol": "ODP",
        "reportedCurrency": "USD",
        "cik": "0000800240",
        "fillingDate": "2017-03-01",
        "acceptedDate": "2017-03-01 06:57:45",
        "calendarYear": "2016",
        "period": "Q4",
        "revenue": 2726000000,
        "costOfRevenue": 2072000000,
        "grossProfit": 654000000,
        "grossProfitRatio": 0.2399119589,
        "researchAndDevelopmentExpenses": 0,
        "generalAndAdministrativeExpenses": 548000000,
        "sellingAndMarketingExpenses": 0,
        "sellingGeneralAndAdministrativeExpenses": 548000000,
        "otherExpenses": 48000000,
        "operatingExpenses": 596000000,
        "costAndExpenses": 2668000000,
        "interestIncome": 5000000,
        "interestExpense": 17000000,
        "depreciationAndAmortization": 41000000,
        "ebitda": 104000000,
        "ebitdaratio": 0.0381511372,
        "operatingIncome": 58000000,
        "operatingIncomeRatio": 0.0212765957,
        "totalOtherIncomeExpensesNet": -12000000,
        "incomeBeforeTax": 46000000,
        "incomeBeforeTaxRatio": 0.0168745415,
        "incomeTaxExpense": -9000000,
        "netIncome": 229000000,
        "netIncomeRatio": 0.0840058694,
        "eps": 4.29,
        "epsdiluted": 4.29,
        "weightedAverageShsOut": 53333333,
        "weightedAverageShsOutDil": 53333333,
        "link": "https://www.sec.gov/Archives/edgar/data/800240/000119312517063841/0001193125-17-063841-index.htm",
        "finalLink": "https://www.sec.gov/Archives/edgar/data/800240/000119312517063841/d323665d10k.htm"
    },
    {
        "date": "2016-09-24",
        "symbol": "ODP",
        "reportedCurrency": "USD",
        "cik": "0000800240",
        "fillingDate": "2016-11-02",
        "acceptedDate": "2016-11-02 06:57:03",
        "calendarYear": "2016",
        "period": "Q3",
        "revenue": 2836000000,
        "costOfRevenue": 2110000000,
        "grossProfit": 726000000,
        "grossProfitRatio": 0.2559943583,
        "researchAndDevelopmentExpenses": 0,
        "generalAndAdministrativeExpenses": 569000000,
        "sellingAndMarketingExpenses": 0,
        "sellingGeneralAndAdministrativeExpenses": 569000000,
        "otherExpenses": 40000000,
        "operatingExpenses": 609000000,
        "costAndExpenses": 2719000000,
        "interestIncome": 6000000,
        "interestExpense": 19000000,
        "depreciationAndAmortization": 43000000,
        "ebitda": 152000000,
        "ebitdaratio": 0.053596615,
        "operatingIncome": 117000000,
        "operatingIncomeRatio": 0.0412552891,
        "totalOtherIncomeExpensesNet": -27000000,
        "incomeBeforeTax": 90000000,
        "incomeBeforeTaxRatio": 0.0317348378,
        "incomeTaxExpense": -240000000,
        "netIncome": 193000000,
        "netIncomeRatio": 0.0680535966,
        "eps": 3.61,
        "epsdiluted": 3.54,
        "weightedAverageShsOut": 53500000,
        "weightedAverageShsOutDil": 54500000,
        "link": "https://www.sec.gov/Archives/edgar/data/800240/000119312516756142/0001193125-16-756142-index.htm",
        "finalLink": "https://www.sec.gov/Archives/edgar/data/800240/000119312516756142/d263450d10q.htm"
    },
    {
        "date": "2016-06-25",
        "symbol": "ODP",
        "reportedCurrency": "USD",
        "cik": "0000800240",
        "fillingDate": "2016-08-03",
        "acceptedDate": "2016-08-03 06:56:02",
        "calendarYear": "2016",
        "period": "Q2",
        "revenue": 2583000000,
        "costOfRevenue": 1970000000,
        "grossProfit": 613000000,
        "grossProfitRatio": 0.2373209446,
        "researchAndDevelopmentExpenses": 0,
        "generalAndAdministrativeExpenses": 535000000,
        "sellingAndMarketingExpenses": 0,
        "sellingGeneralAndAdministrativeExpenses": 535000000,
        "otherExpenses": -193000000,
        "operatingExpenses": 342000000,
        "costAndExpenses": 2312000000,
        "interestIncome": 6000000,
        "interestExpense": 23000000,
        "depreciationAndAmortization": 49000000,
        "ebitda": 326000000,
        "ebitdaratio": 0.1262098335,
        "operatingIncome": 271000000,
        "operatingIncomeRatio": 0.1049167635,
        "totalOtherIncomeExpensesNet": -17000000,
        "incomeBeforeTax": 254000000,
        "incomeBeforeTaxRatio": 0.0983352691,
        "incomeTaxExpense": 22000000,
        "netIncome": 210000000,
        "netIncomeRatio": 0.081300813,
        "eps": 3.8,
        "epsdiluted": 3.8,
        "weightedAverageShsOut": 55000000,
        "weightedAverageShsOutDil": 56000000,
        "link": "https://www.sec.gov/Archives/edgar/data/800240/000119312516669103/0001193125-16-669103-index.htm",
        "finalLink": "https://www.sec.gov/Archives/edgar/data/800240/000119312516669103/d164025d10q.htm"
    },
    {
        "date": "2016-03-26",
        "symbol": "ODP",
        "reportedCurrency": "USD",
        "cik": "0000800240",
        "fillingDate": "2016-04-26",
        "acceptedDate": "2016-04-26 06:59:32",
        "calendarYear": "2016",
        "period": "Q1",
        "revenue": 2876000000,
        "costOfRevenue": 2161000000,
        "grossProfit": 715000000,
        "grossProfitRatio": 0.2486091794,
        "researchAndDevelopmentExpenses": 0,
        "generalAndAdministrativeExpenses": 591000000,
        "sellingAndMarketingExpenses": 0,
        "sellingGeneralAndAdministrativeExpenses": 591000000,
        "otherExpenses": 39000000,
        "operatingExpenses": 630000000,
        "costAndExpenses": 2791000000,
        "interestIncome": 6000000,
        "interestExpense": 22000000,
        "depreciationAndAmortization": 48000000,
        "ebitda": 139000000,
        "ebitdaratio": 0.0483310153,
        "operatingIncome": 85000000,
        "operatingIncomeRatio": 0.0295549374,
        "totalOtherIncomeExpensesNet": -16000000,
        "incomeBeforeTax": 69000000,
        "incomeBeforeTaxRatio": 0.0239916551,
        "incomeTaxExpense": 7000000,
        "netIncome": 46000000,
        "netIncomeRatio": 0.0159944367,
        "eps": 0.8,
        "epsdiluted": 0.8,
        "weightedAverageShsOut": 54900000,
        "weightedAverageShsOutDil": 55500000,
        "link": "https://www.sec.gov/Archives/edgar/data/800240/000119312516555048/0001193125-16-555048-index.htm",
        "finalLink": "https://www.sec.gov/Archives/edgar/data/800240/000119312516555048/d158884d10q.htm"
    },
    {
        "date": "2015-12-31",
        "symbol": "ODP",
        "reportedCurrency": "USD",
        "cik": "0000800240",
        "fillingDate": "2016-02-23",
        "acceptedDate": "2016-02-23 06:55:16",
        "calendarYear": "2015",
        "period": "Q4",
        "revenue": 3478000000,
        "costOfRevenue": 2664000000,
        "grossProfit": 814000000,
        "grossProfitRatio": 0.2340425532,
        "researchAndDevelopmentExpenses": 0,
        "generalAndAdministrativeExpenses": 726000000,
        "sellingAndMarketingExpenses": 0,
        "sellingGeneralAndAdministrativeExpenses": 726000000,
        "otherExpenses": 61000000,
        "operatingExpenses": 787000000,
        "costAndExpenses": 3451000000,
        "interestIncome": 6000000,
        "interestExpense": 22000000,
        "depreciationAndAmortization": 63000000,
        "ebitda": 96000000,
        "ebitdaratio": 0.0276020702,
        "operatingIncome": 27000000,
        "operatingIncomeRatio": 0.0077630822,
        "totalOtherIncomeExpensesNet": -16000000,
        "incomeBeforeTax": 11000000,
        "incomeBeforeTaxRatio": 0.0031627372,
        "incomeTaxExpense": -4000000,
        "netIncome": 15000000,
        "netIncomeRatio": 0.0043128235,
        "eps": 0.3,
        "epsdiluted": 0.3,
        "weightedAverageShsOut": 50000000,
        "weightedAverageShsOutDil": 50000000,
        "link": "https://www.sec.gov/Archives/edgar/data/800240/000119312516472490/0001193125-16-472490-index.htm",
        "finalLink": "https://www.sec.gov/Archives/edgar/data/800240/000119312516472490/d82066d10k.htm"
    },
    {
        "date": "2015-09-26",
        "symbol": "ODP",
        "reportedCurrency": "USD",
        "cik": "0000800240",
        "fillingDate": "2015-11-03",
        "acceptedDate": "2015-11-03 06:56:08",
        "calendarYear": "2015",
        "period": "Q3",
        "revenue": 3046000000,
        "costOfRevenue": 2259000000,
        "grossProfit": 787000000,
        "grossProfitRatio": 0.2583716349,
        "researchAndDevelopmentExpenses": 0,
        "generalAndAdministrativeExpenses": 626000000,
        "sellingAndMarketingExpenses": 0,
        "sellingGeneralAndAdministrativeExpenses": 626000000,
        "otherExpenses": 80000000,
        "operatingExpenses": 706000000,
        "costAndExpenses": 2965000000,
        "interestIncome": 5000000,
        "interestExpense": 22000000,
        "depreciationAndAmortization": 47000000,
        "ebitda": 132000000,
        "ebitdaratio": 0.043335522,
        "operatingIncome": 81000000,
        "operatingIncomeRatio": 0.0265922521,
        "totalOtherIncomeExpensesNet": -18000000,
        "incomeBeforeTax": 63000000,
        "incomeBeforeTaxRatio": 0.0206828628,
        "incomeTaxExpense": 21000000,
        "netIncome": 6000000,
        "netIncomeRatio": 0.0019697965,
        "eps": 0.1,
        "epsdiluted": 0.1,
        "weightedAverageShsOut": 54800000,
        "weightedAverageShsOutDil": 55600000,
        "link": "https://www.sec.gov/Archives/edgar/data/800240/000119312515363266/0001193125-15-363266-index.htm",
        "finalLink": "https://www.sec.gov/Archives/edgar/data/800240/000119312515363266/d13103d10q.htm"
    },
    {
        "date": "2015-06-27",
        "symbol": "ODP",
        "reportedCurrency": "USD",
        "cik": "0000800240",
        "fillingDate": "2015-08-04",
        "acceptedDate": "2015-08-04 06:58:25",
        "calendarYear": "2015",
        "period": "Q2",
        "revenue": 3440000000,
        "costOfRevenue": 2626000000,
        "grossProfit": 814000000,
        "grossProfitRatio": 0.236627907,
        "researchAndDevelopmentExpenses": 0,
        "generalAndAdministrativeExpenses": 741000000,
        "sellingAndMarketingExpenses": 0,
        "sellingGeneralAndAdministrativeExpenses": 741000000,
        "otherExpenses": 124000000,
        "operatingExpenses": 865000000,
        "costAndExpenses": 3491000000,
        "interestIncome": 6000000,
        "interestExpense": 23000000,
        "depreciationAndAmortization": 76000000,
        "ebitda": 32000000,
        "ebitdaratio": 0.0093023256,
        "operatingIncome": -51000000,
        "operatingIncomeRatio": -0.0148255814,
        "totalOtherIncomeExpensesNet": -16000000,
        "incomeBeforeTax": -67000000,
        "incomeBeforeTaxRatio": -0.0194767442,
        "incomeTaxExpense": -9000000,
        "netIncome": -58000000,
        "netIncomeRatio": -0.0168604651,
        "eps": -1.08,
        "epsdiluted": -1.06,
        "weightedAverageShsOut": 53873612,
        "weightedAverageShsOutDil": 54700000,
        "link": "https://www.sec.gov/Archives/edgar/data/800240/000119312515275644/0001193125-15-275644-index.htm",
        "finalLink": "https://www.sec.gov/Archives/edgar/data/800240/000119312515275644/d945838d10q.htm"
    },
    {
        "date": "2015-03-28",
        "symbol": "ODP",
        "reportedCurrency": "USD",
        "cik": "0000800240",
        "fillingDate": "2015-05-05",
        "acceptedDate": "2015-05-05 06:54:04",
        "calendarYear": "2015",
        "period": "Q1",
        "revenue": 3877000000,
        "costOfRevenue": 2940000000,
        "grossProfit": 937000000,
        "grossProfitRatio": 0.2416817127,
        "researchAndDevelopmentExpenses": 0,
        "generalAndAdministrativeExpenses": 801000000,
        "sellingAndMarketingExpenses": 0,
        "sellingGeneralAndAdministrativeExpenses": 801000000,
        "otherExpenses": 48000000,
        "operatingExpenses": 849000000,
        "costAndExpenses": 3789000000,
        "interestIncome": 6000000,
        "interestExpense": 25000000,
        "depreciationAndAmortization": 74000000,
        "ebitda": 169000000,
        "ebitdaratio": 0.043590405,
        "operatingIncome": 88000000,
        "operatingIncomeRatio": 0.0226979623,
        "totalOtherIncomeExpensesNet": -18000000,
        "incomeBeforeTax": 70000000,
        "incomeBeforeTaxRatio": 0.0180551973,
        "incomeTaxExpense": 25000000,
        "netIncome": 45000000,
        "netIncomeRatio": 0.0116069126,
        "eps": 0.8,
        "epsdiluted": 0.8,
        "weightedAverageShsOut": 54400000,
        "weightedAverageShsOutDil": 55300000,
        "link": "https://www.sec.gov/Archives/edgar/data/800240/000119312515170095/0001193125-15-170095-index.htm",
        "finalLink": "https://www.sec.gov/Archives/edgar/data/800240/000119312515170095/d900608d10q.htm"
    },
    {
        "date": "2014-12-31",
        "symbol": "ODP",
        "reportedCurrency": "USD",
        "cik": "0000800240",
        "fillingDate": "2015-02-24",
        "acceptedDate": "2015-02-24 07:02:30",
        "calendarYear": "2014",
        "period": "Q4",
        "revenue": 3833000000,
        "costOfRevenue": 2942000000,
        "grossProfit": 891000000,
        "grossProfitRatio": 0.2324549961,
        "researchAndDevelopmentExpenses": 0,
        "generalAndAdministrativeExpenses": 814000000,
        "sellingAndMarketingExpenses": 0,
        "sellingGeneralAndAdministrativeExpenses": 814000000,
        "otherExpenses": 138000000,
        "operatingExpenses": 952000000,
        "costAndExpenses": 3894000000,
        "interestIncome": 6000000,
        "interestExpense": 24000000,
        "depreciationAndAmortization": 80000000,
        "ebitda": 26000000,
        "ebitdaratio": 0.0067831985,
        "operatingIncome": -61000000,
        "operatingIncomeRatio": -0.0159144273,
        "totalOtherIncomeExpensesNet": -17000000,
        "incomeBeforeTax": -78000000,
        "incomeBeforeTaxRatio": -0.0203495956,
        "incomeTaxExpense": 6000000,
        "netIncome": -84000000,
        "netIncomeRatio": -0.0219149491,
        "eps": -1.5,
        "epsdiluted": -1.5,
        "weightedAverageShsOut": 56000000,
        "weightedAverageShsOutDil": 56000000,
        "link": "https://www.sec.gov/Archives/edgar/data/800240/000119312515059042/0001193125-15-059042-index.htm",
        "finalLink": "https://www.sec.gov/Archives/edgar/data/800240/000119312515059042/d841032d10k.htm"
    },
    {
        "date": "2014-09-27",
        "symbol": "ODP",
        "reportedCurrency": "USD",
        "cik": "0000800240",
        "fillingDate": "2014-11-04",
        "acceptedDate": "2014-11-04 06:54:02",
        "calendarYear": "2014",
        "period": "Q3",
        "revenue": 4069000000,
        "costOfRevenue": 3082000000,
        "grossProfit": 987000000,
        "grossProfitRatio": 0.242565741,
        "researchAndDevelopmentExpenses": 0,
        "generalAndAdministrativeExpenses": 860000000,
        "sellingAndMarketingExpenses": 0,
        "sellingGeneralAndAdministrativeExpenses": 860000000,
        "otherExpenses": 78000000,
        "operatingExpenses": 938000000,
        "costAndExpenses": 4020000000,
        "interestIncome": 6000000,
        "interestExpense": 25000000,
        "depreciationAndAmortization": 78000000,
        "ebitda": 134000000,
        "ebitdaratio": 0.0329319243,
        "operatingIncome": 49000000,
        "operatingIncomeRatio": 0.0120422708,
        "totalOtherIncomeExpensesNet": -18000000,
        "incomeBeforeTax": 31000000,
        "incomeBeforeTaxRatio": 0.0076185795,
        "incomeTaxExpense": 2000000,
        "netIncome": 29000000,
        "netIncomeRatio": 0.0071270582,
        "eps": 0.5,
        "epsdiluted": 0.5,
        "weightedAverageShsOut": 53600000,
        "weightedAverageShsOutDil": 54500000,
        "link": "https://www.sec.gov/Archives/edgar/data/800240/000119312514395039/0001193125-14-395039-index.htm",
        "finalLink": "https://www.sec.gov/Archives/edgar/data/800240/000119312514395039/d791986d10q.htm"
    },
    {
        "date": "2014-06-28",
        "symbol": "ODP",
        "reportedCurrency": "USD",
        "cik": "0000800240",
        "fillingDate": "2014-08-05",
        "acceptedDate": "2014-08-05 07:01:31",
        "calendarYear": "2014",
        "period": "Q2",
        "revenue": 3841000000,
        "costOfRevenue": 2958000000,
        "grossProfit": 883000000,
        "grossProfitRatio": 0.22988805,
        "researchAndDevelopmentExpenses": 0,
        "generalAndAdministrativeExpenses": 943000000,
        "sellingAndMarketingExpenses": 0,
        "sellingGeneralAndAdministrativeExpenses": 943000000,
        "otherExpenses": 125000000,
        "operatingExpenses": 1068000000,
        "costAndExpenses": 4026000000,
        "interestIncome": 6000000,
        "interestExpense": 16000000,
        "depreciationAndAmortization": 78000000,
        "ebitda": -103000000,
        "ebitdaratio": -0.0268159334,
        "operatingIncome": -185000000,
        "operatingIncomeRatio": -0.0481645405,
        "totalOtherIncomeExpensesNet": -12000000,
        "incomeBeforeTax": -197000000,
        "incomeBeforeTaxRatio": -0.0512887269,
        "incomeTaxExpense": -8000000,
        "netIncome": -190000000,
        "netIncomeRatio": -0.0494662848,
        "eps": -3.6,
        "epsdiluted": -3.55,
        "weightedAverageShsOut": 52777777,
        "weightedAverageShsOutDil": 53500000,
        "link": "https://www.sec.gov/Archives/edgar/data/800240/000119312514294476/0001193125-14-294476-index.htm",
        "finalLink": "https://www.sec.gov/Archives/edgar/data/800240/000119312514294476/d746773d10q.htm"
    },
    {
        "date": "2014-03-29",
        "symbol": "ODP",
        "reportedCurrency": "USD",
        "cik": "0000800240",
        "fillingDate": "2014-05-06",
        "acceptedDate": "2014-05-06 07:01:53",
        "calendarYear": "2014",
        "period": "Q1",
        "revenue": 4354000000,
        "costOfRevenue": 3339000000,
        "grossProfit": 1015000000,
        "grossProfitRatio": 0.2331189711,
        "researchAndDevelopmentExpenses": 0,
        "generalAndAdministrativeExpenses": 943000000,
        "sellingAndMarketingExpenses": 0,
        "sellingGeneralAndAdministrativeExpenses": 943000000,
        "otherExpenses": 151000000,
        "operatingExpenses": 1094000000,
        "costAndExpenses": 4433000000,
        "interestIncome": 6000000,
        "interestExpense": 25000000,
        "depreciationAndAmortization": 77000000,
        "ebitda": 5000000,
        "ebitdaratio": 0.0011483693,
        "operatingIncome": -79000000,
        "operatingIncomeRatio": -0.0181442352,
        "totalOtherIncomeExpensesNet": -18000000,
        "incomeBeforeTax": -97000000,
        "incomeBeforeTaxRatio": -0.0222783647,
        "incomeTaxExpense": 11000000,
        "netIncome": -109000000,
        "netIncomeRatio": -0.0250344511,
        "eps": -2.1,
        "epsdiluted": -2.06,
        "weightedAverageShsOut": 51904761,
        "weightedAverageShsOutDil": 53000000,
        "link": "https://www.sec.gov/Archives/edgar/data/800240/000119312514183565/0001193125-14-183565-index.htm",
        "finalLink": "https://www.sec.gov/Archives/edgar/data/800240/000119312514183565/d700848d10q.htm"
    },
    {
        "date": "2013-12-31",
        "symbol": "ODP",
        "reportedCurrency": "USD",
        "cik": "0000800240",
        "fillingDate": "2014-02-25",
        "acceptedDate": "2014-02-25 06:14:00",
        "calendarYear": "2013",
        "period": "Q4",
        "revenue": 3485673000,
        "costOfRevenue": 2698382000,
        "grossProfit": 787291000,
        "grossProfitRatio": 0.2258648473,
        "researchAndDevelopmentExpenses": 0,
        "generalAndAdministrativeExpenses": 0,
        "sellingAndMarketingExpenses": 0,
        "sellingGeneralAndAdministrativeExpenses": 2104930000,
        "otherExpenses": -1200449000,
        "operatingExpenses": 904481000,
        "costAndExpenses": 3602863000,
        "interestIncome": 3578000,
        "interestExpense": 20529000,
        "depreciationAndAmortization": 64480000,
        "ebitda": -48865000,
        "ebitdaratio": -0.0140188136,
        "operatingIncome": -117190000,
        "operatingIncomeRatio": -0.0336204802,
        "totalOtherIncomeExpensesNet": -16684000,
        "incomeBeforeTax": -133874000,
        "incomeBeforeTaxRatio": -0.0384069303,
        "incomeTaxExpense": -13823000,
        "netIncome": -120039000,
        "netIncomeRatio": -0.0344378259,
        "eps": -2.82,
        "epsdiluted": -2.82,
        "weightedAverageShsOut": 42500000,
        "weightedAverageShsOutDil": 42500000,
        "link": "https://www.sec.gov/Archives/edgar/data/800240/000119312514065991/0001193125-14-065991-index.htm",
        "finalLink": "https://www.sec.gov/Archives/edgar/data/800240/000119312514065991/d654584d10k.htm"
    },
    {
        "date": "2013-09-28",
        "symbol": "ODP",
        "reportedCurrency": "USD",
        "cik": "0000800240",
        "fillingDate": "2013-11-05",
        "acceptedDate": "2013-11-05 16:01:56",
        "calendarYear": "2013",
        "period": "Q3",
        "revenue": 2619000000,
        "costOfRevenue": 1986000000,
        "grossProfit": 633000000,
        "grossProfitRatio": 0.2416953036,
        "researchAndDevelopmentExpenses": 0,
        "generalAndAdministrativeExpenses": 592000000,
        "sellingAndMarketingExpenses": 0,
        "sellingGeneralAndAdministrativeExpenses": 592000000,
        "otherExpenses": 93000000,
        "operatingExpenses": 685000000,
        "costAndExpenses": 2671000000,
        "interestIncome": 1000000,
        "interestExpense": 15000000,
        "depreciationAndAmortization": 49000000,
        "ebitda": 379000000,
        "ebitdaratio": 0.144711722,
        "operatingIncome": -52000000,
        "operatingIncomeRatio": -0.0198549065,
        "totalOtherIncomeExpensesNet": 367000000,
        "incomeBeforeTax": 315000000,
        "incomeBeforeTaxRatio": 0.1202749141,
        "incomeTaxExpense": 154000000,
        "netIncome": 161000000,
        "netIncomeRatio": 0.061473845,
        "eps": 5.67,
        "epsdiluted": 4.1,
        "weightedAverageShsOut": 28400000,
        "weightedAverageShsOutDil": 33400000,
        "link": "https://www.sec.gov/Archives/edgar/data/800240/000119312513427636/0001193125-13-427636-index.htm",
        "finalLink": "https://www.sec.gov/Archives/edgar/data/800240/000119312513427636/d596910d10q.htm"
    },
    {
        "date": "2013-06-29",
        "symbol": "ODP",
        "reportedCurrency": "USD",
        "cik": "0000800240",
        "fillingDate": "2013-07-30",
        "acceptedDate": "2013-07-30 08:00:48",
        "calendarYear": "2013",
        "period": "Q2",
        "revenue": 2419000000,
        "costOfRevenue": 1873000000,
        "grossProfit": 546000000,
        "grossProfitRatio": 0.2257131046,
        "researchAndDevelopmentExpenses": 0,
        "generalAndAdministrativeExpenses": 560000000,
        "sellingAndMarketingExpenses": 0,
        "sellingGeneralAndAdministrativeExpenses": 560000000,
        "otherExpenses": 31000000,
        "operatingExpenses": 591000000,
        "costAndExpenses": 2464000000,
        "interestIncome": 0,
        "interestExpense": 17000000,
        "depreciationAndAmortization": 47000000,
        "ebitda": 10000000,
        "ebitdaratio": 0.0041339396,
        "operatingIncome": -45000000,
        "operatingIncomeRatio": -0.0186027284,
        "totalOtherIncomeExpensesNet": -9000000,
        "incomeBeforeTax": -54000000,
        "incomeBeforeTaxRatio": -0.0223232741,
        "incomeTaxExpense": 0,
        "netIncome": -54000000,
        "netIncomeRatio": -0.0223232741,
        "eps": -1.92,
        "epsdiluted": -1.48,
        "weightedAverageShsOut": 28100000,
        "weightedAverageShsOutDil": 36600000,
        "link": "https://www.sec.gov/Archives/edgar/data/800240/000119312513308682/0001193125-13-308682-index.htm",
        "finalLink": "https://www.sec.gov/Archives/edgar/data/800240/000119312513308682/d552196d10q.htm"
    },
    {
        "date": "2013-03-30",
        "symbol": "ODP",
        "reportedCurrency": "USD",
        "cik": "0000800240",
        "fillingDate": "2013-04-30",
        "acceptedDate": "2013-04-30 08:01:05",
        "calendarYear": "2013",
        "period": "Q1",
        "revenue": 2718000000,
        "costOfRevenue": 2058000000,
        "grossProfit": 660000000,
        "grossProfitRatio": 0.2428256071,
        "researchAndDevelopmentExpenses": 0,
        "generalAndAdministrativeExpenses": 626000000,
        "sellingAndMarketingExpenses": 0,
        "sellingGeneralAndAdministrativeExpenses": 626000000,
        "otherExpenses": 24000000,
        "operatingExpenses": 650000000,
        "costAndExpenses": 2708000000,
        "interestIncome": 0,
        "interestExpense": 16000000,
        "depreciationAndAmortization": 49000000,
        "ebitda": 65000000,
        "ebitdaratio": 0.0239146431,
        "operatingIncome": 10000000,
        "operatingIncomeRatio": 0.0036791759,
        "totalOtherIncomeExpensesNet": 0,
        "incomeBeforeTax": 10000000,
        "incomeBeforeTaxRatio": 0.0036791759,
        "incomeTaxExpense": 7000000,
        "netIncome": -7000000,
        "netIncomeRatio": -0.0025754231,
        "eps": -0.25,
        "epsdiluted": -0.19,
        "weightedAverageShsOut": 28200000,
        "weightedAverageShsOutDil": 36900000,
        "link": "https://www.sec.gov/Archives/edgar/data/800240/000119312513184476/0001193125-13-184476-index.htm",
        "finalLink": "https://www.sec.gov/Archives/edgar/data/800240/000119312513184476/d510059d10q.htm"
    },
    {
        "date": "2012-12-31",
        "symbol": "ODP",
        "reportedCurrency": "USD",
        "cik": "0000800240",
        "fillingDate": "2013-02-20",
        "acceptedDate": "2013-02-20 12:00:37",
        "calendarYear": "2012",
        "period": "Q4",
        "revenue": 2622760000,
        "costOfRevenue": 1839137000,
        "grossProfit": 783623000,
        "grossProfitRatio": 0.2987780048,
        "researchAndDevelopmentExpenses": 0,
        "generalAndAdministrativeExpenses": 162555000,
        "sellingAndMarketingExpenses": -1928308000,
        "sellingGeneralAndAdministrativeExpenses": -1765753000,
        "otherExpenses": 2544160000,
        "operatingExpenses": 778407000,
        "costAndExpenses": 2617544000,
        "interestIncome": 436000,
        "interestExpense": 19809000,
        "depreciationAndAmortization": 52115000,
        "ebitda": 65973000,
        "ebitdaratio": 0.0251540362,
        "operatingIncome": 5216000,
        "operatingIncomeRatio": 0.0019887447,
        "totalOtherIncomeExpensesNet": -11167000,
        "incomeBeforeTax": -5951000,
        "incomeBeforeTaxRatio": -0.0022689838,
        "incomeTaxExpense": 1356000,
        "netIncome": -7316000,
        "netIncomeRatio": -0.0027894279,
        "eps": -0.26,
        "epsdiluted": -0.26,
        "weightedAverageShsOut": 28000000,
        "weightedAverageShsOutDil": 28000000,
        "link": "https://www.sec.gov/Archives/edgar/data/800240/000119312513066586/0001193125-13-066586-index.htm",
        "finalLink": "https://www.sec.gov/Archives/edgar/data/800240/000119312513066586/d451924d10k.htm"
    },
    {
        "date": "2012-09-29",
        "symbol": "ODP",
        "reportedCurrency": "USD",
        "cik": "0000800240",
        "fillingDate": "2012-11-06",
        "acceptedDate": "2012-11-06 08:00:58",
        "calendarYear": "2012",
        "period": "Q3",
        "revenue": 2692933000,
        "costOfRevenue": 2030261000,
        "grossProfit": 662672000,
        "grossProfitRatio": 0.2460781609,
        "researchAndDevelopmentExpenses": 0,
        "generalAndAdministrativeExpenses": 165065000,
        "sellingAndMarketingExpenses": 0,
        "sellingGeneralAndAdministrativeExpenses": 165065000,
        "otherExpenses": 552707000,
        "operatingExpenses": 717772000,
        "costAndExpenses": 2748033000,
        "interestIncome": 482000,
        "interestExpense": 16947000,
        "depreciationAndAmortization": 49452000,
        "ebitda": 7907000,
        "ebitdaratio": 0.0029362038,
        "operatingIncome": -55100000,
        "operatingIncomeRatio": -0.0204609621,
        "totalOtherIncomeExpensesNet": -3392000,
        "incomeBeforeTax": -58492000,
        "incomeBeforeTaxRatio": -0.0217205552,
        "incomeTaxExpense": 3433000,
        "netIncome": -61916000,
        "netIncomeRatio": -0.0229920314,
        "eps": -2.21,
        "epsdiluted": -1.71,
        "weightedAverageShsOut": 28023800,
        "weightedAverageShsOutDil": 36308900,
        "link": "https://www.sec.gov/Archives/edgar/data/800240/000119312512453211/0001193125-12-453211-index.htm",
        "finalLink": "https://www.sec.gov/Archives/edgar/data/800240/000119312512453211/d407996d10q.htm"
    },
    {
        "date": "2012-06-30",
        "symbol": "ODP",
        "reportedCurrency": "USD",
        "cik": "0000800240",
        "fillingDate": "2012-08-07",
        "acceptedDate": "2012-08-07 08:01:01",
        "calendarYear": "2012",
        "period": "Q2",
        "revenue": 2507150000,
        "costOfRevenue": 1934954000,
        "grossProfit": 572196000,
        "grossProfitRatio": 0.2282256746,
        "researchAndDevelopmentExpenses": 0,
        "generalAndAdministrativeExpenses": 167313000,
        "sellingAndMarketingExpenses": 0,
        "sellingGeneralAndAdministrativeExpenses": 167313000,
        "otherExpenses": 463530000,
        "operatingExpenses": 630843000,
        "costAndExpenses": 2565797000,
        "interestIncome": 955000,
        "interestExpense": 17703000,
        "depreciationAndAmortization": 50720000,
        "ebitda": -3046000,
        "ebitdaratio": -0.0012149253,
        "operatingIncome": -58647000,
        "operatingIncomeRatio": -0.0233918992,
        "totalOtherIncomeExpensesNet": -12822000,
        "incomeBeforeTax": -71469000,
        "incomeBeforeTaxRatio": -0.0285060726,
        "incomeTaxExpense": -14082000,
        "netIncome": -57382000,
        "netIncomeRatio": -0.0228873422,
        "eps": -2.04,
        "epsdiluted": -1.59,
        "weightedAverageShsOut": 28104300,
        "weightedAverageShsOutDil": 36126800,
        "link": "https://www.sec.gov/Archives/edgar/data/800240/000119312512339371/0001193125-12-339371-index.htm",
        "finalLink": "https://www.sec.gov/Archives/edgar/data/800240/000119312512339371/d368658d10q.htm"
    },
    {
        "date": "2012-03-31",
        "symbol": "ODP",
        "reportedCurrency": "USD",
        "cik": "0000800240",
        "fillingDate": "2012-05-01",
        "acceptedDate": "2012-05-01 07:21:04",
        "calendarYear": "2012",
        "period": "Q1",
        "revenue": 2872809000,
        "costOfRevenue": 2178406000,
        "grossProfit": 694403000,
        "grossProfitRatio": 0.2417156866,
        "researchAndDevelopmentExpenses": 0,
        "generalAndAdministrativeExpenses": 109580000,
        "sellingAndMarketingExpenses": 68314000,
        "sellingGeneralAndAdministrativeExpenses": 177894000,
        "otherExpenses": 438819000,
        "operatingExpenses": 616713000,
        "costAndExpenses": 2795119000,
        "interestIncome": 367000,
        "interestExpense": 14478000,
        "depreciationAndAmortization": 50902000,
        "ebitda": 125869000,
        "ebitdaratio": 0.0438139117,
        "operatingIncome": 77690000,
        "operatingIncomeRatio": 0.027043218,
        "totalOtherIncomeExpensesNet": -17201000,
        "incomeBeforeTax": 60489000,
        "incomeBeforeTaxRatio": 0.0210556984,
        "incomeTaxExpense": 10990000,
        "netIncome": 49503000,
        "netIncomeRatio": 0.0172315667,
        "eps": 1.4,
        "epsdiluted": 1.4,
        "weightedAverageShsOut": 27855200,
        "weightedAverageShsOutDil": 35886300,
        "link": "https://www.sec.gov/Archives/edgar/data/800240/000119312512198302/0001193125-12-198302-index.htm",
        "finalLink": "https://www.sec.gov/Archives/edgar/data/800240/000119312512198302/d330845d10q.htm"
    },
    {
        "date": "2011-12-31",
        "symbol": "ODP",
        "reportedCurrency": "USD",
        "cik": "0000800240",
        "fillingDate": "2012-02-28",
        "acceptedDate": "2012-02-28 08:00:42",
        "calendarYear": "2011",
        "period": "Q4",
        "revenue": 2969695000,
        "costOfRevenue": 2070509000,
        "grossProfit": 899186000,
        "grossProfitRatio": 0.3027873233,
        "researchAndDevelopmentExpenses": 0,
        "generalAndAdministrativeExpenses": 0,
        "sellingAndMarketingExpenses": 0,
        "sellingGeneralAndAdministrativeExpenses": 886914000,
        "otherExpenses": 0,
        "operatingExpenses": 886914000,
        "costAndExpenses": 2957423000,
        "interestIncome": 73000,
        "interestExpense": 13711000,
        "depreciationAndAmortization": 53649000,
        "ebitda": 76982000,
        "ebitdaratio": 0.0259225274,
        "operatingIncome": 12272000,
        "operatingIncomeRatio": 0.0041324109,
        "totalOtherIncomeExpensesNet": -2650000,
        "incomeBeforeTax": 9622000,
        "incomeBeforeTaxRatio": 0.0032400634,
        "incomeTaxExpense": -10726000,
        "netIncome": 20350000,
        "netIncomeRatio": 0.0068525556,
        "eps": 0.73,
        "epsdiluted": 0.73,
        "weightedAverageShsOut": 27855200,
        "weightedAverageShsOutDil": 27855200,
        "link": "https://www.sec.gov/Archives/edgar/data/800240/000119312512083271/0001193125-12-083271-index.htm",
        "finalLink": "https://www.sec.gov/Archives/edgar/data/800240/000119312512083271/d268330d10k.htm"
    },
    {
        "date": "2011-09-24",
        "symbol": "ODP",
        "reportedCurrency": "USD",
        "cik": "0000800240",
        "fillingDate": "2011-10-25",
        "acceptedDate": "2011-10-25 08:07:02",
        "calendarYear": "2011",
        "period": "Q3",
        "revenue": 2836737000,
        "costOfRevenue": 1981717000,
        "grossProfit": 855020000,
        "grossProfitRatio": 0.301409683,
        "researchAndDevelopmentExpenses": 0,
        "generalAndAdministrativeExpenses": 163282000,
        "sellingAndMarketingExpenses": 668093000,
        "sellingGeneralAndAdministrativeExpenses": 831375000,
        "otherExpenses": 4528000,
        "operatingExpenses": 835903000,
        "costAndExpenses": 2817620000,
        "interestIncome": 317000,
        "interestExpense": 17306000,
        "depreciationAndAmortization": 53650000,
        "ebitda": 28680000,
        "ebitdaratio": 0.0101102076,
        "operatingIncome": 19117000,
        "operatingIncomeRatio": 0.0067390809,
        "totalOtherIncomeExpensesNet": -61393000,
        "incomeBeforeTax": -42276000,
        "incomeBeforeTaxRatio": -0.0149030382,
        "incomeTaxExpense": -58573000,
        "netIncome": 100872000,
        "netIncomeRatio": 0.0355591653,
        "eps": 2.9,
        "epsdiluted": 2.8,
        "weightedAverageShsOut": 27855900,
        "weightedAverageShsOutDil": 35703600,
        "link": "https://www.sec.gov/Archives/edgar/data/800240/000119312511279497/0001193125-11-279497-index.htm",
        "finalLink": "https://www.sec.gov/Archives/edgar/data/800240/000119312511279497/d241553d10q.htm"
    },
    {
        "date": "2011-06-25",
        "symbol": "ODP",
        "reportedCurrency": "USD",
        "cik": "0000800240",
        "fillingDate": "2011-07-26",
        "acceptedDate": "2011-07-26 08:03:50",
        "calendarYear": "2011",
        "period": "Q2",
        "revenue": 2710141000,
        "costOfRevenue": 1916089000,
        "grossProfit": 794052000,
        "grossProfitRatio": 0.2929928738,
        "researchAndDevelopmentExpenses": 0,
        "generalAndAdministrativeExpenses": 163500000,
        "sellingAndMarketingExpenses": 646663000,
        "sellingGeneralAndAdministrativeExpenses": 810163000,
        "otherExpenses": 0,
        "operatingExpenses": 810163000,
        "costAndExpenses": 2726252000,
        "interestIncome": 242000,
        "interestExpense": 18831000,
        "depreciationAndAmortization": 52842000,
        "ebitda": 43961000,
        "ebitdaratio": 0.0162209273,
        "operatingIncome": -16111000,
        "operatingIncomeRatio": -0.0059447091,
        "totalOtherIncomeExpensesNet": -11601000,
        "incomeBeforeTax": -27712000,
        "incomeBeforeTaxRatio": -0.0102252982,
        "incomeTaxExpense": -7596000,
        "netIncome": -20114000,
        "netIncomeRatio": -0.0074217541,
        "eps": -0.73,
        "epsdiluted": -0.56,
        "weightedAverageShsOut": 27733600,
        "weightedAverageShsOutDil": 35645600,
        "link": "https://www.sec.gov/Archives/edgar/data/800240/000119312511196812/0001193125-11-196812-index.htm",
        "finalLink": "https://www.sec.gov/Archives/edgar/data/800240/000119312511196812/d10q.htm"
    },
    {
        "date": "2011-03-26",
        "symbol": "ODP",
        "reportedCurrency": "USD",
        "cik": "0000800240",
        "fillingDate": "2011-04-26",
        "acceptedDate": "2011-04-26 08:01:55",
        "calendarYear": "2011",
        "period": "Q1",
        "revenue": 2972960000,
        "costOfRevenue": 2094772000,
        "grossProfit": 878188000,
        "grossProfitRatio": 0.2953917981,
        "researchAndDevelopmentExpenses": 0,
        "generalAndAdministrativeExpenses": 165826000,
        "sellingAndMarketingExpenses": 693886000,
        "sellingGeneralAndAdministrativeExpenses": 859712000,
        "otherExpenses": 0,
        "operatingExpenses": 859712000,
        "costAndExpenses": 2954484000,
        "interestIncome": 599000,
        "interestExpense": 17987000,
        "depreciationAndAmortization": 51269000,
        "ebitda": 77689000,
        "ebitdaratio": 0.0261318686,
        "operatingIncome": 18476000,
        "operatingIncomeRatio": 0.0062146817,
        "totalOtherIncomeExpensesNet": -10043000,
        "incomeBeforeTax": 8433000,
        "incomeBeforeTaxRatio": 0.0028365669,
        "incomeTaxExpense": 13823000,
        "netIncome": -5414000,
        "netIncomeRatio": -0.0018210807,
        "eps": -0.2,
        "epsdiluted": -0.2,
        "weightedAverageShsOut": 27698600,
        "weightedAverageShsOutDil": 27698600,
        "link": "https://www.sec.gov/Archives/edgar/data/800240/000119312511108667/0001193125-11-108667-index.htm",
        "finalLink": "https://www.sec.gov/Archives/edgar/data/800240/000119312511108667/d10q.htm"
    },
    {
        "date": "2010-12-31",
        "symbol": "ODP",
        "reportedCurrency": "USD",
        "cik": "0000800240",
        "fillingDate": "2011-02-22",
        "acceptedDate": "2011-02-22 10:34:49",
        "calendarYear": "2010",
        "period": "Q4",
        "revenue": 2961932000,
        "costOfRevenue": 2114397000,
        "grossProfit": 847535000,
        "grossProfitRatio": 0.2861426258,
        "researchAndDevelopmentExpenses": 0,
        "generalAndAdministrativeExpenses": 183789000,
        "sellingAndMarketingExpenses": 685962000,
        "sellingGeneralAndAdministrativeExpenses": 869751000,
        "otherExpenses": 51295000,
        "operatingExpenses": 921046000,
        "costAndExpenses": 3035443000,
        "interestIncome": 1170000,
        "interestExpense": 18042000,
        "depreciationAndAmortization": 52638000,
        "ebitda": -7221000,
        "ebitdaratio": -0.0024379358,
        "operatingIncome": -73511000,
        "operatingIncomeRatio": -0.0248185981,
        "totalOtherIncomeExpensesNet": -4390000,
        "incomeBeforeTax": -77901000,
        "incomeBeforeTaxRatio": -0.0263007388,
        "incomeTaxExpense": 50718000,
        "netIncome": -128103000,
        "netIncomeRatio": -0.0432498113,
        "eps": -4.65,
        "epsdiluted": -4.05,
        "weightedAverageShsOut": 27555700,
        "weightedAverageShsOutDil": 27555700,
        "link": "https://www.sec.gov/Archives/edgar/data/800240/000119312511041599/0001193125-11-041599-index.htm",
        "finalLink": "https://www.sec.gov/Archives/edgar/data/800240/000119312511041599/d10k.htm"
    },
    {
        "date": "2010-09-25",
        "symbol": "ODP",
        "reportedCurrency": "USD",
        "cik": "0000800240",
        "fillingDate": "2010-10-27",
        "acceptedDate": "2010-10-27 08:30:55",
        "calendarYear": "2010",
        "period": "Q3",
        "revenue": 2899717000,
        "costOfRevenue": 2070534000,
        "grossProfit": 829183000,
        "grossProfitRatio": 0.2859530775,
        "researchAndDevelopmentExpenses": 0,
        "generalAndAdministrativeExpenses": 154965000,
        "sellingAndMarketingExpenses": 665905000,
        "sellingGeneralAndAdministrativeExpenses": 820870000,
        "otherExpenses": 0,
        "operatingExpenses": 820870000,
        "costAndExpenses": 2891404000,
        "interestIncome": 2513000,
        "interestExpense": 6093000,
        "depreciationAndAmortization": 52100000,
        "ebitda": 74115000,
        "ebitdaratio": 0.0255593908,
        "operatingIncome": 8313000,
        "operatingIncomeRatio": 0.0028668315,
        "totalOtherIncomeExpensesNet": 7609000,
        "incomeBeforeTax": 15922000,
        "incomeBeforeTaxRatio": 0.0054908807,
        "incomeTaxExpense": -24700000,
        "netIncome": 41254000,
        "netIncomeRatio": 0.0142269056,
        "eps": 1.49,
        "epsdiluted": 1.49,
        "weightedAverageShsOut": 27595600,
        "weightedAverageShsOutDil": 27595600,
        "link": "https://www.sec.gov/Archives/edgar/data/800240/000119312510237367/0001193125-10-237367-index.htm",
        "finalLink": "https://www.sec.gov/Archives/edgar/data/800240/000119312510237367/d10q.htm"
    },
    {
        "date": "2010-06-26",
        "symbol": "ODP",
        "reportedCurrency": "USD",
        "cik": "0000800240",
        "fillingDate": "2010-07-27",
        "acceptedDate": "2010-07-27 08:57:40",
        "calendarYear": "2010",
        "period": "Q2",
        "revenue": 2699475000,
        "costOfRevenue": 1932787000,
        "grossProfit": 766688000,
        "grossProfitRatio": 0.2840137434,
        "researchAndDevelopmentExpenses": 0,
        "generalAndAdministrativeExpenses": 151861000,
        "sellingAndMarketingExpenses": 642423000,
        "sellingGeneralAndAdministrativeExpenses": 794284000,
        "otherExpenses": 0,
        "operatingExpenses": 794284000,
        "costAndExpenses": 2727071000,
        "interestIncome": 443000,
        "interestExpense": 16591000,
        "depreciationAndAmortization": 50879000,
        "ebitda": 28407000,
        "ebitdaratio": 0.0105231573,
        "operatingIncome": -27596000,
        "operatingIncomeRatio": -0.0102227285,
        "totalOtherIncomeExpensesNet": -11467000,
        "incomeBeforeTax": -39063000,
        "incomeBeforeTaxRatio": -0.0144705915,
        "incomeTaxExpense": -22923000,
        "netIncome": -15934000,
        "netIncomeRatio": -0.0059026292,
        "eps": -0.58,
        "epsdiluted": -0.58,
        "weightedAverageShsOut": 27532000,
        "weightedAverageShsOutDil": 27532000,
        "link": "https://www.sec.gov/Archives/edgar/data/800240/000119312510166814/0001193125-10-166814-index.htm",
        "finalLink": "https://www.sec.gov/Archives/edgar/data/800240/000119312510166814/d10q.htm"
    },
    {
        "date": "2010-03-27",
        "symbol": "ODP",
        "reportedCurrency": "USD",
        "cik": "0000800240",
        "fillingDate": "2010-04-27",
        "acceptedDate": "2010-04-27 08:08:43",
        "calendarYear": "2010",
        "period": "Q1",
        "revenue": 3071970000,
        "costOfRevenue": 2158239000,
        "grossProfit": 913731000,
        "grossProfitRatio": 0.2974413813,
        "researchAndDevelopmentExpenses": 0,
        "generalAndAdministrativeExpenses": 168217000,
        "sellingAndMarketingExpenses": 690011000,
        "sellingGeneralAndAdministrativeExpenses": 858228000,
        "otherExpenses": 0,
        "operatingExpenses": 858228000,
        "costAndExpenses": 3016467000,
        "interestIncome": 537000,
        "interestExpense": 17772000,
        "depreciationAndAmortization": 52702000,
        "ebitda": 114841000,
        "ebitdaratio": 0.0373835031,
        "operatingIncome": 55503000,
        "operatingIncomeRatio": 0.0180675593,
        "totalOtherIncomeExpensesNet": -11136000,
        "incomeBeforeTax": 44367000,
        "incomeBeforeTaxRatio": 0.0144425239,
        "incomeTaxExpense": 15127000,
        "netIncome": 29468000,
        "netIncomeRatio": 0.0095925416,
        "eps": 1.07,
        "epsdiluted": 1.07,
        "weightedAverageShsOut": 27423300,
        "weightedAverageShsOutDil": 27423300,
        "link": "https://www.sec.gov/Archives/edgar/data/800240/000119312510094116/0001193125-10-094116-index.htm",
        "finalLink": "https://www.sec.gov/Archives/edgar/data/800240/000119312510094116/d10q.htm"
    },
    {
        "date": "2009-12-31",
        "symbol": "ODP",
        "reportedCurrency": "USD",
        "cik": "0000800240",
        "fillingDate": "2010-02-23",
        "acceptedDate": "2010-02-23 08:52:44",
        "calendarYear": "2009",
        "period": "Q4",
        "revenue": 3065855000,
        "costOfRevenue": 2208104000,
        "grossProfit": 857751000,
        "grossProfitRatio": 0.2797754623,
        "researchAndDevelopmentExpenses": 0,
        "generalAndAdministrativeExpenses": 198841000,
        "sellingAndMarketingExpenses": 706558000,
        "sellingGeneralAndAdministrativeExpenses": 905399000,
        "otherExpenses": 26175000,
        "operatingExpenses": 931574000,
        "costAndExpenses": 3139678000,
        "interestIncome": 460000,
        "interestExpense": 13723000,
        "depreciationAndAmortization": 62350000,
        "ebitda": -150000,
        "ebitdaratio": -4.8926e-05,
        "operatingIncome": -73823000,
        "operatingIncomeRatio": -0.0240790905,
        "totalOtherIncomeExpensesNet": -2400000,
        "incomeBeforeTax": -76223000,
        "incomeBeforeTaxRatio": -0.0248619064,
        "incomeTaxExpense": -14740000,
        "netIncome": -61620000,
        "netIncomeRatio": -0.0200987979,
        "eps": -2.26,
        "epsdiluted": -1.97,
        "weightedAverageShsOut": 27282800,
        "weightedAverageShsOutDil": 31308200,
        "link": "https://www.sec.gov/Archives/edgar/data/800240/000119312510037040/0001193125-10-037040-index.htm",
        "finalLink": "https://www.sec.gov/Archives/edgar/data/800240/000119312510037040/d10k.htm"
    },
    {
        "date": "2009-09-26",
        "symbol": "ODP",
        "reportedCurrency": "USD",
        "cik": "0000800240",
        "fillingDate": "2009-10-29",
        "acceptedDate": "2009-10-29 08:39:43",
        "calendarYear": "2009",
        "period": "Q3",
        "revenue": 3029207000,
        "costOfRevenue": 2169084000,
        "grossProfit": 860123000,
        "grossProfitRatio": 0.2839432894,
        "researchAndDevelopmentExpenses": 0,
        "generalAndAdministrativeExpenses": 177480000,
        "sellingAndMarketingExpenses": 715439000,
        "sellingGeneralAndAdministrativeExpenses": 892919000,
        "otherExpenses": 0,
        "operatingExpenses": 892919000,
        "costAndExpenses": 3062003000,
        "interestIncome": 24000,
        "interestExpense": 17242000,
        "depreciationAndAmortization": 54969000,
        "ebitda": 31566000,
        "ebitdaratio": 0.010420549,
        "operatingIncome": -32796000,
        "operatingIncomeRatio": -0.0108265959,
        "totalOtherIncomeExpensesNet": -7849000,
        "incomeBeforeTax": -40645000,
        "incomeBeforeTaxRatio": -0.013417703,
        "incomeTaxExpense": 358400000,
        "netIncome": -398034000,
        "netIncomeRatio": -0.1313987456,
        "eps": -14.52,
        "epsdiluted": -14.52,
        "weightedAverageShsOut": 27419400,
        "weightedAverageShsOutDil": 27419400,
        "link": "https://www.sec.gov/Archives/edgar/data/800240/000119312509216937/0001193125-09-216937-index.htm",
        "finalLink": "https://www.sec.gov/Archives/edgar/data/800240/000119312509216937/d10q.htm"
    },
    {
        "date": "2009-06-27",
        "symbol": "ODP",
        "reportedCurrency": "USD",
        "cik": "0000800240",
        "fillingDate": "2009-07-28",
        "acceptedDate": "2009-07-28 08:32:07",
        "calendarYear": "2009",
        "period": "Q2",
        "revenue": 2824141000,
        "costOfRevenue": 2060093000,
        "grossProfit": 764048000,
        "grossProfitRatio": 0.2705417329,
        "researchAndDevelopmentExpenses": 0,
        "generalAndAdministrativeExpenses": 170394000,
        "sellingAndMarketingExpenses": 691583000,
        "sellingGeneralAndAdministrativeExpenses": 861977000,
        "otherExpenses": 0,
        "operatingExpenses": 861977000,
        "costAndExpenses": 2922070000,
        "interestIncome": 718000,
        "interestExpense": 16745000,
        "depreciationAndAmortization": 53134000,
        "ebitda": -43665000,
        "ebitdaratio": -0.0154613385,
        "operatingIncome": -97929000,
        "operatingIncomeRatio": -0.0346756766,
        "totalOtherIncomeExpensesNet": -15615000,
        "incomeBeforeTax": -113544000,
        "incomeBeforeTaxRatio": -0.0402047915,
        "incomeTaxExpense": -30680000,
        "netIncome": -82072000,
        "netIncomeRatio": -0.029060872,
        "eps": -3.04,
        "epsdiluted": -3.04,
        "weightedAverageShsOut": 27029000,
        "weightedAverageShsOutDil": 27029000,
        "link": "https://www.sec.gov/Archives/edgar/data/800240/000119312509156456/0001193125-09-156456-index.htm",
        "finalLink": "https://www.sec.gov/Archives/edgar/data/800240/000119312509156456/d10q.htm"
    },
    {
        "date": "2009-03-28",
        "symbol": "ODP",
        "reportedCurrency": "USD",
        "cik": "0000800240",
        "fillingDate": "2009-04-28",
        "acceptedDate": "2009-04-28 09:03:38",
        "calendarYear": "2009",
        "period": "Q1",
        "revenue": 3225264000,
        "costOfRevenue": 2315002000,
        "grossProfit": 910262000,
        "grossProfitRatio": 0.2822286796,
        "researchAndDevelopmentExpenses": 0,
        "generalAndAdministrativeExpenses": 176399000,
        "sellingAndMarketingExpenses": 794320000,
        "sellingGeneralAndAdministrativeExpenses": 970719000,
        "otherExpenses": 0,
        "operatingExpenses": 970719000,
        "costAndExpenses": 3285721000,
        "interestIncome": 1194000,
        "interestExpense": 17918000,
        "depreciationAndAmortization": 53662000,
        "ebitda": -9160000,
        "ebitdaratio": -0.0028400776,
        "operatingIncome": -60457000,
        "operatingIncomeRatio": -0.0187448221,
        "totalOtherIncomeExpensesNet": -20283000,
        "incomeBeforeTax": -80740000,
        "incomeBeforeTaxRatio": -0.0250336097,
        "incomeTaxExpense": -25408000,
        "netIncome": -54739000,
        "netIncomeRatio": -0.016971944,
        "eps": -2,
        "epsdiluted": -2,
        "weightedAverageShsOut": 27317900,
        "weightedAverageShsOutDil": 27317900,
        "link": "https://www.sec.gov/Archives/edgar/data/800240/000095014409003591/0000950144-09-003591-index.htm",
        "finalLink": "https://www.sec.gov/Archives/edgar/data/800240/000095014409003591/g18726e10vq.htm"
    },
    {
        "date": "2008-12-31",
        "symbol": "ODP",
        "reportedCurrency": "USD",
        "cik": "0000800240",
        "fillingDate": "2009-02-24",
        "acceptedDate": "2009-02-24 08:49:54",
        "calendarYear": "2008",
        "period": "Q4",
        "revenue": 3270597000,
        "costOfRevenue": 2441475000,
        "grossProfit": 829122000,
        "grossProfitRatio": 0.2535078458,
        "researchAndDevelopmentExpenses": 0,
        "generalAndAdministrativeExpenses": 0,
        "sellingAndMarketingExpenses": 0,
        "sellingGeneralAndAdministrativeExpenses": 993011000,
        "otherExpenses": 1490583000,
        "operatingExpenses": 2483594000,
        "costAndExpenses": 4925069000,
        "interestIncome": 0,
        "interestExpense": 0,
        "depreciationAndAmortization": 61754000,
        "ebitda": -1556974000,
        "ebitdaratio": -0.4760519257,
        "operatingIncome": -1654472000,
        "operatingIncomeRatio": -0.5058623854,
        "totalOtherIncomeExpensesNet": -13845000,
        "incomeBeforeTax": -1668317000,
        "incomeBeforeTaxRatio": -0.5100955575,
        "incomeTaxExpense": -129306000,
        "netIncome": -1539011000,
        "netIncomeRatio": -0.4705596562,
        "eps": -56.42,
        "epsdiluted": -56.42,
        "weightedAverageShsOut": 27277600,
        "weightedAverageShsOutDil": 27277600,
        "link": "https://www.sec.gov/Archives/edgar/data/800240/000095014409001556/0000950144-09-001556-index.htm",
        "finalLink": "https://www.sec.gov/Archives/edgar/data/800240/000095014409001556/g17711e10vk.htm"
    },
    {
        "date": "2008-09-27",
        "symbol": "ODP",
        "reportedCurrency": "USD",
        "cik": "0000800240",
        "fillingDate": "2008-10-29",
        "acceptedDate": "2008-10-29 08:45:49",
        "calendarYear": "2008",
        "period": "Q3",
        "revenue": 3657857000,
        "costOfRevenue": 2633416000,
        "grossProfit": 1024441000,
        "grossProfitRatio": 0.2800658965,
        "researchAndDevelopmentExpenses": 0,
        "generalAndAdministrativeExpenses": 0,
        "sellingAndMarketingExpenses": 0,
        "sellingGeneralAndAdministrativeExpenses": 1020551000,
        "otherExpenses": -1873000,
        "operatingExpenses": 1018678000,
        "costAndExpenses": 3652094000,
        "interestIncome": 0,
        "interestExpense": 0,
        "depreciationAndAmortization": 61955000,
        "ebitda": 67718000,
        "ebitdaratio": 0.0185130255,
        "operatingIncome": 5763000,
        "operatingIncomeRatio": 0.0015755127,
        "totalOtherIncomeExpensesNet": -10923000,
        "incomeBeforeTax": -5160000,
        "incomeBeforeTaxRatio": -0.001410662,
        "incomeTaxExpense": 1538000,
        "netIncome": -6698000,
        "netIncomeRatio": -0.0018311268,
        "eps": -0.25,
        "epsdiluted": -0.25,
        "weightedAverageShsOut": 27293900,
        "weightedAverageShsOutDil": 27293900,
        "link": "https://www.sec.gov/Archives/edgar/data/800240/000095014408007863/0000950144-08-007863-index.htm",
        "finalLink": "https://www.sec.gov/Archives/edgar/data/800240/000095014408007863/g16183e10vq.htm"
    },
    {
        "date": "2008-06-28",
        "symbol": "ODP",
        "reportedCurrency": "USD",
        "cik": "0000800240",
        "fillingDate": "2008-07-30",
        "acceptedDate": "2008-07-30 08:15:34",
        "calendarYear": "2008",
        "period": "Q2",
        "revenue": 3605073000,
        "costOfRevenue": 2621557000,
        "grossProfit": 983516000,
        "grossProfitRatio": 0.2728144479,
        "researchAndDevelopmentExpenses": 0,
        "generalAndAdministrativeExpenses": 0,
        "sellingAndMarketingExpenses": 0,
        "sellingGeneralAndAdministrativeExpenses": 986918000,
        "otherExpenses": -1873000,
        "operatingExpenses": 985045000,
        "costAndExpenses": 3606602000,
        "interestIncome": 5604000,
        "interestExpense": 14406000,
        "depreciationAndAmortization": 66823000,
        "ebitda": 76773000,
        "ebitdaratio": 0.021295824,
        "operatingIncome": -1529000,
        "operatingIncomeRatio": -0.0004241246,
        "totalOtherIncomeExpensesNet": -2927000,
        "incomeBeforeTax": -4456000,
        "incomeBeforeTaxRatio": -0.001236036,
        "incomeTaxExpense": -1827000,
        "netIncome": -2002000,
        "netIncomeRatio": -0.0005553286,
        "eps": -0.0734,
        "epsdiluted": -0.0734,
        "weightedAverageShsOut": 27284500,
        "weightedAverageShsOutDil": 27284500,
        "link": "https://www.sec.gov/Archives/edgar/data/800240/000095014408005812/0000950144-08-005812-index.htm",
        "finalLink": "https://www.sec.gov/Archives/edgar/data/800240/000095014408005812/g14397e10vq.htm"
    },
    {
        "date": "2008-03-29",
        "symbol": "ODP",
        "reportedCurrency": "USD",
        "cik": "0000800240",
        "fillingDate": "2008-04-29",
        "acceptedDate": "2008-04-29 08:50:23",
        "calendarYear": "2008",
        "period": "Q1",
        "revenue": 3962017000,
        "costOfRevenue": 2793337000,
        "grossProfit": 1168680000,
        "grossProfitRatio": 0.2949709706,
        "researchAndDevelopmentExpenses": 0,
        "generalAndAdministrativeExpenses": 0,
        "sellingAndMarketingExpenses": 0,
        "sellingGeneralAndAdministrativeExpenses": 1065356000,
        "otherExpenses": -1873000,
        "operatingExpenses": 1063483000,
        "costAndExpenses": 3856820000,
        "interestIncome": 0,
        "interestExpense": 0,
        "depreciationAndAmortization": 63567000,
        "ebitda": 168764000,
        "ebitdaratio": 0.042595476,
        "operatingIncome": 105197000,
        "operatingIncomeRatio": 0.0265513752,
        "totalOtherIncomeExpensesNet": -5474000,
        "incomeBeforeTax": 99723000,
        "incomeBeforeTaxRatio": 0.0251697557,
        "incomeTaxExpense": 30950000,
        "netIncome": 68773000,
        "netIncomeRatio": 0.017358078,
        "eps": 2.5,
        "epsdiluted": 2.5,
        "weightedAverageShsOut": 27239400,
        "weightedAverageShsOutDil": 27284000,
        "link": "https://www.sec.gov/Archives/edgar/data/800240/000095014408003280/0000950144-08-003280-index.htm",
        "finalLink": "https://www.sec.gov/Archives/edgar/data/800240/000095014408003280/g12972e10vq.htm"
    },
    {
        "date": "2007-12-31",
        "symbol": "ODP",
        "reportedCurrency": "USD",
        "cik": "0000800240",
        "fillingDate": "2008-02-26",
        "acceptedDate": "2008-02-26 09:21:00",
        "calendarYear": "2007",
        "period": "Q4",
        "revenue": 3866927000,
        "costOfRevenue": 2844391000,
        "grossProfit": 1022536000,
        "grossProfitRatio": 0.264431162,
        "researchAndDevelopmentExpenses": 0,
        "generalAndAdministrativeExpenses": 0,
        "sellingAndMarketingExpenses": 0,
        "sellingGeneralAndAdministrativeExpenses": 1035531000,
        "otherExpenses": -1874000,
        "operatingExpenses": 1033657000,
        "costAndExpenses": 3878048000,
        "interestIncome": 0,
        "interestExpense": 0,
        "depreciationAndAmortization": 74929000,
        "ebitda": 63808000,
        "ebitdaratio": 0.016500958,
        "operatingIncome": -11121000,
        "operatingIncomeRatio": -0.0028759271,
        "totalOtherIncomeExpensesNet": -6126000,
        "incomeBeforeTax": -17247000,
        "incomeBeforeTaxRatio": -0.0044601307,
        "incomeTaxExpense": -36021000,
        "netIncome": 18774000,
        "netIncomeRatio": 0.004855018,
        "eps": 0.69,
        "epsdiluted": 0.68,
        "weightedAverageShsOut": 27283793,
        "weightedAverageShsOutDil": 27665385,
        "link": "https://www.sec.gov/Archives/edgar/data/800240/000095014408001365/0000950144-08-001365-index.htm",
        "finalLink": "https://www.sec.gov/Archives/edgar/data/800240/000095014408001365/g11850e10vk.htm"
    },
    {
        "date": "2007-09-29",
        "symbol": "ODP",
        "reportedCurrency": "USD",
        "cik": "0000800240",
        "fillingDate": "2007-11-20",
        "acceptedDate": "2007-11-20 08:32:40",
        "calendarYear": "2007",
        "period": "Q3",
        "revenue": 3935411000,
        "costOfRevenue": 2820276000,
        "grossProfit": 1115135000,
        "grossProfitRatio": 0.2833592222,
        "researchAndDevelopmentExpenses": 0,
        "generalAndAdministrativeExpenses": 0,
        "sellingAndMarketingExpenses": 0,
        "sellingGeneralAndAdministrativeExpenses": 994755000,
        "otherExpenses": -1873000,
        "operatingExpenses": 992882000,
        "costAndExpenses": 3813158000,
        "interestIncome": 0,
        "interestExpense": 0,
        "depreciationAndAmortization": 66845000,
        "ebitda": 189098000,
        "ebitdaratio": 0.0480503815,
        "operatingIncome": 122253000,
        "operatingIncomeRatio": 0.0310648621,
        "totalOtherIncomeExpensesNet": -9967000,
        "incomeBeforeTax": 112286000,
        "incomeBeforeTaxRatio": 0.0285322168,
        "incomeTaxExpense": -5202000,
        "netIncome": 117488000,
        "netIncomeRatio": 0.029854061,
        "eps": 4.3,
        "epsdiluted": 4.3,
        "weightedAverageShsOut": 27201400,
        "weightedAverageShsOutDil": 27437000,
        "link": "https://www.sec.gov/Archives/edgar/data/800240/000095014407010654/0000950144-07-010654-index.htm",
        "finalLink": "https://www.sec.gov/Archives/edgar/data/800240/000095014407010654/g10730e10vq.htm"
    },
    {
        "date": "2007-06-30",
        "symbol": "ODP",
        "reportedCurrency": "USD",
        "cik": "0000800240",
        "fillingDate": "2007-07-26",
        "acceptedDate": "2007-07-26 09:01:27",
        "calendarYear": "2007",
        "period": "Q2",
        "revenue": 3631599000,
        "costOfRevenue": 2535480000,
        "grossProfit": 1096119000,
        "grossProfitRatio": 0.3018282029,
        "researchAndDevelopmentExpenses": 0,
        "generalAndAdministrativeExpenses": 0,
        "sellingAndMarketingExpenses": 0,
        "sellingGeneralAndAdministrativeExpenses": 949282000,
        "otherExpenses": -1873000,
        "operatingExpenses": 947409000,
        "costAndExpenses": 3482889000,
        "interestIncome": 0,
        "interestExpense": 0,
        "depreciationAndAmortization": 67899000,
        "ebitda": 216609000,
        "ebitdaratio": 0.0596456272,
        "operatingIncome": 148710000,
        "operatingIncomeRatio": 0.0409489043,
        "totalOtherIncomeExpensesNet": -6916000,
        "incomeBeforeTax": 141794000,
        "incomeBeforeTaxRatio": 0.039044509,
        "incomeTaxExpense": 36212000,
        "netIncome": 105582000,
        "netIncomeRatio": 0.0290731438,
        "eps": 3.9,
        "epsdiluted": 3.8,
        "weightedAverageShsOut": 27187900,
        "weightedAverageShsOutDil": 27595200,
        "link": "https://www.sec.gov/Archives/edgar/data/800240/000095014407006864/0000950144-07-006864-index.htm",
        "finalLink": "https://www.sec.gov/Archives/edgar/data/800240/000095014407006864/g08318e10vq.htm"
    },
    {
        "date": "2007-03-31",
        "symbol": "ODP",
        "reportedCurrency": "USD",
        "cik": "0000800240",
        "fillingDate": "2007-04-26",
        "acceptedDate": "2007-04-26 09:04:17",
        "calendarYear": "2007",
        "period": "Q1",
        "revenue": 4093600000,
        "costOfRevenue": 2824492000,
        "grossProfit": 1269108000,
        "grossProfitRatio": 0.3100224741,
        "researchAndDevelopmentExpenses": 0,
        "generalAndAdministrativeExpenses": 0,
        "sellingAndMarketingExpenses": 0,
        "sellingGeneralAndAdministrativeExpenses": 1047222000,
        "otherExpenses": -1873000,
        "operatingExpenses": 1045349000,
        "costAndExpenses": 3869841000,
        "interestIncome": 0,
        "interestExpense": 0,
        "depreciationAndAmortization": 71710000,
        "ebitda": 295469000,
        "ebitdaratio": 0.0721782783,
        "operatingIncome": 223759000,
        "operatingIncomeRatio": 0.0546606899,
        "totalOtherIncomeExpensesNet": -1959000,
        "incomeBeforeTax": 221800000,
        "incomeBeforeTaxRatio": 0.054182138,
        "incomeTaxExpense": 68029000,
        "netIncome": 153771000,
        "netIncomeRatio": 0.0375637581,
        "eps": 5.6,
        "epsdiluted": 5.5,
        "weightedAverageShsOut": 27550100,
        "weightedAverageShsOutDil": 28013000,
        "link": "https://www.sec.gov/Archives/edgar/data/800240/000095014407003799/0000950144-07-003799-index.htm",
        "finalLink": "https://www.sec.gov/Archives/edgar/data/800240/000095014407003799/g06845e10vq.htm"
    },
    {
        "date": "2006-12-31",
        "symbol": "ODP",
        "reportedCurrency": "USD",
        "cik": "0000800240",
        "fillingDate": "2007-02-14",
        "acceptedDate": "2007-02-14 08:56:58",
        "calendarYear": "2006",
        "period": "Q4",
        "revenue": 3843030000,
        "costOfRevenue": 2642377000,
        "grossProfit": 1200653000,
        "grossProfitRatio": 0.3124235304,
        "researchAndDevelopmentExpenses": 0,
        "generalAndAdministrativeExpenses": 0,
        "sellingAndMarketingExpenses": 0,
        "sellingGeneralAndAdministrativeExpenses": 1035878000,
        "otherExpenses": -13982000,
        "operatingExpenses": 1021896000,
        "costAndExpenses": 3664273000,
        "interestIncome": 0,
        "interestExpense": 0,
        "depreciationAndAmortization": 74350000,
        "ebitda": 253107000,
        "ebitdaratio": 0.0658613126,
        "operatingIncome": 178757000,
        "operatingIncomeRatio": 0.0465145992,
        "totalOtherIncomeExpensesNet": -2907000,
        "incomeBeforeTax": 175850000,
        "incomeBeforeTaxRatio": 0.0457581648,
        "incomeTaxExpense": 40810000,
        "netIncome": 135040000,
        "netIncomeRatio": 0.0351389398,
        "eps": 4.8,
        "epsdiluted": 4.69,
        "weightedAverageShsOut": 28126872,
        "weightedAverageShsOutDil": 28769771,
        "link": "https://www.sec.gov/Archives/edgar/data/800240/000095014407001193/0000950144-07-001193-index.htm",
        "finalLink": "https://www.sec.gov/Archives/edgar/data/800240/000095014407001193/g05466e10vk.htm"
    },
    {
        "date": "2006-09-30",
        "symbol": "ODP",
        "reportedCurrency": "USD",
        "cik": "0000800240",
        "fillingDate": "2006-10-17",
        "acceptedDate": "2006-10-17 10:50:21",
        "calendarYear": "2006",
        "period": "Q3",
        "revenue": 3857144000,
        "costOfRevenue": 2677049000,
        "grossProfit": 1180095000,
        "grossProfitRatio": 0.3059504649,
        "researchAndDevelopmentExpenses": 0,
        "generalAndAdministrativeExpenses": 0,
        "sellingAndMarketingExpenses": 0,
        "sellingGeneralAndAdministrativeExpenses": 995358000,
        "otherExpenses": 0,
        "operatingExpenses": 995358000,
        "costAndExpenses": 3672407000,
        "interestIncome": 0,
        "interestExpense": 0,
        "depreciationAndAmortization": 67282000,
        "ebitda": 252019000,
        "ebitdaratio": 0.0653382399,
        "operatingIncome": 184737000,
        "operatingIncomeRatio": 0.0478947636,
        "totalOtherIncomeExpensesNet": -2266000,
        "incomeBeforeTax": 182471000,
        "incomeBeforeTaxRatio": 0.0473072823,
        "incomeTaxExpense": 53420000,
        "netIncome": 129051000,
        "netIncomeRatio": 0.0334576568,
        "eps": 4.6,
        "epsdiluted": 4.5,
        "weightedAverageShsOut": 27929800,
        "weightedAverageShsOutDil": 28487200,
        "link": "https://www.sec.gov/Archives/edgar/data/800240/000095014406009537/0000950144-06-009537-index.htm",
        "finalLink": "https://www.sec.gov/Archives/edgar/data/800240/000095014406009537/g03725e10vq.htm"
    },
    {
        "date": "2006-07-01",
        "symbol": "ODP",
        "reportedCurrency": "USD",
        "cik": "0000800240",
        "fillingDate": "2006-07-28",
        "acceptedDate": "2006-07-28 08:23:59",
        "calendarYear": "2006",
        "period": "Q2",
        "revenue": 3494907000,
        "costOfRevenue": 2416665000,
        "grossProfit": 1078242000,
        "grossProfitRatio": 0.3085180807,
        "researchAndDevelopmentExpenses": 0,
        "generalAndAdministrativeExpenses": 0,
        "sellingAndMarketingExpenses": 0,
        "sellingGeneralAndAdministrativeExpenses": 906829000,
        "otherExpenses": 0,
        "operatingExpenses": 906829000,
        "costAndExpenses": 3323494000,
        "interestIncome": 0,
        "interestExpense": 0,
        "depreciationAndAmortization": 62601000,
        "ebitda": 234014000,
        "ebitdaratio": 0.0669585772,
        "operatingIncome": 171413000,
        "operatingIncomeRatio": 0.0490465125,
        "totalOtherIncomeExpensesNet": -3636000,
        "incomeBeforeTax": 167777000,
        "incomeBeforeTaxRatio": 0.0480061415,
        "incomeTaxExpense": 49471000,
        "netIncome": 118306000,
        "netIncomeRatio": 0.0338509723,
        "eps": 4.2,
        "epsdiluted": 4.1,
        "weightedAverageShsOut": 28072600,
        "weightedAverageShsOutDil": 28732600,
        "link": "https://www.sec.gov/Archives/edgar/data/800240/000095014406007069/0000950144-06-007069-index.htm",
        "finalLink": "https://www.sec.gov/Archives/edgar/data/800240/000095014406007069/g02527e10vq.htm"
    },
    {
        "date": "2006-04-01",
        "symbol": "ODP",
        "reportedCurrency": "USD",
        "cik": "0000800240",
        "fillingDate": "2006-04-25",
        "acceptedDate": "2006-04-25 17:20:04",
        "calendarYear": "2006",
        "period": "Q1",
        "revenue": 3815700000,
        "costOfRevenue": 2613794000,
        "grossProfit": 1201906000,
        "grossProfitRatio": 0.314989648,
        "researchAndDevelopmentExpenses": 0,
        "generalAndAdministrativeExpenses": 0,
        "sellingAndMarketingExpenses": 0,
        "sellingGeneralAndAdministrativeExpenses": 1010074000,
        "otherExpenses": 0,
        "operatingExpenses": 1010074000,
        "costAndExpenses": 3623868000,
        "interestIncome": 0,
        "interestExpense": 0,
        "depreciationAndAmortization": 74772000,
        "ebitda": 266604000,
        "ebitdaratio": 0.0698702728,
        "operatingIncome": 191832000,
        "operatingIncomeRatio": 0.0502743926,
        "totalOtherIncomeExpensesNet": 2657000,
        "incomeBeforeTax": 194489000,
        "incomeBeforeTaxRatio": 0.0509707262,
        "incomeTaxExpense": 64959000,
        "netIncome": 129530000,
        "netIncomeRatio": 0.0339465891,
        "eps": 4.4,
        "epsdiluted": 4.3,
        "weightedAverageShsOut": 29155200,
        "weightedAverageShsOutDil": 29833800,
        "link": "https://www.sec.gov/Archives/edgar/data/800240/000095014406003896/0000950144-06-003896-index.htm",
        "finalLink": "https://www.sec.gov/Archives/edgar/data/800240/000095014406003896/g01023e10vq.htm"
    },
    {
        "date": "2005-12-31",
        "symbol": "ODP",
        "reportedCurrency": "USD",
        "cik": "0000800240",
        "fillingDate": "2006-02-15",
        "acceptedDate": "2006-02-15 16:16:44",
        "calendarYear": "2005",
        "period": "Q4",
        "revenue": 3719101000,
        "costOfRevenue": 2561579000,
        "grossProfit": 1157522000,
        "grossProfitRatio": 0.3112370436,
        "researchAndDevelopmentExpenses": 0,
        "generalAndAdministrativeExpenses": 0,
        "sellingAndMarketingExpenses": 0,
        "sellingGeneralAndAdministrativeExpenses": 1142117000,
        "otherExpenses": -121902000,
        "operatingExpenses": 1020215000,
        "costAndExpenses": 3581794000,
        "interestIncome": 0,
        "interestExpense": 0,
        "depreciationAndAmortization": 62824000,
        "ebitda": 200131000,
        "ebitdaratio": 0.0538116604,
        "operatingIncome": 137307000,
        "operatingIncomeRatio": 0.0369194061,
        "totalOtherIncomeExpensesNet": 10148000,
        "incomeBeforeTax": 147455000,
        "incomeBeforeTaxRatio": 0.0396480225,
        "incomeTaxExpense": 41189000,
        "netIncome": 106266000,
        "netIncomeRatio": 0.0285730342,
        "eps": 3.42,
        "epsdiluted": 3.38,
        "weightedAverageShsOut": 31112727,
        "weightedAverageShsOutDil": 31470345,
        "link": "https://www.sec.gov/Archives/edgar/data/800240/000095014406001238/0000950144-06-001238-index.htm",
        "finalLink": "https://www.sec.gov/Archives/edgar/data/800240/000095014406001238/g99576e10vk.htm"
    },
    {
        "date": "2005-09-24",
        "symbol": "ODP",
        "reportedCurrency": "USD",
        "cik": "0000800240",
        "fillingDate": "2005-10-19",
        "acceptedDate": "2005-10-19 09:21:10",
        "calendarYear": "2005",
        "period": "Q3",
        "revenue": 3492900000,
        "costOfRevenue": 2446301000,
        "grossProfit": 1046599000,
        "grossProfitRatio": 0.299636119,
        "researchAndDevelopmentExpenses": 0,
        "generalAndAdministrativeExpenses": 0,
        "sellingAndMarketingExpenses": 0,
        "sellingGeneralAndAdministrativeExpenses": 1021414000,
        "otherExpenses": 121902000,
        "operatingExpenses": 1143316000,
        "costAndExpenses": 3589617000,
        "interestIncome": 0,
        "interestExpense": 0,
        "depreciationAndAmortization": 69791000,
        "ebitda": -26926000,
        "ebitdaratio": -0.0077087807,
        "operatingIncome": -96717000,
        "operatingIncomeRatio": -0.0276895989,
        "totalOtherIncomeExpensesNet": 5266000,
        "incomeBeforeTax": -91451000,
        "incomeBeforeTaxRatio": -0.0261819691,
        "incomeTaxExpense": -43570000,
        "netIncome": -47881000,
        "netIncomeRatio": -0.0137080936,
        "eps": -1.54,
        "epsdiluted": -1.54,
        "weightedAverageShsOut": 31191500,
        "weightedAverageShsOutDil": 31191500,
        "link": "https://www.sec.gov/Archives/edgar/data/800240/000095014405010454/0000950144-05-010454-index.htm",
        "finalLink": "https://www.sec.gov/Archives/edgar/data/800240/000095014405010454/g97746e10vq.htm"
    },
    {
        "date": "2005-06-25",
        "symbol": "ODP",
        "reportedCurrency": "USD",
        "cik": "0000800240",
        "fillingDate": "2005-07-21",
        "acceptedDate": "2005-07-21 08:39:27",
        "calendarYear": "2005",
        "period": "Q2",
        "revenue": 3364052000,
        "costOfRevenue": 2327805000,
        "grossProfit": 1036247000,
        "grossProfitRatio": 0.3080353693,
        "researchAndDevelopmentExpenses": 0,
        "generalAndAdministrativeExpenses": 0,
        "sellingAndMarketingExpenses": 0,
        "sellingGeneralAndAdministrativeExpenses": 893735000,
        "otherExpenses": 0,
        "operatingExpenses": 893735000,
        "costAndExpenses": 3221540000,
        "interestIncome": 0,
        "interestExpense": 0,
        "depreciationAndAmortization": 63672000,
        "ebitda": 206184000,
        "ebitdaratio": 0.0612903724,
        "operatingIncome": 142512000,
        "operatingIncomeRatio": 0.0423631977,
        "totalOtherIncomeExpensesNet": -1727000,
        "incomeBeforeTax": 140785000,
        "incomeBeforeTaxRatio": 0.0418498287,
        "incomeTaxExpense": 40686000,
        "netIncome": 100099000,
        "netIncomeRatio": 0.0297554853,
        "eps": 3.2,
        "epsdiluted": 3.1,
        "weightedAverageShsOut": 31421600,
        "weightedAverageShsOutDil": 31893800,
        "link": "https://www.sec.gov/Archives/edgar/data/800240/000095014405007543/0000950144-05-007543-index.htm",
        "finalLink": "https://www.sec.gov/Archives/edgar/data/800240/000095014405007543/g96340e10vq.htm"
    },
    {
        "date": "2005-03-26",
        "symbol": "ODP",
        "reportedCurrency": "USD",
        "cik": "0000800240",
        "fillingDate": "2005-04-21",
        "acceptedDate": "2005-04-21 08:21:42",
        "calendarYear": "2005",
        "period": "Q1",
        "revenue": 3702891000,
        "costOfRevenue": 2551236000,
        "grossProfit": 1151655000,
        "grossProfitRatio": 0.311015096,
        "researchAndDevelopmentExpenses": 0,
        "generalAndAdministrativeExpenses": 0,
        "sellingAndMarketingExpenses": 0,
        "sellingGeneralAndAdministrativeExpenses": 986715000,
        "otherExpenses": 0,
        "operatingExpenses": 986715000,
        "costAndExpenses": 3537951000,
        "interestIncome": 0,
        "interestExpense": 0,
        "depreciationAndAmortization": 71811000,
        "ebitda": 236741000,
        "ebitdaratio": 0.0639340991,
        "operatingIncome": 164940000,
        "operatingIncomeRatio": 0.0445435742,
        "totalOtherIncomeExpensesNet": -214000,
        "incomeBeforeTax": 164726000,
        "incomeBeforeTaxRatio": 0.0444857815,
        "incomeTaxExpense": 49418000,
        "netIncome": 115308000,
        "netIncomeRatio": 0.031139993,
        "eps": 3.7,
        "epsdiluted": 3.7,
        "weightedAverageShsOut": 31194000,
        "weightedAverageShsOutDil": 31552600,
        "link": "https://www.sec.gov/Archives/edgar/data/800240/000095014405004140/0000950144-05-004140-index.htm",
        "finalLink": "https://www.sec.gov/Archives/edgar/data/800240/000095014405004140/g94664e10vq.htm"
    },
    {
        "date": "2004-12-31",
        "symbol": "ODP",
        "reportedCurrency": "USD",
        "cik": "0000800240",
        "fillingDate": "2005-03-10",
        "acceptedDate": "2005-03-10 12:45:58",
        "calendarYear": "2004",
        "period": "Q4",
        "revenue": 3469418000,
        "costOfRevenue": 2364611000,
        "grossProfit": 1104807000,
        "grossProfitRatio": 0.3184415945,
        "researchAndDevelopmentExpenses": 0,
        "generalAndAdministrativeExpenses": 0,
        "sellingAndMarketingExpenses": 0,
        "sellingGeneralAndAdministrativeExpenses": 1004971000,
        "otherExpenses": -2000,
        "operatingExpenses": 1004969000,
        "costAndExpenses": 3369580000,
        "interestIncome": 0,
        "interestExpense": 0,
        "depreciationAndAmortization": 77480000,
        "ebitda": 177318000,
        "ebitdaratio": 0.0511088603,
        "operatingIncome": 99838000,
        "operatingIncomeRatio": 0.0287765844,
        "totalOtherIncomeExpensesNet": -47459000,
        "incomeBeforeTax": 52379000,
        "incomeBeforeTaxRatio": 0.0150973449,
        "incomeTaxExpense": 2242000,
        "netIncome": 50137000,
        "netIncomeRatio": 0.014451127,
        "eps": 1.61,
        "epsdiluted": 1.58,
        "weightedAverageShsOut": 31065185,
        "weightedAverageShsOutDil": 31651321,
        "link": "https://www.sec.gov/Archives/edgar/data/800240/000095014405002321/0000950144-05-002321-index.htm",
        "finalLink": "https://www.sec.gov/Archives/edgar/data/800240/000095014405002321/g93309e10vk.htm"
    },
    {
        "date": "2004-09-25",
        "symbol": "ODP",
        "reportedCurrency": "USD",
        "cik": "0000800240",
        "fillingDate": "2004-10-20",
        "acceptedDate": "2004-10-20 08:09:38",
        "calendarYear": "2004",
        "period": "Q3",
        "revenue": 3327804000,
        "costOfRevenue": 2286015000,
        "grossProfit": 1041789000,
        "grossProfitRatio": 0.3130559973,
        "researchAndDevelopmentExpenses": 0,
        "generalAndAdministrativeExpenses": 0,
        "sellingAndMarketingExpenses": 0,
        "sellingGeneralAndAdministrativeExpenses": 908002000,
        "otherExpenses": 0,
        "operatingExpenses": 908002000,
        "costAndExpenses": 3194017000,
        "interestIncome": 0,
        "interestExpense": 0,
        "depreciationAndAmortization": 65069000,
        "ebitda": 198856000,
        "ebitdaratio": 0.0597559231,
        "operatingIncome": 133787000,
        "operatingIncomeRatio": 0.0402027884,
        "totalOtherIncomeExpensesNet": -6303000,
        "incomeBeforeTax": 127484000,
        "incomeBeforeTaxRatio": 0.0383087465,
        "incomeTaxExpense": 38202000,
        "netIncome": 89282000,
        "netIncomeRatio": 0.0268291041,
        "eps": 2.9,
        "epsdiluted": 2.8,
        "weightedAverageShsOut": 31259800,
        "weightedAverageShsOutDil": 31603400,
        "link": "https://www.sec.gov/Archives/edgar/data/800240/000095014404009831/0000950144-04-009831-index.htm",
        "finalLink": "https://www.sec.gov/Archives/edgar/data/800240/000095014404009831/g91321e10vq.htm"
    },
    {
        "date": "2004-06-26",
        "symbol": "ODP",
        "reportedCurrency": "USD",
        "cik": "0000800240",
        "fillingDate": "2004-07-22",
        "acceptedDate": "2004-07-22 07:54:36",
        "calendarYear": "2004",
        "period": "Q2",
        "revenue": 3162324000,
        "costOfRevenue": 2188483000,
        "grossProfit": 973841000,
        "grossProfitRatio": 0.3079510512,
        "researchAndDevelopmentExpenses": 0,
        "generalAndAdministrativeExpenses": 0,
        "sellingAndMarketingExpenses": 0,
        "sellingGeneralAndAdministrativeExpenses": 854966000,
        "otherExpenses": 0,
        "operatingExpenses": 854966000,
        "costAndExpenses": 3043449000,
        "interestIncome": 0,
        "interestExpense": 0,
        "depreciationAndAmortization": 62124000,
        "ebitda": 180999000,
        "ebitdaratio": 0.0572360707,
        "operatingIncome": 118875000,
        "operatingIncomeRatio": 0.0375910248,
        "totalOtherIncomeExpensesNet": -5804000,
        "incomeBeforeTax": 113071000,
        "incomeBeforeTaxRatio": 0.0357556658,
        "incomeTaxExpense": 33878000,
        "netIncome": 79193000,
        "netIncomeRatio": 0.0250426585,
        "eps": 2.5,
        "epsdiluted": 2.5,
        "weightedAverageShsOut": 31235600,
        "weightedAverageShsOutDil": 31699400,
        "link": "https://www.sec.gov/Archives/edgar/data/800240/000095014404007175/0000950144-04-007175-index.htm",
        "finalLink": "https://www.sec.gov/Archives/edgar/data/800240/000095014404007175/g90002e10vq.htm"
    },
    {
        "date": "2004-03-27",
        "symbol": "ODP",
        "reportedCurrency": "USD",
        "cik": "0000800240",
        "fillingDate": "2004-04-22",
        "acceptedDate": "2004-04-22 08:26:01",
        "calendarYear": "2004",
        "period": "Q1",
        "revenue": 3605153000,
        "costOfRevenue": 2469016000,
        "grossProfit": 1136137000,
        "grossProfitRatio": 0.3151425196,
        "researchAndDevelopmentExpenses": 0,
        "generalAndAdministrativeExpenses": 0,
        "sellingAndMarketingExpenses": 0,
        "sellingGeneralAndAdministrativeExpenses": 961690000,
        "otherExpenses": 0,
        "operatingExpenses": 961690000,
        "costAndExpenses": 3430706000,
        "interestIncome": 0,
        "interestExpense": 0,
        "depreciationAndAmortization": 67958000,
        "ebitda": 242405000,
        "ebitdaratio": 0.0672384778,
        "operatingIncome": 174447000,
        "operatingIncomeRatio": 0.0483882376,
        "totalOtherIncomeExpensesNet": -9178000,
        "incomeBeforeTax": 165269000,
        "incomeBeforeTaxRatio": 0.0458424372,
        "incomeTaxExpense": 50369000,
        "netIncome": 114900000,
        "netIncomeRatio": 0.0318710468,
        "eps": 3.7,
        "epsdiluted": 3.7,
        "weightedAverageShsOut": 31026100,
        "weightedAverageShsOutDil": 31475800,
        "link": "https://www.sec.gov/Archives/edgar/data/800240/000095014404004207/0000950144-04-004207-index.htm",
        "finalLink": "https://www.sec.gov/Archives/edgar/data/800240/000095014404004207/g88615e10vq.htm"
    },
    {
        "date": "2003-12-31",
        "symbol": "ODP",
        "reportedCurrency": "USD",
        "cik": "0000800240",
        "fillingDate": "2004-02-26",
        "acceptedDate": "2004-02-25 17:49:50",
        "calendarYear": "2003",
        "period": "Q4",
        "revenue": 3251426000,
        "costOfRevenue": 2211970000,
        "grossProfit": 1039456000,
        "grossProfitRatio": 0.3196923442,
        "researchAndDevelopmentExpenses": 0,
        "generalAndAdministrativeExpenses": 0,
        "sellingAndMarketingExpenses": 0,
        "sellingGeneralAndAdministrativeExpenses": 953738000,
        "otherExpenses": 0,
        "operatingExpenses": 953738000,
        "costAndExpenses": 3165708000,
        "interestIncome": 0,
        "interestExpense": 0,
        "depreciationAndAmortization": 76602000,
        "ebitda": 162320000,
        "ebitdaratio": 0.0499227108,
        "operatingIncome": 85718000,
        "operatingIncomeRatio": 0.0263632019,
        "totalOtherIncomeExpensesNet": -18388000,
        "incomeBeforeTax": 67330000,
        "incomeBeforeTaxRatio": 0.0207078371,
        "incomeTaxExpense": 20536000,
        "netIncome": 45804000,
        "netIncomeRatio": 0.0140873574,
        "eps": 1.47,
        "epsdiluted": 1.46,
        "weightedAverageShsOut": 31081250,
        "weightedAverageShsOutDil": 31438506,
        "link": "https://www.sec.gov/Archives/edgar/data/800240/000095014404001691/0000950144-04-001691-index.htm",
        "finalLink": "https://www.sec.gov/Archives/edgar/data/800240/000095014404001691/g87376e10vk.htm"
    },
    {
        "date": "2003-09-27",
        "symbol": "ODP",
        "reportedCurrency": "USD",
        "cik": "0000800240",
        "fillingDate": "2003-10-27",
        "acceptedDate": "2003-10-27 11:59:16",
        "calendarYear": "2003",
        "period": "Q3",
        "revenue": 3235580000,
        "costOfRevenue": 2219984000,
        "grossProfit": 1015596000,
        "grossProfitRatio": 0.313883755,
        "researchAndDevelopmentExpenses": 0,
        "generalAndAdministrativeExpenses": 0,
        "sellingAndMarketingExpenses": 0,
        "sellingGeneralAndAdministrativeExpenses": 874107000,
        "otherExpenses": 0,
        "operatingExpenses": 874107000,
        "costAndExpenses": 3094091000,
        "interestIncome": 0,
        "interestExpense": 0,
        "depreciationAndAmortization": 60982000,
        "ebitda": 202471000,
        "ebitdaratio": 0.062576416,
        "operatingIncome": 141489000,
        "operatingIncomeRatio": 0.0437290996,
        "totalOtherIncomeExpensesNet": -9595000,
        "incomeBeforeTax": 131894000,
        "incomeBeforeTaxRatio": 0.0407636343,
        "incomeTaxExpense": 40228000,
        "netIncome": 91666000,
        "netIncomeRatio": 0.0283306239,
        "eps": 3,
        "epsdiluted": 2.9,
        "weightedAverageShsOut": 30555333,
        "weightedAverageShsOutDil": 31608966,
        "link": "https://www.sec.gov/Archives/edgar/data/800240/000095014403011819/0000950144-03-011819-index.htm",
        "finalLink": "https://www.sec.gov/Archives/edgar/data/800240/000095014403011819/g85319e10vq.htm"
    },
    {
        "date": "2003-06-28",
        "symbol": "ODP",
        "reportedCurrency": "USD",
        "cik": "0000800240",
        "fillingDate": "2003-07-31",
        "acceptedDate": "2003-07-31 16:56:28",
        "calendarYear": "2003",
        "period": "Q2",
        "revenue": 2815691000,
        "costOfRevenue": 1955575000,
        "grossProfit": 860116000,
        "grossProfitRatio": 0.30547244,
        "researchAndDevelopmentExpenses": 0,
        "generalAndAdministrativeExpenses": 0,
        "sellingAndMarketingExpenses": 0,
        "sellingGeneralAndAdministrativeExpenses": 778371000,
        "otherExpenses": 0,
        "operatingExpenses": 778371000,
        "costAndExpenses": 2733946000,
        "interestIncome": 0,
        "interestExpense": 0,
        "depreciationAndAmortization": 57505000,
        "ebitda": 139250000,
        "ebitdaratio": 0.0494550006,
        "operatingIncome": 81745000,
        "operatingIncomeRatio": 0.0290319499,
        "totalOtherIncomeExpensesNet": 6594000,
        "incomeBeforeTax": 88339000,
        "incomeBeforeTaxRatio": 0.0313738262,
        "incomeTaxExpense": 28710000,
        "netIncome": 59629000,
        "netIncomeRatio": 0.0211773948,
        "eps": 1.9,
        "epsdiluted": 1.9,
        "weightedAverageShsOut": 31383684,
        "weightedAverageShsOutDil": 31383684,
        "link": "https://www.sec.gov/Archives/edgar/data/800240/000095014403009150/0000950144-03-009150-index.htm",
        "finalLink": "https://www.sec.gov/Archives/edgar/data/800240/000095014403009150/g84101e10vq.htm"
    },
    {
        "date": "2003-03-29",
        "symbol": "ODP",
        "reportedCurrency": "USD",
        "cik": "0000800240",
        "fillingDate": "2003-04-28",
        "acceptedDate": "2003-04-28 15:34:07",
        "calendarYear": "2003",
        "period": "Q1",
        "revenue": 3055869000,
        "costOfRevenue": 2096891000,
        "grossProfit": 958978000,
        "grossProfitRatio": 0.3138151537,
        "researchAndDevelopmentExpenses": 0,
        "generalAndAdministrativeExpenses": 0,
        "sellingAndMarketingExpenses": 0,
        "sellingGeneralAndAdministrativeExpenses": 797673000,
        "otherExpenses": 0,
        "operatingExpenses": 797673000,
        "costAndExpenses": 2894564000,
        "interestIncome": 0,
        "interestExpense": 0,
        "depreciationAndAmortization": 53256000,
        "ebitda": 214561000,
        "ebitdaratio": 0.0702127611,
        "operatingIncome": 161305000,
        "operatingIncomeRatio": 0.0527853125,
        "totalOtherIncomeExpensesNet": -3828000,
        "incomeBeforeTax": 157477000,
        "incomeBeforeTaxRatio": 0.051532641,
        "incomeTaxExpense": 53542000,
        "netIncome": 79196000,
        "netIncomeRatio": 0.0259160324,
        "eps": 2.6,
        "epsdiluted": 2.5,
        "weightedAverageShsOut": 30797300,
        "weightedAverageShsOutDil": 31122000,
        "link": "https://www.sec.gov/Archives/edgar/data/800240/000095014403005634/0000950144-03-005634-index.htm",
        "finalLink": "https://www.sec.gov/Archives/edgar/data/800240/000095014403005634/g82365e10vq.htm"
    },
    {
        "date": "2002-12-31",
        "symbol": "ODP",
        "reportedCurrency": "USD",
        "cik": "0000800240",
        "fillingDate": "2003-03-13",
        "acceptedDate": "2003-03-13 16:24:40",
        "calendarYear": "2002",
        "period": "Q4",
        "revenue": 2841720000,
        "costOfRevenue": 2007527000,
        "grossProfit": 834193000,
        "grossProfitRatio": 0.2935521445,
        "researchAndDevelopmentExpenses": 0,
        "generalAndAdministrativeExpenses": 0,
        "sellingAndMarketingExpenses": 0,
        "sellingGeneralAndAdministrativeExpenses": 725555000,
        "otherExpenses": 6744000,
        "operatingExpenses": 732299000,
        "costAndExpenses": 2739826000,
        "interestIncome": 0,
        "interestExpense": 0,
        "depreciationAndAmortization": 51423000,
        "ebitda": 143462000,
        "ebitdaratio": 0.0504842138,
        "operatingIncome": 101894000,
        "operatingIncomeRatio": 0.0358564531,
        "totalOtherIncomeExpensesNet": -1241000,
        "incomeBeforeTax": 100653000,
        "incomeBeforeTaxRatio": 0.0354197458,
        "incomeTaxExpense": 35233000,
        "netIncome": 62882000,
        "netIncomeRatio": 0.0221281477,
        "eps": 2.06,
        "epsdiluted": 1.98,
        "weightedAverageShsOut": 30558416,
        "weightedAverageShsOutDil": 31818557,
        "link": "https://www.sec.gov/Archives/edgar/data/800240/000095014403003072/0000950144-03-003072-index.htm",
        "finalLink": "https://www.sec.gov/Archives/edgar/data/800240/000095014403003072/g81091e10vk.htm"
    },
    {
        "date": "2002-09-28",
        "symbol": "ODP",
        "reportedCurrency": "USD",
        "cik": "0000800240",
        "fillingDate": "2002-10-29",
        "acceptedDate": "2002-10-28 20:56:41",
        "calendarYear": "2002",
        "period": "Q3",
        "revenue": 2870781000,
        "costOfRevenue": 2020352000,
        "grossProfit": 850429000,
        "grossProfitRatio": 0.2962361114,
        "researchAndDevelopmentExpenses": 0,
        "generalAndAdministrativeExpenses": 0,
        "sellingAndMarketingExpenses": 0,
        "sellingGeneralAndAdministrativeExpenses": 708358000,
        "otherExpenses": 0,
        "operatingExpenses": 708358000,
        "costAndExpenses": 2728710000,
        "interestIncome": 0,
        "interestExpense": 0,
        "depreciationAndAmortization": 50651000,
        "ebitda": 192722000,
        "ebitdaratio": 0.0671322543,
        "operatingIncome": 142071000,
        "operatingIncomeRatio": 0.0494886235,
        "totalOtherIncomeExpensesNet": -8927000,
        "incomeBeforeTax": 133144000,
        "incomeBeforeTaxRatio": 0.0463790167,
        "incomeTaxExpense": 46013000,
        "netIncome": 88172000,
        "netIncomeRatio": 0.0307135933,
        "eps": 2.9,
        "epsdiluted": 2.8,
        "weightedAverageShsOut": 30404138,
        "weightedAverageShsOutDil": 31490000,
        "link": "https://www.sec.gov/Archives/edgar/data/800240/000095014402010818/0000950144-02-010818-index.htm",
        "finalLink": "https://www.sec.gov/Archives/edgar/data/800240/000095014402010818/g78876e10vq.htm"
    },
    {
        "date": "2002-06-29",
        "symbol": "ODP",
        "reportedCurrency": "USD",
        "cik": "0000800240",
        "fillingDate": "2002-07-29",
        "acceptedDate": "2002-07-29 15:33:03",
        "calendarYear": "2002",
        "period": "Q2",
        "revenue": 2622259000,
        "costOfRevenue": 1858862000,
        "grossProfit": 763397000,
        "grossProfitRatio": 0.2911218915,
        "researchAndDevelopmentExpenses": 0,
        "generalAndAdministrativeExpenses": 0,
        "sellingAndMarketingExpenses": 0,
        "sellingGeneralAndAdministrativeExpenses": 671241000,
        "otherExpenses": 0,
        "operatingExpenses": 671241000,
        "costAndExpenses": 2530103000,
        "interestIncome": 0,
        "interestExpense": 0,
        "depreciationAndAmortization": 49858000,
        "ebitda": 142014000,
        "ebitdaratio": 0.0541571218,
        "operatingIncome": 92156000,
        "operatingIncomeRatio": 0.0351437444,
        "totalOtherIncomeExpensesNet": -4741000,
        "incomeBeforeTax": 87415000,
        "incomeBeforeTaxRatio": 0.0333357613,
        "incomeTaxExpense": 30546000,
        "netIncome": 56943000,
        "netIncomeRatio": 0.0217152463,
        "eps": 1.9,
        "epsdiluted": 1.8,
        "weightedAverageShsOut": 30766500,
        "weightedAverageShsOutDil": 32988600,
        "link": "https://www.sec.gov/Archives/edgar/data/800240/000095014402007697/0000950144-02-007697-index.htm",
        "finalLink": "https://www.sec.gov/Archives/edgar/data/800240/000095014402007697/g77401e10vq.htm"
    },
    {
        "date": "2002-03-30",
        "symbol": "ODP",
        "reportedCurrency": "USD",
        "cik": "0000800240",
        "fillingDate": "2002-05-01",
        "acceptedDate": "2002-04-30 17:51:47",
        "calendarYear": "2002",
        "period": "Q1",
        "revenue": 3021873000,
        "costOfRevenue": 2145776000,
        "grossProfit": 876097000,
        "grossProfitRatio": 0.2899185373,
        "researchAndDevelopmentExpenses": 0,
        "generalAndAdministrativeExpenses": 0,
        "sellingAndMarketingExpenses": 0,
        "sellingGeneralAndAdministrativeExpenses": 712511000,
        "otherExpenses": 0,
        "operatingExpenses": 712511000,
        "costAndExpenses": 2858287000,
        "interestIncome": 0,
        "interestExpense": 0,
        "depreciationAndAmortization": 48815000,
        "ebitda": 212401000,
        "ebitdaratio": 0.0702878645,
        "operatingIncome": 163586000,
        "operatingIncomeRatio": 0.0541339758,
        "totalOtherIncomeExpensesNet": -5594000,
        "incomeBeforeTax": 157992000,
        "incomeBeforeTaxRatio": 0.0522828061,
        "incomeTaxExpense": 55930000,
        "netIncome": 102710000,
        "netIncomeRatio": 0.0339888539,
        "eps": 3.4,
        "epsdiluted": 3.2,
        "weightedAverageShsOut": 30350400,
        "weightedAverageShsOutDil": 32622700,
        "link": "https://www.sec.gov/Archives/edgar/data/800240/000095014402004589/0000950144-02-004589-index.htm",
        "finalLink": "https://www.sec.gov/Archives/edgar/data/800240/000095014402004589/g75850e10-q.htm"
    },
    {
        "date": "2001-12-31",
        "symbol": "ODP",
        "reportedCurrency": "USD",
        "cik": "0000800240",
        "fillingDate": "2002-03-19",
        "acceptedDate": "2002-03-19 00:00:00",
        "calendarYear": "2001",
        "period": "Q4",
        "revenue": 2800171000,
        "costOfRevenue": 1996285000,
        "grossProfit": 803886000,
        "grossProfitRatio": 0.2870846102,
        "researchAndDevelopmentExpenses": 0,
        "generalAndAdministrativeExpenses": 0,
        "sellingAndMarketingExpenses": 0,
        "sellingGeneralAndAdministrativeExpenses": 720408000,
        "otherExpenses": 8003000,
        "operatingExpenses": 728411000,
        "costAndExpenses": 2724696000,
        "interestIncome": 0,
        "interestExpense": 0,
        "depreciationAndAmortization": 52555000,
        "ebitda": 115472000,
        "ebitdaratio": 0.0412374816,
        "operatingIncome": 75475000,
        "operatingIncomeRatio": 0.026953711,
        "totalOtherIncomeExpensesNet": -13470000,
        "incomeBeforeTax": 62005000,
        "incomeBeforeTaxRatio": 0.0221432905,
        "incomeTaxExpense": 21725000,
        "netIncome": 40280000,
        "netIncomeRatio": 0.0143848358,
        "eps": 1.34,
        "epsdiluted": 1.32,
        "weightedAverageShsOut": 30006418,
        "weightedAverageShsOutDil": 30461061,
        "link": "https://www.sec.gov/Archives/edgar/data/800240/000095014402002452/0000950144-02-002452-index.htm",
        "finalLink": "https://www.sec.gov/Archives/edgar/data/800240/000095014402002452/g74526e10-k.txt"
    },
    {
        "date": "2001-09-29",
        "symbol": "ODP",
        "reportedCurrency": "USD",
        "cik": "0000800240",
        "fillingDate": "2001-11-02",
        "acceptedDate": "2001-11-02 00:00:00",
        "calendarYear": "2001",
        "period": "Q3",
        "revenue": 2763318000,
        "costOfRevenue": 1962239000,
        "grossProfit": 801079000,
        "grossProfitRatio": 0.2898975073,
        "researchAndDevelopmentExpenses": 0,
        "generalAndAdministrativeExpenses": 0,
        "sellingAndMarketingExpenses": 0,
        "sellingGeneralAndAdministrativeExpenses": 700280000,
        "otherExpenses": 0,
        "operatingExpenses": 700280000,
        "costAndExpenses": 2662519000,
        "interestIncome": 0,
        "interestExpense": 0,
        "depreciationAndAmortization": 48204000,
        "ebitda": 149003000,
        "ebitdaratio": 0.0539217709,
        "operatingIncome": 100799000,
        "operatingIncomeRatio": 0.0364775245,
        "totalOtherIncomeExpensesNet": -5206000,
        "incomeBeforeTax": 95593000,
        "incomeBeforeTaxRatio": 0.0345935575,
        "incomeTaxExpense": 33480000,
        "netIncome": 62460000,
        "netIncomeRatio": 0.0226032617,
        "eps": 2.1,
        "epsdiluted": 2,
        "weightedAverageShsOut": 29837500,
        "weightedAverageShsOutDil": 31759400,
        "link": "https://www.sec.gov/Archives/edgar/data/800240/000095014401508340/0000950144-01-508340-index.htm",
        "finalLink": "https://www.sec.gov/Archives/edgar/data/800240/000095014401508340/g72306e10-q.txt"
    },
    {
        "date": "2001-06-30",
        "symbol": "ODP",
        "reportedCurrency": "USD",
        "cik": "0000800240",
        "fillingDate": "2001-08-03",
        "acceptedDate": "2001-08-03 00:00:00",
        "calendarYear": "2001",
        "period": "Q2",
        "revenue": 2553503000,
        "costOfRevenue": 1814850000,
        "grossProfit": 738653000,
        "grossProfitRatio": 0.2892704649,
        "researchAndDevelopmentExpenses": 0,
        "generalAndAdministrativeExpenses": 0,
        "sellingAndMarketingExpenses": 0,
        "sellingGeneralAndAdministrativeExpenses": 658140000,
        "otherExpenses": 0,
        "operatingExpenses": 658140000,
        "costAndExpenses": 2472990000,
        "interestIncome": 0,
        "interestExpense": 0,
        "depreciationAndAmortization": 49464000,
        "ebitda": 129977000,
        "ebitdaratio": 0.0509014479,
        "operatingIncome": 80513000,
        "operatingIncomeRatio": 0.0315304114,
        "totalOtherIncomeExpensesNet": -13887000,
        "incomeBeforeTax": 66626000,
        "incomeBeforeTaxRatio": 0.0260919999,
        "incomeTaxExpense": 24652000,
        "netIncome": 41974000,
        "netIncomeRatio": 0.0164378111,
        "eps": 1.4,
        "epsdiluted": 1.4,
        "weightedAverageShsOut": 29981429,
        "weightedAverageShsOutDil": 29981429,
        "link": "https://www.sec.gov/Archives/edgar/data/800240/000095014401505121/0000950144-01-505121-index.htm",
        "finalLink": "https://www.sec.gov/Archives/edgar/data/800240/000095014401505121/g70824e10-q.txt"
    },
    {
        "date": "2001-03-31",
        "symbol": "ODP",
        "reportedCurrency": "USD",
        "cik": "0000800240",
        "fillingDate": "2001-05-11",
        "acceptedDate": "2001-05-11 00:00:00",
        "calendarYear": "2001",
        "period": "Q1",
        "revenue": 3017914000,
        "costOfRevenue": 2210998000,
        "grossProfit": 806916000,
        "grossProfitRatio": 0.2673754123,
        "researchAndDevelopmentExpenses": 0,
        "generalAndAdministrativeExpenses": 0,
        "sellingAndMarketingExpenses": 0,
        "sellingGeneralAndAdministrativeExpenses": 709565000,
        "otherExpenses": 433000,
        "operatingExpenses": 709998000,
        "costAndExpenses": 2920996000,
        "interestIncome": 0,
        "interestExpense": 0,
        "depreciationAndAmortization": 48280000,
        "ebitda": 145631000,
        "ebitdaratio": 0.0482555169,
        "operatingIncome": 96918000,
        "operatingIncomeRatio": 0.0321142352,
        "totalOtherIncomeExpensesNet": -7511000,
        "incomeBeforeTax": 89407000,
        "incomeBeforeTaxRatio": 0.02962543,
        "incomeTaxExpense": 33078000,
        "netIncome": 56329000,
        "netIncomeRatio": 0.0186648791,
        "eps": 1.9,
        "epsdiluted": 1.9,
        "weightedAverageShsOut": 29646842,
        "weightedAverageShsOutDil": 29646842,
        "link": "https://www.sec.gov/Archives/edgar/data/800240/000095014401501967/0000950144-01-501967-index.htm",
        "finalLink": "https://www.sec.gov/Archives/edgar/data/800240/000095014401501967/g69179e10-q.txt"
    },
    {
        "date": "2000-12-31",
        "symbol": "ODP",
        "reportedCurrency": "USD",
        "cik": "0000800240",
        "fillingDate": "2001-03-27",
        "acceptedDate": "2001-03-27 00:00:00",
        "calendarYear": "2000",
        "period": "Q4",
        "revenue": 3054860000,
        "costOfRevenue": 2221505000,
        "grossProfit": 833355000,
        "grossProfitRatio": 0.272796462,
        "researchAndDevelopmentExpenses": 0,
        "generalAndAdministrativeExpenses": 0,
        "sellingAndMarketingExpenses": 0,
        "sellingGeneralAndAdministrativeExpenses": 860913000,
        "otherExpenses": 61076000,
        "operatingExpenses": 921989000,
        "costAndExpenses": 3143494000,
        "interestIncome": 0,
        "interestExpense": 0,
        "depreciationAndAmortization": 61076000,
        "ebitda": -27558000,
        "ebitdaratio": -0.0090210353,
        "operatingIncome": -88634000,
        "operatingIncomeRatio": -0.0290140956,
        "totalOtherIncomeExpensesNet": -165735000,
        "incomeBeforeTax": -254369000,
        "incomeBeforeTaxRatio": -0.083266991,
        "incomeTaxExpense": -86106000,
        "netIncome": -168263000,
        "netIncomeRatio": -0.0550804292,
        "eps": -4.62,
        "epsdiluted": -4.62,
        "weightedAverageShsOut": 36457500,
        "weightedAverageShsOutDil": 36457500,
        "link": "https://www.sec.gov/Archives/edgar/data/800240/000095014401004002/0000950144-01-004002-index.htm",
        "finalLink": "https://www.sec.gov/Archives/edgar/data/800240/000095014401004002/g67815ke10-k.txt"
    },
    {
        "date": "2000-09-23",
        "symbol": "ODP",
        "reportedCurrency": "USD",
        "cik": "0000800240",
        "fillingDate": "2000-10-31",
        "acceptedDate": "2000-10-31 00:00:00",
        "calendarYear": "2000",
        "period": "Q3",
        "revenue": 2822991000,
        "costOfRevenue": 2087769000,
        "grossProfit": 735222000,
        "grossProfitRatio": 0.2604407878,
        "researchAndDevelopmentExpenses": 0,
        "generalAndAdministrativeExpenses": 0,
        "sellingAndMarketingExpenses": 0,
        "sellingGeneralAndAdministrativeExpenses": 686089000,
        "otherExpenses": 0,
        "operatingExpenses": 686089000,
        "costAndExpenses": 2773858000,
        "interestIncome": 0,
        "interestExpense": 0,
        "depreciationAndAmortization": 48455000,
        "ebitda": 97588000,
        "ebitdaratio": 0.0345690085,
        "operatingIncome": 49133000,
        "operatingIncomeRatio": 0.0174045897,
        "totalOtherIncomeExpensesNet": 32658000,
        "incomeBeforeTax": 81791000,
        "incomeBeforeTaxRatio": 0.0289731707,
        "incomeTaxExpense": 31169000,
        "netIncome": 50622000,
        "netIncomeRatio": 0.0179320444,
        "eps": 1.7,
        "epsdiluted": 1.6,
        "weightedAverageShsOut": 30411100,
        "weightedAverageShsOutDil": 33021500,
        "link": "https://www.sec.gov/Archives/edgar/data/800240/000095014400012777/0000950144-00-012777-index.htm",
        "finalLink": "https://www.sec.gov/Archives/edgar/data/800240/000095014400012777/g64898e10-q.txt"
    },
    {
        "date": "2000-06-24",
        "symbol": "ODP",
        "reportedCurrency": "USD",
        "cik": "0000800240",
        "fillingDate": "2000-08-04",
        "acceptedDate": "2000-08-04 00:00:00",
        "calendarYear": "2000",
        "period": "Q2",
        "revenue": 2632850000,
        "costOfRevenue": 1832578000,
        "grossProfit": 800272000,
        "grossProfitRatio": 0.303956549,
        "researchAndDevelopmentExpenses": 0,
        "generalAndAdministrativeExpenses": 0,
        "sellingAndMarketingExpenses": 0,
        "sellingGeneralAndAdministrativeExpenses": 655517000,
        "otherExpenses": 48759000,
        "operatingExpenses": 704276000,
        "costAndExpenses": 2536854000,
        "interestIncome": 0,
        "interestExpense": 0,
        "depreciationAndAmortization": 49191000,
        "ebitda": 145187000,
        "ebitdaratio": 0.0551444252,
        "operatingIncome": 95996000,
        "operatingIncomeRatio": 0.0364608694,
        "totalOtherIncomeExpensesNet": -4032000,
        "incomeBeforeTax": 91964000,
        "incomeBeforeTaxRatio": 0.0349294491,
        "incomeTaxExpense": 34027000,
        "netIncome": 57937000,
        "netIncomeRatio": 0.0220054314,
        "eps": 1.8,
        "epsdiluted": 1.8,
        "weightedAverageShsOut": 31369600,
        "weightedAverageShsOutDil": 34056700,
        "link": "https://www.sec.gov/Archives/edgar/data/800240/000095014400009465/0000950144-00-009465-index.htm",
        "finalLink": "https://www.sec.gov/Archives/edgar/data/800240/000095014400009465/e10-q.txt"
    },
    {
        "date": "2000-03-25",
        "symbol": "ODP",
        "reportedCurrency": "USD",
        "cik": "0000800240",
        "fillingDate": "2000-05-09",
        "acceptedDate": "2000-05-09 00:00:00",
        "calendarYear": "2000",
        "period": "Q1",
        "revenue": 3065657000,
        "costOfRevenue": 2181023000,
        "grossProfit": 884634000,
        "grossProfitRatio": 0.2885626148,
        "researchAndDevelopmentExpenses": 0,
        "generalAndAdministrativeExpenses": 0,
        "sellingAndMarketingExpenses": 0,
        "sellingGeneralAndAdministrativeExpenses": 680784000,
        "otherExpenses": 95005000,
        "operatingExpenses": 775789000,
        "costAndExpenses": 2956812000,
        "interestIncome": 0,
        "interestExpense": 0,
        "depreciationAndAmortization": 46988000,
        "ebitda": 203850000,
        "ebitdaratio": 0.0664947188,
        "operatingIncome": 108845000,
        "operatingIncomeRatio": 0.0355046243,
        "totalOtherIncomeExpensesNet": 64228000,
        "incomeBeforeTax": 173073000,
        "incomeBeforeTaxRatio": 0.0564554352,
        "incomeTaxExpense": 64037000,
        "netIncome": 109036000,
        "netIncomeRatio": 0.0355669274,
        "eps": 3.4,
        "epsdiluted": 3.2,
        "weightedAverageShsOut": 32360500,
        "weightedAverageShsOutDil": 35134400,
        "link": "https://www.sec.gov/Archives/edgar/data/800240/000095014400006070/0000950144-00-006070-index.html",
        "finalLink": "https://www.sec.gov/Archives/edgar/data/800240/000095014400006070/"
    },
    {
        "date": "1999-12-31",
        "symbol": "ODP",
        "reportedCurrency": "USD",
        "cik": "0000800240",
        "fillingDate": "2000-03-22",
        "acceptedDate": "2000-03-22 00:00:00",
        "calendarYear": "1999",
        "period": "Q4",
        "revenue": 2718900000,
        "costOfRevenue": 1918100000,
        "grossProfit": 800800000,
        "grossProfitRatio": 0.2945308765,
        "researchAndDevelopmentExpenses": 0,
        "generalAndAdministrativeExpenses": 0,
        "sellingAndMarketingExpenses": 0,
        "sellingGeneralAndAdministrativeExpenses": 657300000,
        "otherExpenses": 44900000,
        "operatingExpenses": 702200000,
        "costAndExpenses": 2620300000,
        "interestIncome": 0,
        "interestExpense": 0,
        "depreciationAndAmortization": 44900000,
        "ebitda": 143500000,
        "ebitdaratio": 0.0527786973,
        "operatingIncome": 98600000,
        "operatingIncomeRatio": 0.0362646659,
        "totalOtherIncomeExpensesNet": 34700000,
        "incomeBeforeTax": 133300000,
        "incomeBeforeTaxRatio": 0.0490271801,
        "incomeTaxExpense": 49300000,
        "netIncome": 84000000,
        "netIncomeRatio": 0.0308948472,
        "eps": 2.31,
        "epsdiluted": 2.25,
        "weightedAverageShsOut": 36287042,
        "weightedAverageShsOutDil": 37338841,
        "link": "https://www.sec.gov/Archives/edgar/data/800240/000095014400003521/0000950144-00-003521-index.html",
        "finalLink": "https://www.sec.gov/Archives/edgar/data/800240/000095014400003521/"
    },
    {
        "date": "1999-09-25",
        "symbol": "ODP",
        "reportedCurrency": "USD",
        "cik": "0000800240",
        "fillingDate": "1999-11-09",
        "acceptedDate": "1999-11-09 00:00:00",
        "calendarYear": "1999",
        "period": "Q3",
        "revenue": 2578500000,
        "costOfRevenue": 1883900000,
        "grossProfit": 694600000,
        "grossProfitRatio": 0.2693814233,
        "researchAndDevelopmentExpenses": 0,
        "generalAndAdministrativeExpenses": 0,
        "sellingAndMarketingExpenses": 0,
        "sellingGeneralAndAdministrativeExpenses": 593100000,
        "otherExpenses": 44600000,
        "operatingExpenses": 637700000,
        "costAndExpenses": 2521600000,
        "interestIncome": 0,
        "interestExpense": 0,
        "depreciationAndAmortization": 44000000,
        "ebitda": 101500000,
        "ebitdaratio": 0.0393639713,
        "operatingIncome": 56900000,
        "operatingIncomeRatio": 0.0220670933,
        "totalOtherIncomeExpensesNet": -53700000,
        "incomeBeforeTax": 3200000,
        "incomeBeforeTaxRatio": 0.0012410316,
        "incomeTaxExpense": 4300000,
        "netIncome": -1100000,
        "netIncomeRatio": -0.0004266046,
        "eps": -0.0296,
        "epsdiluted": -0.0277,
        "weightedAverageShsOut": 37170213,
        "weightedAverageShsOutDil": 39704545,
        "link": "https://www.sec.gov/Archives/edgar/data/800240/000095014499012551/0000950144-99-012551-index.html",
        "finalLink": "https://www.sec.gov/Archives/edgar/data/800240/000095014499012551/"
    },
    {
        "date": "1999-06-26",
        "symbol": "ODP",
        "reportedCurrency": "USD",
        "cik": "0000800240",
        "fillingDate": "1999-08-10",
        "acceptedDate": "1999-08-10 00:00:00",
        "calendarYear": "1999",
        "period": "Q2",
        "revenue": 2343036000,
        "costOfRevenue": 1624200000,
        "grossProfit": 718836000,
        "grossProfitRatio": 0.3067968226,
        "researchAndDevelopmentExpenses": 0,
        "generalAndAdministrativeExpenses": 0,
        "sellingAndMarketingExpenses": 0,
        "sellingGeneralAndAdministrativeExpenses": 548100000,
        "otherExpenses": 40600000,
        "operatingExpenses": 588700000,
        "costAndExpenses": 2212900000,
        "interestIncome": 0,
        "interestExpense": 0,
        "depreciationAndAmortization": 40600000,
        "ebitda": 170736000,
        "ebitdaratio": 0.072869559,
        "operatingIncome": 130136000,
        "operatingIncomeRatio": 0.0555416135,
        "totalOtherIncomeExpensesNet": -12636000,
        "incomeBeforeTax": 117500000,
        "incomeBeforeTaxRatio": 0.0501486106,
        "incomeTaxExpense": 43400000,
        "netIncome": 74100000,
        "netIncomeRatio": 0.0316256344,
        "eps": 2,
        "epsdiluted": 1.9,
        "weightedAverageShsOut": 37050000,
        "weightedAverageShsOutDil": 39000000,
        "link": "https://www.sec.gov/Archives/edgar/data/800240/000095014499009788/0000950144-99-009788-index.html",
        "finalLink": "https://www.sec.gov/Archives/edgar/data/800240/000095014499009788/"
    },
    {
        "date": "1999-03-27",
        "symbol": "ODP",
        "reportedCurrency": "USD",
        "cik": "0000800240",
        "fillingDate": "1999-05-11",
        "acceptedDate": "1999-05-11 00:00:00",
        "calendarYear": "1999",
        "period": "Q1",
        "revenue": 2622851000,
        "costOfRevenue": 1855500000,
        "grossProfit": 767351000,
        "grossProfitRatio": 0.2925637026,
        "researchAndDevelopmentExpenses": 0,
        "generalAndAdministrativeExpenses": 0,
        "sellingAndMarketingExpenses": 0,
        "sellingGeneralAndAdministrativeExpenses": 567900000,
        "otherExpenses": 38500000,
        "operatingExpenses": 606400000,
        "costAndExpenses": 2461900000,
        "interestIncome": 0,
        "interestExpense": 0,
        "depreciationAndAmortization": 38500000,
        "ebitda": 199451000,
        "ebitdaratio": 0.0760435877,
        "operatingIncome": 160951000,
        "operatingIncomeRatio": 0.0613649041,
        "totalOtherIncomeExpensesNet": -1151000,
        "incomeBeforeTax": 159800000,
        "incomeBeforeTaxRatio": 0.0609260686,
        "incomeTaxExpense": 59200000,
        "netIncome": 100600000,
        "netIncomeRatio": 0.0383552097,
        "eps": 2.7,
        "epsdiluted": 2.5,
        "weightedAverageShsOut": 37259259,
        "weightedAverageShsOutDil": 40240000,
        "link": "https://www.sec.gov/Archives/edgar/data/800240/000095014499005589/0000950144-99-005589-index.html",
        "finalLink": "https://www.sec.gov/Archives/edgar/data/800240/"
    },
    {
        "date": "1998-12-31",
        "symbol": "ODP",
        "reportedCurrency": "USD",
        "cik": "0000800240",
        "fillingDate": "1999-03-22",
        "acceptedDate": "1999-03-22 00:00:00",
        "calendarYear": "1998",
        "period": "Q4",
        "revenue": 2295600000,
        "costOfRevenue": 1572100000,
        "grossProfit": 723500000,
        "grossProfitRatio": 0.3151681478,
        "researchAndDevelopmentExpenses": 0,
        "generalAndAdministrativeExpenses": 0,
        "sellingAndMarketingExpenses": 0,
        "sellingGeneralAndAdministrativeExpenses": 541900000,
        "otherExpenses": 38000000,
        "operatingExpenses": 579900000,
        "costAndExpenses": 2152000000,
        "interestIncome": 0,
        "interestExpense": 0,
        "depreciationAndAmortization": 38000000,
        "ebitda": 181600000,
        "ebitdaratio": 0.0791078585,
        "operatingIncome": 143600000,
        "operatingIncomeRatio": 0.062554452,
        "totalOtherIncomeExpensesNet": -32500000,
        "incomeBeforeTax": 111100000,
        "incomeBeforeTaxRatio": 0.0483969333,
        "incomeTaxExpense": 42400000,
        "netIncome": 68700000,
        "netIncomeRatio": 0.0299268165,
        "eps": 1.86,
        "epsdiluted": 1.75,
        "weightedAverageShsOut": 36907408,
        "weightedAverageShsOutDil": 39247907,
        "link": "https://www.sec.gov/Archives/edgar/data/800240/000095014499002975/0000950144-99-002975-index.html",
        "finalLink": "https://www.sec.gov/Archives/edgar/data/800240/"
    },
    {
        "date": "1998-09-26",
        "symbol": "ODP",
        "reportedCurrency": "USD",
        "cik": "0000800240",
        "fillingDate": "1998-11-10",
        "acceptedDate": "1998-11-10 00:00:00",
        "calendarYear": "1998",
        "period": "Q3",
        "revenue": 2234900000,
        "costOfRevenue": 1565900000,
        "grossProfit": 669000000,
        "grossProfitRatio": 0.2993422524,
        "researchAndDevelopmentExpenses": 0,
        "generalAndAdministrativeExpenses": 0,
        "sellingAndMarketingExpenses": 0,
        "sellingGeneralAndAdministrativeExpenses": 490200000,
        "otherExpenses": 48600000,
        "operatingExpenses": 538800000,
        "costAndExpenses": 2104700000,
        "interestIncome": 0,
        "interestExpense": 0,
        "depreciationAndAmortization": 35800000,
        "ebitda": 178800000,
        "ebitdaratio": 0.0800035796,
        "operatingIncome": 130200000,
        "operatingIncomeRatio": 0.0582576402,
        "totalOtherIncomeExpensesNet": -87400000,
        "incomeBeforeTax": 42800000,
        "incomeBeforeTaxRatio": 0.019150745,
        "incomeTaxExpense": 27100000,
        "netIncome": 15700000,
        "netIncomeRatio": 0.0070249228,
        "eps": 0.4,
        "epsdiluted": 0.4,
        "weightedAverageShsOut": 39250000,
        "weightedAverageShsOutDil": 39250000,
        "link": "https://www.sec.gov/Archives/edgar/data/800240/000095014498012248/0000950144-98-012248-index.html",
        "finalLink": "https://www.sec.gov/Archives/edgar/data/800240/"
    },
    {
        "date": "1998-06-27",
        "symbol": "ODP",
        "reportedCurrency": "USD",
        "cik": "0000800240",
        "fillingDate": "1998-08-11",
        "acceptedDate": "1998-08-11 00:00:00",
        "calendarYear": "1998",
        "period": "Q2",
        "revenue": 2068600000,
        "costOfRevenue": 1467000000,
        "grossProfit": 601600000,
        "grossProfitRatio": 0.2908247124,
        "researchAndDevelopmentExpenses": 0,
        "generalAndAdministrativeExpenses": 0,
        "sellingAndMarketingExpenses": 0,
        "sellingGeneralAndAdministrativeExpenses": 461200000,
        "otherExpenses": 27900000,
        "operatingExpenses": 489100000,
        "costAndExpenses": 1956100000,
        "interestIncome": 0,
        "interestExpense": 0,
        "depreciationAndAmortization": 34500000,
        "ebitda": 147000000,
        "ebitdaratio": 0.0710625544,
        "operatingIncome": 112500000,
        "operatingIncomeRatio": 0.0543846079,
        "totalOtherIncomeExpensesNet": -6200000,
        "incomeBeforeTax": 106300000,
        "incomeBeforeTaxRatio": 0.0513874118,
        "incomeTaxExpense": 38600000,
        "netIncome": 67700000,
        "netIncomeRatio": 0.0327274485,
        "eps": 2.79,
        "epsdiluted": 2.67,
        "weightedAverageShsOut": 24260870,
        "weightedAverageShsOutDil": 25363636,
        "link": "https://www.sec.gov/Archives/edgar/data/800240/000095014498009399/0000950144-98-009399-index.html",
        "finalLink": "https://www.sec.gov/Archives/edgar/data/800240/"
    },
    {
        "date": "1998-03-28",
        "symbol": "ODP",
        "reportedCurrency": "USD",
        "cik": "0000800240",
        "fillingDate": "1998-05-11",
        "acceptedDate": "1998-05-11 00:00:00",
        "calendarYear": "1998",
        "period": "Q1",
        "revenue": 2398700000,
        "costOfRevenue": 1735600000,
        "grossProfit": 663100000,
        "grossProfitRatio": 0.2764414058,
        "researchAndDevelopmentExpenses": 0,
        "generalAndAdministrativeExpenses": 0,
        "sellingAndMarketingExpenses": 0,
        "sellingGeneralAndAdministrativeExpenses": 496100000,
        "otherExpenses": 32600000,
        "operatingExpenses": 528700000,
        "costAndExpenses": 2264300000,
        "interestIncome": 0,
        "interestExpense": 0,
        "depreciationAndAmortization": 32600000,
        "ebitda": 167000000,
        "ebitdaratio": 0.0696210447,
        "operatingIncome": 134400000,
        "operatingIncomeRatio": 0.0560303498,
        "totalOtherIncomeExpensesNet": -5900000,
        "incomeBeforeTax": 128500000,
        "incomeBeforeTaxRatio": 0.0535706841,
        "incomeTaxExpense": 47400000,
        "netIncome": 81100000,
        "netIncomeRatio": 0.0338099804,
        "eps": 3.41,
        "epsdiluted": 3.41,
        "weightedAverageShsOut": 23811599,
        "weightedAverageShsOutDil": 23811599,
        "link": "https://www.sec.gov/Archives/edgar/data/800240/000095014498005807/0000950144-98-005807-index.html",
        "finalLink": "https://www.sec.gov/Archives/edgar/data/800240/"
    },
    {
        "date": "1997-12-31",
        "symbol": "ODP",
        "reportedCurrency": "USD",
        "cik": "0000800240",
        "fillingDate": "1998-03-25",
        "acceptedDate": "1998-03-25 00:00:00",
        "calendarYear": "1997",
        "period": "Q4",
        "revenue": 1723000000,
        "costOfRevenue": 1284600000,
        "grossProfit": 438400000,
        "grossProfitRatio": 0.2544399304,
        "researchAndDevelopmentExpenses": 0,
        "generalAndAdministrativeExpenses": 0,
        "sellingAndMarketingExpenses": 0,
        "sellingGeneralAndAdministrativeExpenses": 330400000,
        "otherExpenses": 24600000,
        "operatingExpenses": 355000000,
        "costAndExpenses": 1639600000,
        "interestIncome": 0,
        "interestExpense": 0,
        "depreciationAndAmortization": 24600000,
        "ebitda": 108000000,
        "ebitdaratio": 0.0626813697,
        "operatingIncome": 83400000,
        "operatingIncomeRatio": 0.0484039466,
        "totalOtherIncomeExpensesNet": -6200000,
        "incomeBeforeTax": 77200000,
        "incomeBeforeTaxRatio": 0.0448055717,
        "incomeTaxExpense": 30500000,
        "netIncome": 46700000,
        "netIncomeRatio": 0.0271038886,
        "eps": 1.98,
        "epsdiluted": 1.9,
        "weightedAverageShsOut": 23541667,
        "weightedAverageShsOutDil": 24565217,
        "link": "https://www.sec.gov/Archives/edgar/data/800240/000095014498003205/0000950144-98-003205-index.html",
        "finalLink": "https://www.sec.gov/Archives/edgar/data/800240/"
    },
    {
        "date": "1997-09-27",
        "symbol": "ODP",
        "reportedCurrency": "USD",
        "cik": "0000800240",
        "fillingDate": "1997-10-29",
        "acceptedDate": "1997-10-29 00:00:00",
        "calendarYear": "1997",
        "period": "Q3",
        "revenue": 2030500000,
        "costOfRevenue": 1470300000,
        "grossProfit": 560200000,
        "grossProfitRatio": 0.2758926373,
        "researchAndDevelopmentExpenses": 0,
        "generalAndAdministrativeExpenses": 0,
        "sellingAndMarketingExpenses": 0,
        "sellingGeneralAndAdministrativeExpenses": 432200000,
        "otherExpenses": 24500000,
        "operatingExpenses": 456700000,
        "costAndExpenses": 1927000000,
        "interestIncome": 0,
        "interestExpense": 0,
        "depreciationAndAmortization": 40700000,
        "ebitda": 144200000,
        "ebitdaratio": 0.0710169909,
        "operatingIncome": 103500000,
        "operatingIncomeRatio": 0.0509726668,
        "totalOtherIncomeExpensesNet": -5900000,
        "incomeBeforeTax": 97600000,
        "incomeBeforeTaxRatio": 0.0480669786,
        "incomeTaxExpense": 35900000,
        "netIncome": 61700000,
        "netIncomeRatio": 0.0303866043,
        "eps": 2.58,
        "epsdiluted": 2.58,
        "weightedAverageShsOut": 23896552,
        "weightedAverageShsOutDil": 23896552,
        "link": "https://www.sec.gov/Archives/edgar/data/800240/000095014497011326/0000950144-97-011326-index.html",
        "finalLink": "https://www.sec.gov/Archives/edgar/data/800240/"
    },
    {
        "date": "1997-06-28",
        "symbol": "ODP",
        "reportedCurrency": "USD",
        "cik": "0000800240",
        "fillingDate": "1997-08-12",
        "acceptedDate": "1997-08-12 00:00:00",
        "calendarYear": "1997",
        "period": "Q2",
        "revenue": 1531800000,
        "costOfRevenue": 1148400000,
        "grossProfit": 383400000,
        "grossProfitRatio": 0.250293772,
        "researchAndDevelopmentExpenses": 0,
        "generalAndAdministrativeExpenses": 0,
        "sellingAndMarketingExpenses": 0,
        "sellingGeneralAndAdministrativeExpenses": 294300000,
        "otherExpenses": 24200000,
        "operatingExpenses": 318500000,
        "costAndExpenses": 1466900000,
        "interestIncome": 0,
        "interestExpense": 0,
        "depreciationAndAmortization": 24200000,
        "ebitda": 89100000,
        "ebitdaratio": 0.0581668625,
        "operatingIncome": 64900000,
        "operatingIncomeRatio": 0.0423684554,
        "totalOtherIncomeExpensesNet": -14400000,
        "incomeBeforeTax": 50500000,
        "incomeBeforeTaxRatio": 0.0329677504,
        "incomeTaxExpense": 20000000,
        "netIncome": 30500000,
        "netIncomeRatio": 0.0199112156,
        "eps": 1.3,
        "epsdiluted": 1.3,
        "weightedAverageShsOut": 23461538,
        "weightedAverageShsOutDil": 23461538,
        "link": "https://www.sec.gov/Archives/edgar/data/800240/000095014497008818/0000950144-97-008818-index.html",
        "finalLink": "https://www.sec.gov/Archives/edgar/data/800240/"
    },
    {
        "date": "1997-03-29",
        "symbol": "ODP",
        "reportedCurrency": "USD",
        "cik": "0000800240",
        "fillingDate": "1997-05-13",
        "acceptedDate": "1997-05-13 00:00:00",
        "calendarYear": "1997",
        "period": "Q1",
        "revenue": 1772400000,
        "costOfRevenue": 1350500000,
        "grossProfit": 421900000,
        "grossProfitRatio": 0.2380388174,
        "researchAndDevelopmentExpenses": 0,
        "generalAndAdministrativeExpenses": 0,
        "sellingAndMarketingExpenses": 0,
        "sellingGeneralAndAdministrativeExpenses": 321500000,
        "otherExpenses": 23700000,
        "operatingExpenses": 345200000,
        "costAndExpenses": 1695700000,
        "interestIncome": 0,
        "interestExpense": 0,
        "depreciationAndAmortization": 23700000,
        "ebitda": 100400000,
        "ebitdaratio": 0.0566463552,
        "operatingIncome": 76700000,
        "operatingIncomeRatio": 0.0432746558,
        "totalOtherIncomeExpensesNet": -12500000,
        "incomeBeforeTax": 64200000,
        "incomeBeforeTaxRatio": 0.0362220718,
        "incomeTaxExpense": 25400000,
        "netIncome": 38800000,
        "netIncomeRatio": 0.0218912209,
        "eps": 1.7,
        "epsdiluted": 1.6,
        "weightedAverageShsOut": 22823529,
        "weightedAverageShsOutDil": 24250000,
        "link": "https://www.sec.gov/Archives/edgar/data/800240/000095014497005546/0000950144-97-005546-index.html",
        "finalLink": "https://www.sec.gov/Archives/edgar/data/800240/"
    },
    {
        "date": "1996-12-31",
        "symbol": "ODP",
        "reportedCurrency": "USD",
        "cik": "0000800240",
        "fillingDate": "1997-03-28",
        "acceptedDate": "1997-03-28 00:00:00",
        "calendarYear": "1996",
        "period": "Q4",
        "revenue": 1544600000,
        "costOfRevenue": 1169900000,
        "grossProfit": 374700000,
        "grossProfitRatio": 0.2425870776,
        "researchAndDevelopmentExpenses": 0,
        "generalAndAdministrativeExpenses": 0,
        "sellingAndMarketingExpenses": 0,
        "sellingGeneralAndAdministrativeExpenses": 290100000,
        "otherExpenses": 22100000,
        "operatingExpenses": 312200000,
        "costAndExpenses": 1482100000,
        "interestIncome": 0,
        "interestExpense": 0,
        "depreciationAndAmortization": 22100000,
        "ebitda": 84600000,
        "ebitdaratio": 0.0547714619,
        "operatingIncome": 62500000,
        "operatingIncomeRatio": 0.0404635504,
        "totalOtherIncomeExpensesNet": -7100000,
        "incomeBeforeTax": 55400000,
        "incomeBeforeTaxRatio": 0.0358668911,
        "incomeTaxExpense": 20000000,
        "netIncome": 35400000,
        "netIncomeRatio": 0.022918555,
        "eps": 1.48,
        "epsdiluted": 1.48,
        "weightedAverageShsOut": 24000000,
        "weightedAverageShsOutDil": 24000000,
        "link": "https://www.sec.gov/Archives/edgar/data/800240/000095014497003231/0000950144-97-003231-index.html",
        "finalLink": "https://www.sec.gov/Archives/edgar/data/800240/"
    },
    {
        "date": "1996-09-28",
        "symbol": "ODP",
        "reportedCurrency": "USD",
        "cik": "0000800240",
        "fillingDate": "1996-11-12",
        "acceptedDate": "1996-11-12 00:00:00",
        "calendarYear": "1996",
        "period": "Q3",
        "revenue": 1509700000,
        "costOfRevenue": 1155900000,
        "grossProfit": 353800000,
        "grossProfitRatio": 0.2343511956,
        "researchAndDevelopmentExpenses": 0,
        "generalAndAdministrativeExpenses": 0,
        "sellingAndMarketingExpenses": 0,
        "sellingGeneralAndAdministrativeExpenses": 270900000,
        "otherExpenses": 21400000,
        "operatingExpenses": 292300000,
        "costAndExpenses": 1448200000,
        "interestIncome": 0,
        "interestExpense": 0,
        "depreciationAndAmortization": 21400000,
        "ebitda": 82900000,
        "ebitdaratio": 0.0549115718,
        "operatingIncome": 61500000,
        "operatingIncomeRatio": 0.0407365702,
        "totalOtherIncomeExpensesNet": -8000000,
        "incomeBeforeTax": 53500000,
        "incomeBeforeTaxRatio": 0.0354375041,
        "incomeTaxExpense": 21600000,
        "netIncome": 31900000,
        "netIncomeRatio": 0.0211300258,
        "eps": 1.3,
        "epsdiluted": 1.3,
        "weightedAverageShsOut": 24538462,
        "weightedAverageShsOutDil": 24538462,
        "link": "https://www.sec.gov/Archives/edgar/data/800240/000095014496007868/0000950144-96-007868-index.html",
        "finalLink": "https://www.sec.gov/Archives/edgar/data/800240/"
    },
    {
        "date": "1996-06-29",
        "symbol": "ODP",
        "reportedCurrency": "USD",
        "cik": "0000800240",
        "fillingDate": "1996-08-13",
        "acceptedDate": "1996-08-13 00:00:00",
        "calendarYear": "1996",
        "period": "Q2",
        "revenue": 1381400000,
        "costOfRevenue": 1038100000,
        "grossProfit": 343300000,
        "grossProfitRatio": 0.2485159983,
        "researchAndDevelopmentExpenses": 0,
        "generalAndAdministrativeExpenses": 0,
        "sellingAndMarketingExpenses": 0,
        "sellingGeneralAndAdministrativeExpenses": 269700000,
        "otherExpenses": 19900000,
        "operatingExpenses": 289600000,
        "costAndExpenses": 1327700000,
        "interestIncome": 0,
        "interestExpense": 0,
        "depreciationAndAmortization": 19900000,
        "ebitda": 73600000,
        "ebitdaratio": 0.0532792819,
        "operatingIncome": 53700000,
        "operatingIncomeRatio": 0.0388736065,
        "totalOtherIncomeExpensesNet": -6300000,
        "incomeBeforeTax": 47400000,
        "incomeBeforeTaxRatio": 0.0343130158,
        "incomeTaxExpense": 19200000,
        "netIncome": 28200000,
        "netIncomeRatio": 0.0204140727,
        "eps": 1.2,
        "epsdiluted": 1.2,
        "weightedAverageShsOut": 23500000,
        "weightedAverageShsOutDil": 23500000,
        "link": "https://www.sec.gov/Archives/edgar/data/800240/000095014496005256/0000950144-96-005256-index.html",
        "finalLink": "https://www.sec.gov/Archives/edgar/data/800240/"
    },
    {
        "date": "1996-03-30",
        "symbol": "ODP",
        "reportedCurrency": "USD",
        "cik": "0000800240",
        "fillingDate": "1996-05-10",
        "acceptedDate": "1996-05-10 00:00:00",
        "calendarYear": "1996",
        "period": "Q1",
        "revenue": 1633000000,
        "costOfRevenue": 1259800000,
        "grossProfit": 373200000,
        "grossProfitRatio": 0.228536436,
        "researchAndDevelopmentExpenses": 0,
        "generalAndAdministrativeExpenses": 0,
        "sellingAndMarketingExpenses": 0,
        "sellingGeneralAndAdministrativeExpenses": 292400000,
        "otherExpenses": 19100000,
        "operatingExpenses": 311500000,
        "costAndExpenses": 1571300000,
        "interestIncome": 0,
        "interestExpense": 0,
        "depreciationAndAmortization": 19100000,
        "ebitda": 80800000,
        "ebitdaratio": 0.0494794856,
        "operatingIncome": 61700000,
        "operatingIncomeRatio": 0.0377832211,
        "totalOtherIncomeExpensesNet": -5300000,
        "incomeBeforeTax": 56400000,
        "incomeBeforeTaxRatio": 0.0345376607,
        "incomeTaxExpense": 22900000,
        "netIncome": 33500000,
        "netIncomeRatio": 0.0205143907,
        "eps": 1.4,
        "epsdiluted": 1.4,
        "weightedAverageShsOut": 23928571,
        "weightedAverageShsOutDil": 23928571,
        "link": "https://www.sec.gov/Archives/edgar/data/800240/000095014496002054/0000950144-96-002054-index.html",
        "finalLink": "https://www.sec.gov/Archives/edgar/data/800240/"
    },
    {
        "date": "1995-12-31",
        "symbol": "ODP",
        "reportedCurrency": "USD",
        "cik": "0000800240",
        "fillingDate": "1996-03-29",
        "acceptedDate": "1996-03-29 00:00:00",
        "calendarYear": "1995",
        "period": "Q4",
        "revenue": 1424500000,
        "costOfRevenue": 1089500000,
        "grossProfit": 335000000,
        "grossProfitRatio": 0.2351702352,
        "researchAndDevelopmentExpenses": 0,
        "generalAndAdministrativeExpenses": 0,
        "sellingAndMarketingExpenses": 0,
        "sellingGeneralAndAdministrativeExpenses": 252400000,
        "otherExpenses": 17500000,
        "operatingExpenses": 269900000,
        "costAndExpenses": 1359400000,
        "interestIncome": 0,
        "interestExpense": 0,
        "depreciationAndAmortization": 17500000,
        "ebitda": 82600000,
        "ebitdaratio": 0.057985258,
        "operatingIncome": 65100000,
        "operatingIncomeRatio": 0.0457002457,
        "totalOtherIncomeExpensesNet": -5400000,
        "incomeBeforeTax": 59700000,
        "incomeBeforeTaxRatio": 0.0419094419,
        "incomeTaxExpense": 24000000,
        "netIncome": 35700000,
        "netIncomeRatio": 0.0250614251,
        "eps": 1.53,
        "epsdiluted": 1.49,
        "weightedAverageShsOut": 23364706,
        "weightedAverageShsOutDil": 23927711,
        "link": "https://www.sec.gov/Archives/edgar/data/800240/000095014496001343/0000950144-96-001343-index.html",
        "finalLink": "https://www.sec.gov/Archives/edgar/data/800240/"
    },
    {
        "date": "1995-09-30",
        "symbol": "ODP",
        "reportedCurrency": "USD",
        "cik": "0000800240",
        "fillingDate": "1995-10-31",
        "acceptedDate": "1995-10-31 00:00:00",
        "calendarYear": "1995",
        "period": "Q3",
        "revenue": 1337100000,
        "costOfRevenue": 1014000000,
        "grossProfit": 323100000,
        "grossProfitRatio": 0.2416423603,
        "researchAndDevelopmentExpenses": 0,
        "generalAndAdministrativeExpenses": 0,
        "sellingAndMarketingExpenses": 0,
        "sellingGeneralAndAdministrativeExpenses": 239400000,
        "otherExpenses": 16900000,
        "operatingExpenses": 256300000,
        "costAndExpenses": 1270300000,
        "interestIncome": 0,
        "interestExpense": 0,
        "depreciationAndAmortization": 16900000,
        "ebitda": 83700000,
        "ebitdaratio": 0.0625981602,
        "operatingIncome": 66800000,
        "operatingIncomeRatio": 0.0499588662,
        "totalOtherIncomeExpensesNet": -5200000,
        "incomeBeforeTax": 61600000,
        "incomeBeforeTaxRatio": 0.0460698527,
        "incomeTaxExpense": 24800000,
        "netIncome": 36800000,
        "netIncomeRatio": 0.0275222496,
        "eps": 1.6,
        "epsdiluted": 1.5,
        "weightedAverageShsOut": 23000000,
        "weightedAverageShsOutDil": 24533333,
        "link": "https://www.sec.gov/Archives/edgar/data/800240/000095014495002923/0000950144-95-002923-index.html",
        "finalLink": "https://www.sec.gov/Archives/edgar/data/800240/"
    },
    {
        "date": "1995-07-01",
        "symbol": "ODP",
        "reportedCurrency": "USD",
        "cik": "0000800240",
        "fillingDate": "1995-07-31",
        "acceptedDate": "1995-07-31 00:00:00",
        "calendarYear": "1995",
        "period": "Q2",
        "revenue": 1200400000,
        "costOfRevenue": 914000000,
        "grossProfit": 286400000,
        "grossProfitRatio": 0.2385871376,
        "researchAndDevelopmentExpenses": 0,
        "generalAndAdministrativeExpenses": 0,
        "sellingAndMarketingExpenses": 0,
        "sellingGeneralAndAdministrativeExpenses": 218300000,
        "otherExpenses": 15900000,
        "operatingExpenses": 234200000,
        "costAndExpenses": 1148200000,
        "interestIncome": 0,
        "interestExpense": 0,
        "depreciationAndAmortization": 15900000,
        "ebitda": 68100000,
        "ebitdaratio": 0.0567310896,
        "operatingIncome": 52200000,
        "operatingIncomeRatio": 0.0434855048,
        "totalOtherIncomeExpensesNet": -6900000,
        "incomeBeforeTax": 45300000,
        "incomeBeforeTaxRatio": 0.0377374209,
        "incomeTaxExpense": 17900000,
        "netIncome": 27400000,
        "netIncomeRatio": 0.0228257248,
        "eps": 1.2,
        "epsdiluted": 1.2,
        "weightedAverageShsOut": 22833333,
        "weightedAverageShsOutDil": 22833333,
        "link": "https://www.sec.gov/Archives/edgar/data/800240/000095014495002083/0000950144-95-002083-index.html",
        "finalLink": "https://www.sec.gov/Archives/edgar/data/800240/"
    },
    {
        "date": "1995-04-01",
        "symbol": "ODP",
        "reportedCurrency": "USD",
        "cik": "0000800240",
        "fillingDate": "1995-05-16",
        "acceptedDate": "1995-05-16 00:00:00",
        "calendarYear": "1995",
        "period": "Q1",
        "revenue": 1351200000,
        "costOfRevenue": 1033100000,
        "grossProfit": 318100000,
        "grossProfitRatio": 0.2354203671,
        "researchAndDevelopmentExpenses": 0,
        "generalAndAdministrativeExpenses": 0,
        "sellingAndMarketingExpenses": 0,
        "sellingGeneralAndAdministrativeExpenses": 243500000,
        "otherExpenses": 14500000,
        "operatingExpenses": 258000000,
        "costAndExpenses": 1291100000,
        "interestIncome": 0,
        "interestExpense": 0,
        "depreciationAndAmortization": 14500000,
        "ebitda": 74600000,
        "ebitdaratio": 0.0552101835,
        "operatingIncome": 60100000,
        "operatingIncomeRatio": 0.0444789816,
        "totalOtherIncomeExpensesNet": -4800000,
        "incomeBeforeTax": 55300000,
        "incomeBeforeTaxRatio": 0.0409265838,
        "incomeTaxExpense": 22800000,
        "netIncome": 32500000,
        "netIncomeRatio": 0.0240526939,
        "eps": 1.4,
        "epsdiluted": 1.4,
        "weightedAverageShsOut": 23214286,
        "weightedAverageShsOutDil": 23214286,
        "link": "https://www.sec.gov/Archives/edgar/data/800240/000095014495001428/0000950144-95-001428-index.html",
        "finalLink": "https://www.sec.gov/Archives/edgar/data/800240/"
    },
    {
        "date": "1994-12-31",
        "symbol": "ODP",
        "reportedCurrency": "USD",
        "cik": "0000800240",
        "fillingDate": "1995-03-30",
        "acceptedDate": "1995-03-30 00:00:00",
        "calendarYear": "1994",
        "period": "Q4",
        "revenue": 1255300000,
        "costOfRevenue": 956300000,
        "grossProfit": 299000000,
        "grossProfitRatio": 0.2381900741,
        "researchAndDevelopmentExpenses": 0,
        "generalAndAdministrativeExpenses": 0,
        "sellingAndMarketingExpenses": 0,
        "sellingGeneralAndAdministrativeExpenses": 225900000,
        "otherExpenses": 13900000,
        "operatingExpenses": 239800000,
        "costAndExpenses": 1196100000,
        "interestIncome": 0,
        "interestExpense": 0,
        "depreciationAndAmortization": 13900000,
        "ebitda": 73100000,
        "ebitdaratio": 0.0582330917,
        "operatingIncome": 59200000,
        "operatingIncomeRatio": 0.0471600414,
        "totalOtherIncomeExpensesNet": -3500000,
        "incomeBeforeTax": 55700000,
        "incomeBeforeTaxRatio": 0.0443718633,
        "incomeTaxExpense": 23500000,
        "netIncome": 32200000,
        "netIncomeRatio": 0.0256512387,
        "eps": 1.41,
        "epsdiluted": 1.41,
        "weightedAverageShsOut": 22826087,
        "weightedAverageShsOutDil": 22826087,
        "link": "https://www.sec.gov/Archives/edgar/data/800240/000095014495000872/0000950144-95-000872-index.html",
        "finalLink": "https://www.sec.gov/Archives/edgar/data/800240/"
    },
    {
        "date": "1994-09-24",
        "symbol": "ODP",
        "reportedCurrency": "USD",
        "cik": "0000800240",
        "fillingDate": "1994-11-04",
        "acceptedDate": "1994-11-04 00:00:00",
        "calendarYear": "1994",
        "period": "Q3",
        "revenue": 1044800000,
        "costOfRevenue": 789500000,
        "grossProfit": 255300000,
        "grossProfitRatio": 0.2443529862,
        "researchAndDevelopmentExpenses": 0,
        "generalAndAdministrativeExpenses": 0,
        "sellingAndMarketingExpenses": 0,
        "sellingGeneralAndAdministrativeExpenses": 191900000,
        "otherExpenses": 13100000,
        "operatingExpenses": 205000000,
        "costAndExpenses": 994500000,
        "interestIncome": 0,
        "interestExpense": 0,
        "depreciationAndAmortization": 13100000,
        "ebitda": 63400000,
        "ebitdaratio": 0.0606814701,
        "operatingIncome": 50300000,
        "operatingIncomeRatio": 0.0481431853,
        "totalOtherIncomeExpensesNet": -3100000,
        "incomeBeforeTax": 47200000,
        "incomeBeforeTaxRatio": 0.0451761103,
        "incomeTaxExpense": 19800000,
        "netIncome": 27400000,
        "netIncomeRatio": 0.0262251149,
        "eps": 1.2,
        "epsdiluted": 1.2,
        "weightedAverageShsOut": 22833333,
        "weightedAverageShsOutDil": 22833333,
        "link": "https://www.sec.gov/Archives/edgar/data/800240/000095014494001924/0000950144-94-001924-index.html",
        "finalLink": "https://www.sec.gov/Archives/edgar/data/800240/"
    },
    {
        "date": "1994-06-25",
        "symbol": "ODP",
        "reportedCurrency": "USD",
        "cik": "0000800240",
        "fillingDate": "1994-08-05",
        "acceptedDate": "1994-08-05 00:00:00",
        "calendarYear": "1994",
        "period": "Q2",
        "revenue": 905200000,
        "costOfRevenue": 685400000,
        "grossProfit": 219800000,
        "grossProfitRatio": 0.2428192665,
        "researchAndDevelopmentExpenses": 0,
        "generalAndAdministrativeExpenses": 0,
        "sellingAndMarketingExpenses": 0,
        "sellingGeneralAndAdministrativeExpenses": 170100000,
        "otherExpenses": 11800000,
        "operatingExpenses": 181900000,
        "costAndExpenses": 867300000,
        "interestIncome": 0,
        "interestExpense": 0,
        "depreciationAndAmortization": 11800000,
        "ebitda": 49700000,
        "ebitdaratio": 0.0549049934,
        "operatingIncome": 37900000,
        "operatingIncomeRatio": 0.0418692002,
        "totalOtherIncomeExpensesNet": -3700000,
        "incomeBeforeTax": 34200000,
        "incomeBeforeTaxRatio": 0.0377817057,
        "incomeTaxExpense": 14200000,
        "netIncome": 20000000,
        "netIncomeRatio": 0.0220945647,
        "eps": 0.9,
        "epsdiluted": 0.9,
        "weightedAverageShsOut": 22222222,
        "weightedAverageShsOutDil": 22222222,
        "link": "https://www.sec.gov/Archives/edgar/data/800240/000095014494001423/0000950144-94-001423-index.html",
        "finalLink": "https://www.sec.gov/Archives/edgar/data/800240/"
    },
    {
        "date": "1994-03-26",
        "symbol": "ODP",
        "reportedCurrency": "USD",
        "cik": "0000800240",
        "fillingDate": "1994-05-09",
        "acceptedDate": "1994-05-09 00:00:00",
        "calendarYear": "1994",
        "period": "Q1",
        "revenue": 994800000,
        "costOfRevenue": 753200000,
        "grossProfit": 241600000,
        "grossProfitRatio": 0.242862887,
        "researchAndDevelopmentExpenses": 0,
        "generalAndAdministrativeExpenses": 0,
        "sellingAndMarketingExpenses": 0,
        "sellingGeneralAndAdministrativeExpenses": 188100000,
        "otherExpenses": 10800000,
        "operatingExpenses": 198900000,
        "costAndExpenses": 952100000,
        "interestIncome": 0,
        "interestExpense": 0,
        "depreciationAndAmortization": 10800000,
        "ebitda": 53500000,
        "ebitdaratio": 0.0537796542,
        "operatingIncome": 42700000,
        "operatingIncomeRatio": 0.0429232006,
        "totalOtherIncomeExpensesNet": -3200000,
        "incomeBeforeTax": 39500000,
        "incomeBeforeTaxRatio": 0.0397064737,
        "incomeTaxExpense": 16600000,
        "netIncome": 22900000,
        "netIncomeRatio": 0.0230197025,
        "eps": 1,
        "epsdiluted": 1,
        "weightedAverageShsOut": 22900000,
        "weightedAverageShsOutDil": 22900000,
        "link": "https://www.sec.gov/Archives/edgar/data/800240/000095014494000992/0000950144-94-000992-index.html",
        "finalLink": "https://www.sec.gov/Archives/edgar/data/800240/"
    },
    {
        "date": "1993-12-31",
        "symbol": "ODP",
        "reportedCurrency": "USD",
        "cik": "0000800240",
        "fillingDate": "1994-03-25",
        "acceptedDate": "1994-03-25 00:00:00",
        "calendarYear": "1993",
        "period": "Q4",
        "revenue": 809600000,
        "costOfRevenue": 609400000,
        "grossProfit": 200200000,
        "grossProfitRatio": 0.2472826087,
        "researchAndDevelopmentExpenses": 0,
        "generalAndAdministrativeExpenses": 0,
        "sellingAndMarketingExpenses": 0,
        "sellingGeneralAndAdministrativeExpenses": 151100000,
        "otherExpenses": 9900000,
        "operatingExpenses": 161000000,
        "costAndExpenses": 770400000,
        "interestIncome": 0,
        "interestExpense": 0,
        "depreciationAndAmortization": 9900000,
        "ebitda": 49100000,
        "ebitdaratio": 0.0606472332,
        "operatingIncome": 39200000,
        "operatingIncomeRatio": 0.0484189723,
        "totalOtherIncomeExpensesNet": -3100000,
        "incomeBeforeTax": 36100000,
        "incomeBeforeTaxRatio": 0.0445899209,
        "incomeTaxExpense": 14900000,
        "netIncome": 21200000,
        "netIncomeRatio": 0.0261857708,
        "eps": 0.99,
        "epsdiluted": 0.99,
        "weightedAverageShsOut": 21500000,
        "weightedAverageShsOutDil": 21500000,
        "link": "https://www.sec.gov/Archives/edgar/data/800240/000095012494000599/0000950124-94-000599-index.html",
        "finalLink": "https://www.sec.gov/Archives/edgar/data/800240/"
    },
    {
        "date": "1993-09-30",
        "symbol": "ODP",
        "reportedCurrency": "USD",
        "cik": "0000800240",
        "fillingDate": "1993-09-30",
        "acceptedDate": "1993-09-30 00:00:00",
        "calendarYear": "1993",
        "period": "Q3",
        "revenue": 659900000,
        "costOfRevenue": 501300000,
        "grossProfit": 158600000,
        "grossProfitRatio": 0.2403394454,
        "researchAndDevelopmentExpenses": 0,
        "generalAndAdministrativeExpenses": 0,
        "sellingAndMarketingExpenses": 0,
        "sellingGeneralAndAdministrativeExpenses": 120200000,
        "otherExpenses": 7600000,
        "operatingExpenses": 127800000,
        "costAndExpenses": 629100000,
        "interestIncome": 0,
        "interestExpense": 0,
        "depreciationAndAmortization": 7800000,
        "ebitda": 38600000,
        "ebitdaratio": 0.0584937112,
        "operatingIncome": 30800000,
        "operatingIncomeRatio": 0.0466737384,
        "totalOtherIncomeExpensesNet": -1400000,
        "incomeBeforeTax": 29400000,
        "incomeBeforeTaxRatio": 0.0445522049,
        "incomeTaxExpense": 12200000,
        "netIncome": 17200000,
        "netIncomeRatio": 0.0260645552,
        "eps": 0.8,
        "epsdiluted": 0.8,
        "weightedAverageShsOut": 21500000,
        "weightedAverageShsOutDil": 21500000,
        "link": null,
        "finalLink": null
    },
    {
        "date": "1993-06-30",
        "symbol": "ODP",
        "reportedCurrency": "USD",
        "cik": "0000800240",
        "fillingDate": "1993-06-30",
        "acceptedDate": "1993-06-30 00:00:00",
        "calendarYear": "1993",
        "period": "Q2",
        "revenue": 527900000,
        "costOfRevenue": 398800000,
        "grossProfit": 129100000,
        "grossProfitRatio": 0.2445538928,
        "researchAndDevelopmentExpenses": 0,
        "generalAndAdministrativeExpenses": 0,
        "sellingAndMarketingExpenses": 0,
        "sellingGeneralAndAdministrativeExpenses": 104000000,
        "otherExpenses": 6400000,
        "operatingExpenses": 110400000,
        "costAndExpenses": 509200000,
        "interestIncome": 0,
        "interestExpense": 0,
        "depreciationAndAmortization": 6700000,
        "ebitda": 25400000,
        "ebitdaratio": 0.0481151733,
        "operatingIncome": 18700000,
        "operatingIncomeRatio": 0.0354233756,
        "totalOtherIncomeExpensesNet": -900000,
        "incomeBeforeTax": 17800000,
        "incomeBeforeTaxRatio": 0.0337185073,
        "incomeTaxExpense": 6900000,
        "netIncome": 10900000,
        "netIncomeRatio": 0.02064785,
        "eps": 0.5,
        "epsdiluted": 0.5,
        "weightedAverageShsOut": 21800000,
        "weightedAverageShsOutDil": 21800000,
        "link": null,
        "finalLink": null
    },
    {
        "date": "1993-03-31",
        "symbol": "ODP",
        "reportedCurrency": "USD",
        "cik": "0000800240",
        "fillingDate": "1993-03-31",
        "acceptedDate": "1993-03-31 00:00:00",
        "calendarYear": "1993",
        "period": "Q1",
        "revenue": 582100000,
        "costOfRevenue": 442500000,
        "grossProfit": 139600000,
        "grossProfitRatio": 0.2398213365,
        "researchAndDevelopmentExpenses": 0,
        "generalAndAdministrativeExpenses": 0,
        "sellingAndMarketingExpenses": 0,
        "sellingGeneralAndAdministrativeExpenses": 109800000,
        "otherExpenses": 6000000,
        "operatingExpenses": 115800000,
        "costAndExpenses": 558300000,
        "interestIncome": 0,
        "interestExpense": 0,
        "depreciationAndAmortization": 6000000,
        "ebitda": 29800000,
        "ebitdaratio": 0.0511939529,
        "operatingIncome": 23800000,
        "operatingIncomeRatio": 0.0408864456,
        "totalOtherIncomeExpensesNet": -700000,
        "incomeBeforeTax": 23100000,
        "incomeBeforeTaxRatio": 0.0396839031,
        "incomeTaxExpense": 9000000,
        "netIncome": 14100000,
        "netIncomeRatio": 0.0242226422,
        "eps": 0.7,
        "epsdiluted": 0.7,
        "weightedAverageShsOut": 20142857,
        "weightedAverageShsOutDil": 20142857,
        "link": null,
        "finalLink": null
    },
    {
        "date": "1992-12-31",
        "symbol": "ODP",
        "reportedCurrency": "USD",
        "cik": "0000800240",
        "fillingDate": "1992-12-31",
        "acceptedDate": "1992-12-31 00:00:00",
        "calendarYear": "1992",
        "period": "Q4",
        "revenue": 478100000,
        "costOfRevenue": 362700000,
        "grossProfit": 115400000,
        "grossProfitRatio": 0.2413720979,
        "researchAndDevelopmentExpenses": 0,
        "generalAndAdministrativeExpenses": 0,
        "sellingAndMarketingExpenses": 0,
        "sellingGeneralAndAdministrativeExpenses": 89700000,
        "otherExpenses": 5600000,
        "operatingExpenses": 95300000,
        "costAndExpenses": 458000000,
        "interestIncome": 0,
        "interestExpense": 0,
        "depreciationAndAmortization": 5600000,
        "ebitda": 25700000,
        "ebitdaratio": 0.0537544447,
        "operatingIncome": 20100000,
        "operatingIncomeRatio": 0.0420414139,
        "totalOtherIncomeExpensesNet": -200000,
        "incomeBeforeTax": 19900000,
        "incomeBeforeTaxRatio": 0.0416230914,
        "incomeTaxExpense": 7700000,
        "netIncome": 13600000,
        "netIncomeRatio": 0.0284459318,
        "eps": 0.69,
        "epsdiluted": 0.69,
        "weightedAverageShsOut": 19600000,
        "weightedAverageShsOutDil": 19600000,
        "link": null,
        "finalLink": null
    },
    {
        "date": "1992-09-30",
        "symbol": "ODP",
        "reportedCurrency": "USD",
        "cik": "0000800240",
        "fillingDate": "1992-09-30",
        "acceptedDate": "1992-09-30 00:00:00",
        "calendarYear": "1992",
        "period": "Q3",
        "revenue": 434800000,
        "costOfRevenue": 329100000,
        "grossProfit": 105700000,
        "grossProfitRatio": 0.243100276,
        "researchAndDevelopmentExpenses": 0,
        "generalAndAdministrativeExpenses": 0,
        "sellingAndMarketingExpenses": 0,
        "sellingGeneralAndAdministrativeExpenses": 84100000,
        "otherExpenses": 5400000,
        "operatingExpenses": 89500000,
        "costAndExpenses": 418600000,
        "interestIncome": 0,
        "interestExpense": 0,
        "depreciationAndAmortization": 5400000,
        "ebitda": 21600000,
        "ebitdaratio": 0.0496780129,
        "operatingIncome": 16200000,
        "operatingIncomeRatio": 0.0372585097,
        "totalOtherIncomeExpensesNet": 0,
        "incomeBeforeTax": 16200000,
        "incomeBeforeTaxRatio": 0.0372585097,
        "incomeTaxExpense": 6400000,
        "netIncome": 9800000,
        "netIncomeRatio": 0.0225390984,
        "eps": 0.5,
        "epsdiluted": 0.5,
        "weightedAverageShsOut": 19600000,
        "weightedAverageShsOutDil": 19600000,
        "link": null,
        "finalLink": null
    },
    {
        "date": "1992-06-30",
        "symbol": "ODP",
        "reportedCurrency": "USD",
        "cik": "0000800240",
        "fillingDate": "1992-06-30",
        "acceptedDate": "1992-06-30 00:00:00",
        "calendarYear": "1992",
        "period": "Q2",
        "revenue": 386800000,
        "costOfRevenue": 293000000,
        "grossProfit": 93800000,
        "grossProfitRatio": 0.2425025853,
        "researchAndDevelopmentExpenses": 0,
        "generalAndAdministrativeExpenses": 0,
        "sellingAndMarketingExpenses": 0,
        "sellingGeneralAndAdministrativeExpenses": 78000000,
        "otherExpenses": 5100000,
        "operatingExpenses": 83100000,
        "costAndExpenses": 376100000,
        "interestIncome": 0,
        "interestExpense": 0,
        "depreciationAndAmortization": 5100000,
        "ebitda": 15800000,
        "ebitdaratio": 0.0408479835,
        "operatingIncome": 10700000,
        "operatingIncomeRatio": 0.0276628749,
        "totalOtherIncomeExpensesNet": 0,
        "incomeBeforeTax": 10700000,
        "incomeBeforeTaxRatio": 0.0276628749,
        "incomeTaxExpense": 4200000,
        "netIncome": 6500000,
        "netIncomeRatio": 0.0168045502,
        "eps": 0.3,
        "epsdiluted": 0.3,
        "weightedAverageShsOut": 21666667,
        "weightedAverageShsOutDil": 21666667,
        "link": null,
        "finalLink": null
    },
    {
        "date": "1992-03-31",
        "symbol": "ODP",
        "reportedCurrency": "USD",
        "cik": "0000800240",
        "fillingDate": "1992-03-31",
        "acceptedDate": "1992-03-31 00:00:00",
        "calendarYear": "1992",
        "period": "Q1",
        "revenue": 433300000,
        "costOfRevenue": 328800000,
        "grossProfit": 104500000,
        "grossProfitRatio": 0.2411723979,
        "researchAndDevelopmentExpenses": 0,
        "generalAndAdministrativeExpenses": 0,
        "sellingAndMarketingExpenses": 0,
        "sellingGeneralAndAdministrativeExpenses": 84700000,
        "otherExpenses": 4700000,
        "operatingExpenses": 89400000,
        "costAndExpenses": 418200000,
        "interestIncome": 0,
        "interestExpense": 0,
        "depreciationAndAmortization": 4700000,
        "ebitda": 19800000,
        "ebitdaratio": 0.0456958228,
        "operatingIncome": 15100000,
        "operatingIncomeRatio": 0.0348488345,
        "totalOtherIncomeExpensesNet": 300000,
        "incomeBeforeTax": 15400000,
        "incomeBeforeTaxRatio": 0.0355411955,
        "incomeTaxExpense": 6000000,
        "netIncome": 9400000,
        "netIncomeRatio": 0.0216939765,
        "eps": 0.5,
        "epsdiluted": 0.5,
        "weightedAverageShsOut": 18800000,
        "weightedAverageShsOutDil": 18800000,
        "link": null,
        "finalLink": null
    },
    {
        "date": "1991-12-31",
        "symbol": "ODP",
        "reportedCurrency": "USD",
        "cik": "0000800240",
        "fillingDate": "1991-12-31",
        "acceptedDate": "1991-12-31 00:00:00",
        "calendarYear": "1991",
        "period": "Q4",
        "revenue": 341000000,
        "costOfRevenue": 258200000,
        "grossProfit": 82800000,
        "grossProfitRatio": 0.2428152493,
        "researchAndDevelopmentExpenses": 0,
        "generalAndAdministrativeExpenses": 0,
        "sellingAndMarketingExpenses": 0,
        "sellingGeneralAndAdministrativeExpenses": 66900000,
        "otherExpenses": 4300000,
        "operatingExpenses": 71200000,
        "costAndExpenses": 329400000,
        "interestIncome": 0,
        "interestExpense": 0,
        "depreciationAndAmortization": 4300000,
        "ebitda": 15900000,
        "ebitdaratio": 0.046627566,
        "operatingIncome": 11600000,
        "operatingIncomeRatio": 0.0340175953,
        "totalOtherIncomeExpensesNet": -400000,
        "incomeBeforeTax": 11200000,
        "incomeBeforeTaxRatio": 0.0328445748,
        "incomeTaxExpense": 4400000,
        "netIncome": 6800000,
        "netIncomeRatio": 0.019941349,
        "eps": 0.33,
        "epsdiluted": 0.33,
        "weightedAverageShsOut": 20666667,
        "weightedAverageShsOutDil": 20666667,
        "link": null,
        "finalLink": null
    },
    {
        "date": "1991-09-30",
        "symbol": "ODP",
        "reportedCurrency": "USD",
        "cik": "0000800240",
        "fillingDate": "1991-09-30",
        "acceptedDate": "1991-09-30 00:00:00",
        "calendarYear": "1991",
        "period": "Q3",
        "revenue": 331800000,
        "costOfRevenue": 250400000,
        "grossProfit": 81400000,
        "grossProfitRatio": 0.2453285112,
        "researchAndDevelopmentExpenses": 0,
        "generalAndAdministrativeExpenses": 0,
        "sellingAndMarketingExpenses": 0,
        "sellingGeneralAndAdministrativeExpenses": 66800000,
        "otherExpenses": 4000000,
        "operatingExpenses": 70800000,
        "costAndExpenses": 321200000,
        "interestIncome": 0,
        "interestExpense": 0,
        "depreciationAndAmortization": 4000000,
        "ebitda": 14600000,
        "ebitdaratio": 0.0440024111,
        "operatingIncome": 10600000,
        "operatingIncomeRatio": 0.031946956,
        "totalOtherIncomeExpensesNet": -400000,
        "incomeBeforeTax": 10200000,
        "incomeBeforeTaxRatio": 0.0307414105,
        "incomeTaxExpense": 4000000,
        "netIncome": 6200000,
        "netIncomeRatio": 0.0186859554,
        "eps": 0.3,
        "epsdiluted": 0.3,
        "weightedAverageShsOut": 20666667,
        "weightedAverageShsOutDil": 20666667,
        "link": null,
        "finalLink": null
    },
    {
        "date": "1991-06-30",
        "symbol": "ODP",
        "reportedCurrency": "USD",
        "cik": "0000800240",
        "fillingDate": "1991-06-30",
        "acceptedDate": "1991-06-30 00:00:00",
        "calendarYear": "1991",
        "period": "Q2",
        "revenue": 302700000,
        "costOfRevenue": 228600000,
        "grossProfit": 74100000,
        "grossProfitRatio": 0.2447968285,
        "researchAndDevelopmentExpenses": 0,
        "generalAndAdministrativeExpenses": 0,
        "sellingAndMarketingExpenses": 0,
        "sellingGeneralAndAdministrativeExpenses": 63500000,
        "otherExpenses": 4800000,
        "operatingExpenses": 68300000,
        "costAndExpenses": 296900000,
        "interestIncome": 0,
        "interestExpense": 0,
        "depreciationAndAmortization": 4800000,
        "ebitda": 10600000,
        "ebitdaratio": 0.0350181698,
        "operatingIncome": 5800000,
        "operatingIncomeRatio": 0.0191608854,
        "totalOtherIncomeExpensesNet": -9700000,
        "incomeBeforeTax": -3900000,
        "incomeBeforeTaxRatio": -0.0128840436,
        "incomeTaxExpense": 400000,
        "netIncome": -4300000,
        "netIncomeRatio": -0.014205484,
        "eps": -0.3,
        "epsdiluted": -0.3,
        "weightedAverageShsOut": 14333333,
        "weightedAverageShsOutDil": 14333333,
        "link": null,
        "finalLink": null
    },
    {
        "date": "1991-03-31",
        "symbol": "ODP",
        "reportedCurrency": "USD",
        "cik": "0000800240",
        "fillingDate": "1991-03-31",
        "acceptedDate": "1991-03-31 00:00:00",
        "calendarYear": "1991",
        "period": "Q1",
        "revenue": 226200000,
        "costOfRevenue": 169300000,
        "grossProfit": 56900000,
        "grossProfitRatio": 0.2515473033,
        "researchAndDevelopmentExpenses": 0,
        "generalAndAdministrativeExpenses": 0,
        "sellingAndMarketingExpenses": 0,
        "sellingGeneralAndAdministrativeExpenses": 47000000,
        "otherExpenses": 2200000,
        "operatingExpenses": 49200000,
        "costAndExpenses": 218500000,
        "interestIncome": 0,
        "interestExpense": 0,
        "depreciationAndAmortization": 2200000,
        "ebitda": 9900000,
        "ebitdaratio": 0.0437665782,
        "operatingIncome": 7700000,
        "operatingIncomeRatio": 0.034040672,
        "totalOtherIncomeExpensesNet": -500000,
        "incomeBeforeTax": 7200000,
        "incomeBeforeTaxRatio": 0.0318302387,
        "incomeTaxExpense": 2800000,
        "netIncome": 4400000,
        "netIncomeRatio": 0.0194518126,
        "eps": 0.4,
        "epsdiluted": 0.4,
        "weightedAverageShsOut": 11000000,
        "weightedAverageShsOutDil": 11000000,
        "link": null,
        "finalLink": null
    },
    {
        "date": "1990-12-31",
        "symbol": "ODP",
        "reportedCurrency": "USD",
        "cik": "0000800240",
        "fillingDate": "1990-12-31",
        "acceptedDate": "1990-12-31 00:00:00",
        "calendarYear": "1990",
        "period": "Q4",
        "revenue": 181100000,
        "costOfRevenue": 132900000,
        "grossProfit": 48200000,
        "grossProfitRatio": 0.2661512976,
        "researchAndDevelopmentExpenses": 0,
        "generalAndAdministrativeExpenses": 0,
        "sellingAndMarketingExpenses": 0,
        "sellingGeneralAndAdministrativeExpenses": 41400000,
        "otherExpenses": 2100000,
        "operatingExpenses": 43500000,
        "costAndExpenses": 176400000,
        "interestIncome": 0,
        "interestExpense": 0,
        "depreciationAndAmortization": 2100000,
        "ebitda": 6800000,
        "ebitdaratio": 0.0375483158,
        "operatingIncome": 4700000,
        "operatingIncomeRatio": 0.0259525124,
        "totalOtherIncomeExpensesNet": -200000,
        "incomeBeforeTax": 4500000,
        "incomeBeforeTaxRatio": 0.0248481502,
        "incomeTaxExpense": 1800000,
        "netIncome": 2700000,
        "netIncomeRatio": 0.0149088901,
        "eps": 0.22,
        "epsdiluted": 0.22,
        "weightedAverageShsOut": 12500000,
        "weightedAverageShsOutDil": 12500000,
        "link": null,
        "finalLink": null
    },
    {
        "date": "1990-09-30",
        "symbol": "ODP",
        "reportedCurrency": "USD",
        "cik": "0000800240",
        "fillingDate": "1990-09-30",
        "acceptedDate": "1990-09-30 00:00:00",
        "calendarYear": "1990",
        "period": "Q3",
        "revenue": 165300000,
        "costOfRevenue": 124200000,
        "grossProfit": 41100000,
        "grossProfitRatio": 0.2486388385,
        "researchAndDevelopmentExpenses": 0,
        "generalAndAdministrativeExpenses": 0,
        "sellingAndMarketingExpenses": 0,
        "sellingGeneralAndAdministrativeExpenses": 35200000,
        "otherExpenses": 1700000,
        "operatingExpenses": 36900000,
        "costAndExpenses": 161100000,
        "interestIncome": 0,
        "interestExpense": 0,
        "depreciationAndAmortization": 1700000,
        "ebitda": 5900000,
        "ebitdaratio": 0.03569268,
        "operatingIncome": 4200000,
        "operatingIncomeRatio": 0.0254083485,
        "totalOtherIncomeExpensesNet": -100000,
        "incomeBeforeTax": 4100000,
        "incomeBeforeTaxRatio": 0.0248033878,
        "incomeTaxExpense": 1600000,
        "netIncome": 2500000,
        "netIncomeRatio": 0.0151240169,
        "eps": 0.2,
        "epsdiluted": 0.2,
        "weightedAverageShsOut": 12500000,
        "weightedAverageShsOutDil": 12500000,
        "link": null,
        "finalLink": null
    },
    {
        "date": "1990-06-30",
        "symbol": "ODP",
        "reportedCurrency": "USD",
        "cik": "0000800240",
        "fillingDate": "1990-06-30",
        "acceptedDate": "1990-06-30 00:00:00",
        "calendarYear": "1990",
        "period": "Q2",
        "revenue": 136800000,
        "costOfRevenue": 102300000,
        "grossProfit": 34500000,
        "grossProfitRatio": 0.2521929825,
        "researchAndDevelopmentExpenses": 0,
        "generalAndAdministrativeExpenses": 0,
        "sellingAndMarketingExpenses": 0,
        "sellingGeneralAndAdministrativeExpenses": 30400000,
        "otherExpenses": 1500000,
        "operatingExpenses": 31900000,
        "costAndExpenses": 134200000,
        "interestIncome": 0,
        "interestExpense": 0,
        "depreciationAndAmortization": 1500000,
        "ebitda": 4100000,
        "ebitdaratio": 0.0299707602,
        "operatingIncome": 2600000,
        "operatingIncomeRatio": 0.019005848,
        "totalOtherIncomeExpensesNet": 0,
        "incomeBeforeTax": 2600000,
        "incomeBeforeTaxRatio": 0.019005848,
        "incomeTaxExpense": 1000000,
        "netIncome": 1600000,
        "netIncomeRatio": 0.0116959064,
        "eps": 0.17,
        "epsdiluted": 0.17,
        "weightedAverageShsOut": 9666667,
        "weightedAverageShsOutDil": 9666667,
        "link": null,
        "finalLink": null
    },
    {
        "date": "1990-03-31",
        "symbol": "ODP",
        "reportedCurrency": "USD",
        "cik": "0000800240",
        "fillingDate": "1990-03-31",
        "acceptedDate": "1990-03-31 00:00:00",
        "calendarYear": "1990",
        "period": "Q1",
        "revenue": 142600000,
        "costOfRevenue": 108200000,
        "grossProfit": 34400000,
        "grossProfitRatio": 0.2412342216,
        "researchAndDevelopmentExpenses": 0,
        "generalAndAdministrativeExpenses": 0,
        "sellingAndMarketingExpenses": 0,
        "sellingGeneralAndAdministrativeExpenses": 28900000,
        "otherExpenses": 1300000,
        "operatingExpenses": 30200000,
        "costAndExpenses": 138400000,
        "interestIncome": 0,
        "interestExpense": 0,
        "depreciationAndAmortization": 1300000,
        "ebitda": 5500000,
        "ebitdaratio": 0.038569425,
        "operatingIncome": 4200000,
        "operatingIncomeRatio": 0.0294530154,
        "totalOtherIncomeExpensesNet": 500000,
        "incomeBeforeTax": 4700000,
        "incomeBeforeTaxRatio": 0.0329593268,
        "incomeTaxExpense": 1800000,
        "netIncome": 2900000,
        "netIncomeRatio": 0.0203366059,
        "eps": 0.3,
        "epsdiluted": 0.3,
        "weightedAverageShsOut": 9666667,
        "weightedAverageShsOutDil": 9666667,
        "link": null,
        "finalLink": null
    },
    {
        "date": "1989-12-31",
        "symbol": "ODP",
        "reportedCurrency": "USD",
        "cik": "0000800240",
        "fillingDate": "1989-12-31",
        "acceptedDate": "1989-12-31 00:00:00",
        "calendarYear": "1989",
        "period": "Q4",
        "revenue": 103900000,
        "costOfRevenue": 77200000,
        "grossProfit": 26700000,
        "grossProfitRatio": 0.2569778633,
        "researchAndDevelopmentExpenses": 0,
        "generalAndAdministrativeExpenses": 0,
        "sellingAndMarketingExpenses": 0,
        "sellingGeneralAndAdministrativeExpenses": 23700000,
        "otherExpenses": 1000000,
        "operatingExpenses": 24700000,
        "costAndExpenses": 101900000,
        "interestIncome": 0,
        "interestExpense": 0,
        "depreciationAndAmortization": 1000000,
        "ebitda": 3000000,
        "ebitdaratio": 0.0288739172,
        "operatingIncome": 2000000,
        "operatingIncomeRatio": 0.0192492782,
        "totalOtherIncomeExpensesNet": 700000,
        "incomeBeforeTax": 2700000,
        "incomeBeforeTaxRatio": 0.0259865255,
        "incomeTaxExpense": 1100000,
        "netIncome": 1600000,
        "netIncomeRatio": 0.0153994225,
        "eps": 0.16,
        "epsdiluted": 0.16,
        "weightedAverageShsOut": 10289200,
        "weightedAverageShsOutDil": 10289200,
        "link": null,
        "finalLink": null
    },
    {
        "date": "1989-09-30",
        "symbol": "ODP",
        "reportedCurrency": "USD",
        "cik": "0000800240",
        "fillingDate": "1989-09-30",
        "acceptedDate": "1989-09-30 00:00:00",
        "calendarYear": "1989",
        "period": "Q3",
        "revenue": 83400000,
        "costOfRevenue": 62600000,
        "grossProfit": 20800000,
        "grossProfitRatio": 0.2494004796,
        "researchAndDevelopmentExpenses": 0,
        "generalAndAdministrativeExpenses": 0,
        "sellingAndMarketingExpenses": 0,
        "sellingGeneralAndAdministrativeExpenses": 18400000,
        "otherExpenses": 600000,
        "operatingExpenses": 19000000,
        "costAndExpenses": 81600000,
        "interestIncome": 0,
        "interestExpense": 0,
        "depreciationAndAmortization": 600000,
        "ebitda": 2400000,
        "ebitdaratio": 0.0287769784,
        "operatingIncome": 1800000,
        "operatingIncomeRatio": 0.0215827338,
        "totalOtherIncomeExpensesNet": 800000,
        "incomeBeforeTax": 2600000,
        "incomeBeforeTaxRatio": 0.03117506,
        "incomeTaxExpense": 1000000,
        "netIncome": 1600000,
        "netIncomeRatio": 0.0191846523,
        "eps": 0.16,
        "epsdiluted": 0.16,
        "weightedAverageShsOut": 10289200,
        "weightedAverageShsOutDil": 10289200,
        "link": null,
        "finalLink": null
    },
    {
        "date": "1989-06-30",
        "symbol": "ODP",
        "reportedCurrency": "USD",
        "cik": "0000800240",
        "fillingDate": "1989-06-30",
        "acceptedDate": "1989-06-30 00:00:00",
        "calendarYear": "1989",
        "period": "Q2",
        "revenue": 63800000,
        "costOfRevenue": 0,
        "grossProfit": 63800000,
        "grossProfitRatio": 1,
        "researchAndDevelopmentExpenses": 0,
        "generalAndAdministrativeExpenses": 0,
        "sellingAndMarketingExpenses": 0,
        "sellingGeneralAndAdministrativeExpenses": 0,
        "otherExpenses": 0,
        "operatingExpenses": 0,
        "costAndExpenses": 0,
        "interestIncome": 0,
        "interestExpense": 0,
        "depreciationAndAmortization": 0,
        "ebitda": 63800000,
        "ebitdaratio": 1,
        "operatingIncome": 63800000,
        "operatingIncomeRatio": 1,
        "totalOtherIncomeExpensesNet": 0,
        "incomeBeforeTax": 63800000,
        "incomeBeforeTaxRatio": 1,
        "incomeTaxExpense": 0,
        "netIncome": 1100000,
        "netIncomeRatio": 0.0172413793,
        "eps": 0.1,
        "epsdiluted": 0.1,
        "weightedAverageShsOut": 8813600,
        "weightedAverageShsOutDil": 8813600,
        "link": null,
        "finalLink": null
    },
    {
        "date": "1989-03-31",
        "symbol": "ODP",
        "reportedCurrency": "USD",
        "cik": "0000800240",
        "fillingDate": "1989-03-31",
        "acceptedDate": "1989-03-31 00:00:00",
        "calendarYear": "1989",
        "period": "Q1",
        "revenue": 63500000,
        "costOfRevenue": 0,
        "grossProfit": 63500000,
        "grossProfitRatio": 1,
        "researchAndDevelopmentExpenses": 0,
        "generalAndAdministrativeExpenses": 0,
        "sellingAndMarketingExpenses": 0,
        "sellingGeneralAndAdministrativeExpenses": 0,
        "otherExpenses": 0,
        "operatingExpenses": 0,
        "costAndExpenses": 0,
        "interestIncome": 0,
        "interestExpense": 0,
        "depreciationAndAmortization": 0,
        "ebitda": 63500000,
        "ebitdaratio": 1,
        "operatingIncome": 63500000,
        "operatingIncomeRatio": 1,
        "totalOtherIncomeExpensesNet": 0,
        "incomeBeforeTax": 63500000,
        "incomeBeforeTaxRatio": 1,
        "incomeTaxExpense": 0,
        "netIncome": 1500000,
        "netIncomeRatio": 0.0236220472,
        "eps": 0.2,
        "epsdiluted": 0.2,
        "weightedAverageShsOut": 8806300,
        "weightedAverageShsOutDil": 8806300,
        "link": null,
        "finalLink": null
    },
    {
        "date": "1988-12-31",
        "symbol": "ODP",
        "reportedCurrency": "USD",
        "cik": "0000800240",
        "fillingDate": "1988-12-31",
        "acceptedDate": "1988-12-31 00:00:00",
        "calendarYear": "1988",
        "period": "Q4",
        "revenue": 48600000,
        "costOfRevenue": 0,
        "grossProfit": 48600000,
        "grossProfitRatio": 1,
        "researchAndDevelopmentExpenses": 0,
        "generalAndAdministrativeExpenses": 0,
        "sellingAndMarketingExpenses": 0,
        "sellingGeneralAndAdministrativeExpenses": 0,
        "otherExpenses": 130700000,
        "operatingExpenses": 130700000,
        "costAndExpenses": 130700000,
        "interestIncome": 0,
        "interestExpense": 0,
        "depreciationAndAmortization": 0,
        "ebitda": -82100000,
        "ebitdaratio": -1.6893004115,
        "operatingIncome": -82100000,
        "operatingIncomeRatio": -1.6893004115,
        "totalOtherIncomeExpensesNet": 0,
        "incomeBeforeTax": -82100000,
        "incomeBeforeTaxRatio": -1.6893004115,
        "incomeTaxExpense": 0,
        "netIncome": 400000,
        "netIncomeRatio": 0.0082304527,
        "eps": 0.0454,
        "epsdiluted": 0.0454,
        "weightedAverageShsOut": 8809000,
        "weightedAverageShsOutDil": 8809000,
        "link": null,
        "finalLink": null
    },
    {
        "date": "1988-09-30",
        "symbol": "ODP",
        "reportedCurrency": "USD",
        "cik": "0000800240",
        "fillingDate": "1988-09-30",
        "acceptedDate": "1988-09-30 00:00:00",
        "calendarYear": "1988",
        "period": "Q3",
        "revenue": 27800000,
        "costOfRevenue": 0,
        "grossProfit": 27800000,
        "grossProfitRatio": 1,
        "researchAndDevelopmentExpenses": 0,
        "generalAndAdministrativeExpenses": 0,
        "sellingAndMarketingExpenses": 0,
        "sellingGeneralAndAdministrativeExpenses": 0,
        "otherExpenses": 0,
        "operatingExpenses": 0,
        "costAndExpenses": 0,
        "interestIncome": 0,
        "interestExpense": 0,
        "depreciationAndAmortization": 0,
        "ebitda": 27800000,
        "ebitdaratio": 1,
        "operatingIncome": 27800000,
        "operatingIncomeRatio": 1,
        "totalOtherIncomeExpensesNet": 0,
        "incomeBeforeTax": 27800000,
        "incomeBeforeTaxRatio": 1,
        "incomeTaxExpense": 0,
        "netIncome": 900000,
        "netIncomeRatio": 0.0323741007,
        "eps": 0.1,
        "epsdiluted": 0.1,
        "weightedAverageShsOut": 8809000,
        "weightedAverageShsOutDil": 8809000,
        "link": null,
        "finalLink": null
    },
    {
        "date": "1988-06-30",
        "symbol": "ODP",
        "reportedCurrency": "USD",
        "cik": "0000800240",
        "fillingDate": "1988-06-30",
        "acceptedDate": "1988-06-30 00:00:00",
        "calendarYear": "1988",
        "period": "Q2",
        "revenue": 27800000,
        "costOfRevenue": 0,
        "grossProfit": 27800000,
        "grossProfitRatio": 1,
        "researchAndDevelopmentExpenses": 0,
        "generalAndAdministrativeExpenses": 0,
        "sellingAndMarketingExpenses": 0,
        "sellingGeneralAndAdministrativeExpenses": 0,
        "otherExpenses": 0,
        "operatingExpenses": 0,
        "costAndExpenses": 0,
        "interestIncome": 0,
        "interestExpense": 0,
        "depreciationAndAmortization": 0,
        "ebitda": 27800000,
        "ebitdaratio": 1,
        "operatingIncome": 27800000,
        "operatingIncomeRatio": 1,
        "totalOtherIncomeExpensesNet": 0,
        "incomeBeforeTax": 27800000,
        "incomeBeforeTaxRatio": 1,
        "incomeTaxExpense": 0,
        "netIncome": 900000,
        "netIncomeRatio": 0.0323741007,
        "eps": 0.1,
        "epsdiluted": 0.1,
        "weightedAverageShsOut": 8809000,
        "weightedAverageShsOutDil": 8809000,
        "link": null,
        "finalLink": null
    },
    {
        "date": "1988-03-31",
        "symbol": "ODP",
        "reportedCurrency": "USD",
        "cik": "0000800240",
        "fillingDate": "1988-03-31",
        "acceptedDate": "1988-03-31 00:00:00",
        "calendarYear": "1988",
        "period": "Q1",
        "revenue": 27800000,
        "costOfRevenue": 0,
        "grossProfit": 27800000,
        "grossProfitRatio": 1,
        "researchAndDevelopmentExpenses": 0,
        "generalAndAdministrativeExpenses": 0,
        "sellingAndMarketingExpenses": 0,
        "sellingGeneralAndAdministrativeExpenses": 0,
        "otherExpenses": 0,
        "operatingExpenses": 0,
        "costAndExpenses": 0,
        "interestIncome": 0,
        "interestExpense": 0,
        "depreciationAndAmortization": 0,
        "ebitda": 27800000,
        "ebitdaratio": 1,
        "operatingIncome": 27800000,
        "operatingIncomeRatio": 1,
        "totalOtherIncomeExpensesNet": 0,
        "incomeBeforeTax": 27800000,
        "incomeBeforeTaxRatio": 1,
        "incomeTaxExpense": 0,
        "netIncome": 900000,
        "netIncomeRatio": 0.0323741007,
        "eps": 0.1,
        "epsdiluted": 0.1,
        "weightedAverageShsOut": 8809000,
        "weightedAverageShsOutDil": 8809000,
        "link": null,
        "finalLink": null
    },
    {
        "date": "1987-12-31",
        "symbol": "ODP",
        "reportedCurrency": "USD",
        "cik": "0000800240",
        "fillingDate": "1987-12-31",
        "acceptedDate": "1987-12-31 00:00:00",
        "calendarYear": "1987",
        "period": "Q4",
        "revenue": 8300000,
        "costOfRevenue": 0,
        "grossProfit": 8300000,
        "grossProfitRatio": 1,
        "researchAndDevelopmentExpenses": 0,
        "generalAndAdministrativeExpenses": 0,
        "sellingAndMarketingExpenses": 0,
        "sellingGeneralAndAdministrativeExpenses": 0,
        "otherExpenses": 36000000,
        "operatingExpenses": 36000000,
        "costAndExpenses": 36000000,
        "interestIncome": 0,
        "interestExpense": 0,
        "depreciationAndAmortization": 0,
        "ebitda": -27700000,
        "ebitdaratio": -3.3373493976,
        "operatingIncome": -27700000,
        "operatingIncomeRatio": -3.3373493976,
        "totalOtherIncomeExpensesNet": 0,
        "incomeBeforeTax": -27700000,
        "incomeBeforeTaxRatio": -3.3373493976,
        "incomeTaxExpense": 0,
        "netIncome": -600000,
        "netIncomeRatio": -0.0722891566,
        "eps": -0.25,
        "epsdiluted": -0.25,
        "weightedAverageShsOut": 2408200,
        "weightedAverageShsOutDil": 2408200,
        "link": null,
        "finalLink": null
    },
    {
        "date": "1987-09-30",
        "symbol": "ODP",
        "reportedCurrency": "USD",
        "cik": "0000800240",
        "fillingDate": "1987-09-30",
        "acceptedDate": "1987-09-30 00:00:00",
        "calendarYear": "1987",
        "period": "Q3",
        "revenue": 8400000,
        "costOfRevenue": 0,
        "grossProfit": 8400000,
        "grossProfitRatio": 1,
        "researchAndDevelopmentExpenses": 0,
        "generalAndAdministrativeExpenses": 0,
        "sellingAndMarketingExpenses": 0,
        "sellingGeneralAndAdministrativeExpenses": 0,
        "otherExpenses": 0,
        "operatingExpenses": 0,
        "costAndExpenses": 0,
        "interestIncome": 0,
        "interestExpense": 0,
        "depreciationAndAmortization": 0,
        "ebitda": 8400000,
        "ebitdaratio": 1,
        "operatingIncome": 8400000,
        "operatingIncomeRatio": 1,
        "totalOtherIncomeExpensesNet": 0,
        "incomeBeforeTax": 8400000,
        "incomeBeforeTaxRatio": 1,
        "incomeTaxExpense": 0,
        "netIncome": -600000,
        "netIncomeRatio": -0.0714285714,
        "eps": -0.25,
        "epsdiluted": -0.25,
        "weightedAverageShsOut": 2408200,
        "weightedAverageShsOutDil": 2408200,
        "link": null,
        "finalLink": null
    },
    {
        "date": "1987-06-30",
        "symbol": "ODP",
        "reportedCurrency": "USD",
        "cik": "0000800240",
        "fillingDate": "1987-06-30",
        "acceptedDate": "1987-06-30 00:00:00",
        "calendarYear": "1987",
        "period": "Q2",
        "revenue": 8400000,
        "costOfRevenue": 0,
        "grossProfit": 8400000,
        "grossProfitRatio": 1,
        "researchAndDevelopmentExpenses": 0,
        "generalAndAdministrativeExpenses": 0,
        "sellingAndMarketingExpenses": 0,
        "sellingGeneralAndAdministrativeExpenses": 0,
        "otherExpenses": 0,
        "operatingExpenses": 0,
        "costAndExpenses": 0,
        "interestIncome": 0,
        "interestExpense": 0,
        "depreciationAndAmortization": 0,
        "ebitda": 8400000,
        "ebitdaratio": 1,
        "operatingIncome": 8400000,
        "operatingIncomeRatio": 1,
        "totalOtherIncomeExpensesNet": 0,
        "incomeBeforeTax": 8400000,
        "incomeBeforeTaxRatio": 1,
        "incomeTaxExpense": 0,
        "netIncome": -600000,
        "netIncomeRatio": -0.0714285714,
        "eps": -0.25,
        "epsdiluted": -0.25,
        "weightedAverageShsOut": 2408200,
        "weightedAverageShsOutDil": 2408200,
        "link": null,
        "finalLink": null
    },
    {
        "date": "1987-03-31",
        "symbol": "ODP",
        "reportedCurrency": "USD",
        "cik": "0000800240",
        "fillingDate": "1987-03-31",
        "acceptedDate": "1987-03-31 00:00:00",
        "calendarYear": "1987",
        "period": "Q1",
        "revenue": 8400000,
        "costOfRevenue": 0,
        "grossProfit": 8400000,
        "grossProfitRatio": 1,
        "researchAndDevelopmentExpenses": 0,
        "generalAndAdministrativeExpenses": 0,
        "sellingAndMarketingExpenses": 0,
        "sellingGeneralAndAdministrativeExpenses": 0,
        "otherExpenses": 0,
        "operatingExpenses": 0,
        "costAndExpenses": 0,
        "interestIncome": 0,
        "interestExpense": 0,
        "depreciationAndAmortization": 0,
        "ebitda": 8400000,
        "ebitdaratio": 1,
        "operatingIncome": 8400000,
        "operatingIncomeRatio": 1,
        "totalOtherIncomeExpensesNet": 0,
        "incomeBeforeTax": 8400000,
        "incomeBeforeTaxRatio": 1,
        "incomeTaxExpense": 0,
        "netIncome": -600000,
        "netIncomeRatio": -0.0714285714,
        "eps": -0.25,
        "epsdiluted": -0.25,
        "weightedAverageShsOut": 2408200,
        "weightedAverageShsOutDil": 2408200,
        "link": null,
        "finalLink": null
    }
]