[
    {
        "date": "2025-06-30",
        "symbol": "OGN",
        "reportedCurrency": "USD",
        "cik": "0001821825",
        "fillingDate": "2025-08-06",
        "acceptedDate": "2025-08-06 08:43:01",
        "calendarYear": "2025",
        "period": "Q2",
        "revenue": 1594000000,
        "costOfRevenue": 720000000,
        "grossProfit": 874000000,
        "grossProfitRatio": 0.5483061481,
        "researchAndDevelopmentExpenses": 95000,
        "generalAndAdministrativeExpenses": 0,
        "sellingAndMarketingExpenses": 0,
        "sellingGeneralAndAdministrativeExpenses": 453000,
        "otherExpenses": 547452000,
        "operatingExpenses": 548000000,
        "costAndExpenses": 1268000000,
        "interestIncome": 0,
        "interestExpense": 132000000,
        "depreciationAndAmortization": 89000000,
        "ebitda": 449000000,
        "ebitdaratio": 0.2816813049,
        "operatingIncome": 326000000,
        "operatingIncomeRatio": 0.2045169385,
        "totalOtherIncomeExpensesNet": -97000000,
        "incomeBeforeTax": 229000000,
        "incomeBeforeTaxRatio": 0.143663739,
        "incomeTaxExpense": 84000000,
        "netIncome": 145000000,
        "netIncomeRatio": 0.090966123,
        "eps": 0.56,
        "epsdiluted": 0.56,
        "weightedAverageShsOut": 259939000,
        "weightedAverageShsOutDil": 260156000,
        "link": "https://www.sec.gov/Archives/edgar/data/1821825/000182182525000066/0001821825-25-000066-index.htm",
        "finalLink": "https://www.sec.gov/Archives/edgar/data/1821825/000182182525000066/ogn-20250630.htm"
    },
    {
        "date": "2025-03-31",
        "symbol": "OGN",
        "reportedCurrency": "USD",
        "cik": "0001821825",
        "fillingDate": "2025-05-02",
        "acceptedDate": "2025-05-02 08:42:12",
        "calendarYear": "2025",
        "period": "Q1",
        "revenue": 1513000000,
        "costOfRevenue": 672000000,
        "grossProfit": 841000000,
        "grossProfitRatio": 0.555849306,
        "researchAndDevelopmentExpenses": 96000000,
        "generalAndAdministrativeExpenses": 0,
        "sellingAndMarketingExpenses": 0,
        "sellingGeneralAndAdministrativeExpenses": 420000000,
        "otherExpenses": 0,
        "operatingExpenses": 516000000,
        "costAndExpenses": 1188000000,
        "interestIncome": 0,
        "interestExpense": 124000000,
        "depreciationAndAmortization": 100000000,
        "ebitda": 325000000,
        "ebitdaratio": 0.2148050231,
        "operatingIncome": 325000000,
        "operatingIncomeRatio": 0.2148050231,
        "totalOtherIncomeExpensesNet": -224000000,
        "incomeBeforeTax": 101000000,
        "incomeBeforeTaxRatio": 0.0667547918,
        "incomeTaxExpense": 14000000,
        "netIncome": 87000000,
        "netIncomeRatio": 0.0575016523,
        "eps": 0.34,
        "epsdiluted": 0.33,
        "weightedAverageShsOut": 257862000,
        "weightedAverageShsOutDil": 261001000,
        "link": "https://www.sec.gov/Archives/edgar/data/1821825/000182182525000023/0001821825-25-000023-index.htm",
        "finalLink": "https://www.sec.gov/Archives/edgar/data/1821825/000182182525000023/ogn-20250331.htm"
    },
    {
        "date": "2024-12-31",
        "symbol": "OGN",
        "reportedCurrency": "USD",
        "cik": "0001821825",
        "fillingDate": "2025-02-28",
        "acceptedDate": "2025-02-28 16:55:19",
        "calendarYear": "2024",
        "period": "Q4",
        "revenue": 1592000000,
        "costOfRevenue": 696000000,
        "grossProfit": 896000000,
        "grossProfitRatio": 0.5628140704,
        "researchAndDevelopmentExpenses": 130000000,
        "generalAndAdministrativeExpenses": 0,
        "sellingAndMarketingExpenses": 0,
        "sellingGeneralAndAdministrativeExpenses": 470000000,
        "otherExpenses": 0,
        "operatingExpenses": 600000000,
        "costAndExpenses": 1296000000,
        "interestIncome": 0,
        "interestExpense": 132000000,
        "depreciationAndAmortization": 76000000,
        "ebitda": 341000000,
        "ebitdaratio": 0.2141959799,
        "operatingIncome": 296000000,
        "operatingIncomeRatio": 0.1859296482,
        "totalOtherIncomeExpensesNet": -167000000,
        "incomeBeforeTax": 129000000,
        "incomeBeforeTaxRatio": 0.0810301508,
        "incomeTaxExpense": 20000000,
        "netIncome": 109000000,
        "netIncomeRatio": 0.0684673367,
        "eps": 0.42,
        "epsdiluted": 0.42,
        "weightedAverageShsOut": 257690000,
        "weightedAverageShsOutDil": 259878000,
        "link": "https://www.sec.gov/Archives/edgar/data/1821825/000182182525000006/0001821825-25-000006-index.htm",
        "finalLink": "https://www.sec.gov/Archives/edgar/data/1821825/000182182525000006/ogn-20241231.htm"
    },
    {
        "date": "2024-09-30",
        "symbol": "OGN",
        "reportedCurrency": "USD",
        "cik": "0001821825",
        "fillingDate": "2024-11-01",
        "acceptedDate": "2024-11-01 08:06:35",
        "calendarYear": "2024",
        "period": "Q3",
        "revenue": 1582000000,
        "costOfRevenue": 659000000,
        "grossProfit": 923000000,
        "grossProfitRatio": 0.5834386852,
        "researchAndDevelopmentExpenses": 111000000,
        "generalAndAdministrativeExpenses": 0,
        "sellingAndMarketingExpenses": 0,
        "sellingGeneralAndAdministrativeExpenses": 422000000,
        "otherExpenses": 0,
        "operatingExpenses": 533000000,
        "costAndExpenses": 1192000000,
        "interestIncome": 0,
        "interestExpense": 126000000,
        "depreciationAndAmortization": 69000000,
        "ebitda": 402000000,
        "ebitdaratio": 0.2541087231,
        "operatingIncome": 390000000,
        "operatingIncomeRatio": 0.2465233881,
        "totalOtherIncomeExpensesNet": -183000000,
        "incomeBeforeTax": 207000000,
        "incomeBeforeTaxRatio": 0.1308470291,
        "incomeTaxExpense": -152000000,
        "netIncome": 359000000,
        "netIncomeRatio": 0.2269279393,
        "eps": 1.39,
        "epsdiluted": 1.38,
        "weightedAverageShsOut": 257498000,
        "weightedAverageShsOutDil": 259757000,
        "link": "https://www.sec.gov/Archives/edgar/data/1821825/000182182524000108/0001821825-24-000108-index.htm",
        "finalLink": "https://www.sec.gov/Archives/edgar/data/1821825/000182182524000108/ogn-20240930.htm"
    },
    {
        "date": "2024-06-30",
        "symbol": "OGN",
        "reportedCurrency": "USD",
        "cik": "0001821825",
        "fillingDate": "2024-08-07",
        "acceptedDate": "2024-08-07 08:07:10",
        "calendarYear": "2024",
        "period": "Q2",
        "revenue": 1607000000,
        "costOfRevenue": 668000000,
        "grossProfit": 939000000,
        "grossProfitRatio": 0.5843186061,
        "researchAndDevelopmentExpenses": 116000000,
        "generalAndAdministrativeExpenses": 0,
        "sellingAndMarketingExpenses": 0,
        "sellingGeneralAndAdministrativeExpenses": 437000000,
        "otherExpenses": 0,
        "operatingExpenses": 553000000,
        "costAndExpenses": 1221000000,
        "interestIncome": 0,
        "interestExpense": 131000000,
        "depreciationAndAmortization": 66000000,
        "ebitda": 432000000,
        "ebitdaratio": 0.2688238955,
        "operatingIncome": 386000000,
        "operatingIncomeRatio": 0.2401991288,
        "totalOtherIncomeExpensesNet": -151000000,
        "incomeBeforeTax": 235000000,
        "incomeBeforeTaxRatio": 0.1462352209,
        "incomeTaxExpense": 40000000,
        "netIncome": 195000000,
        "netIncomeRatio": 0.1213441195,
        "eps": 0.76,
        "epsdiluted": 0.75,
        "weightedAverageShsOut": 257288000,
        "weightedAverageShsOutDil": 258598000,
        "link": "https://www.sec.gov/Archives/edgar/data/1821825/000182182524000083/0001821825-24-000083-index.htm",
        "finalLink": "https://www.sec.gov/Archives/edgar/data/1821825/000182182524000083/ogn-20240630.htm"
    },
    {
        "date": "2024-03-31",
        "symbol": "OGN",
        "reportedCurrency": "USD",
        "cik": "0001821825",
        "fillingDate": "2024-05-03",
        "acceptedDate": "2024-05-03 08:10:28",
        "calendarYear": "2024",
        "period": "Q1",
        "revenue": 1622000000,
        "costOfRevenue": 665000000,
        "grossProfit": 957000000,
        "grossProfitRatio": 0.5900123305,
        "researchAndDevelopmentExpenses": 112000000,
        "generalAndAdministrativeExpenses": 0,
        "sellingAndMarketingExpenses": 0,
        "sellingGeneralAndAdministrativeExpenses": 431000000,
        "otherExpenses": -3000000,
        "operatingExpenses": 543000000,
        "costAndExpenses": 1208000000,
        "interestIncome": 0,
        "interestExpense": 131000000,
        "depreciationAndAmortization": 65000000,
        "ebitda": 479000000,
        "ebitdaratio": 0.2953144266,
        "operatingIncome": 414000000,
        "operatingIncomeRatio": 0.2552404439,
        "totalOtherIncomeExpensesNet": -178000000,
        "incomeBeforeTax": 236000000,
        "incomeBeforeTaxRatio": 0.1454993835,
        "incomeTaxExpense": 35000000,
        "netIncome": 201000000,
        "netIncomeRatio": 0.1239210851,
        "eps": 0.79,
        "epsdiluted": 0.78,
        "weightedAverageShsOut": 255695000,
        "weightedAverageShsOutDil": 258362000,
        "link": "https://www.sec.gov/Archives/edgar/data/1821825/000182182524000056/0001821825-24-000056-index.htm",
        "finalLink": "https://www.sec.gov/Archives/edgar/data/1821825/000182182524000056/ogn-20240331.htm"
    },
    {
        "date": "2023-12-31",
        "symbol": "OGN",
        "reportedCurrency": "USD",
        "cik": "0001821825",
        "fillingDate": "2024-02-26",
        "acceptedDate": "2024-02-26 08:10:46",
        "calendarYear": "2023",
        "period": "Q4",
        "revenue": 1598000000,
        "costOfRevenue": 683000000,
        "grossProfit": 915000000,
        "grossProfitRatio": 0.5725907384,
        "researchAndDevelopmentExpenses": 134000000,
        "generalAndAdministrativeExpenses": 260000000,
        "sellingAndMarketingExpenses": 209000000,
        "sellingGeneralAndAdministrativeExpenses": 469000000,
        "otherExpenses": -4000000,
        "operatingExpenses": 603000000,
        "costAndExpenses": 1286000000,
        "interestIncome": 0,
        "interestExpense": 129000000,
        "depreciationAndAmortization": 60000000,
        "ebitda": 374000000,
        "ebitdaratio": 0.2340425532,
        "operatingIncome": 312000000,
        "operatingIncomeRatio": 0.1952440551,
        "totalOtherIncomeExpensesNet": -208000000,
        "incomeBeforeTax": 104000000,
        "incomeBeforeTaxRatio": 0.0650813517,
        "incomeTaxExpense": -442000000,
        "netIncome": 546000000,
        "netIncomeRatio": 0.3416770964,
        "eps": 2.14,
        "epsdiluted": 2.13,
        "weightedAverageShsOut": 255617000,
        "weightedAverageShsOutDil": 256589999,
        "link": "https://www.sec.gov/Archives/edgar/data/1821825/000162828024006733/0001628280-24-006733-index.htm",
        "finalLink": "https://www.sec.gov/Archives/edgar/data/1821825/000162828024006733/ogn-20231231.htm"
    },
    {
        "date": "2023-09-30",
        "symbol": "OGN",
        "reportedCurrency": "USD",
        "cik": "0001821825",
        "fillingDate": "2023-11-03",
        "acceptedDate": "2023-11-03 07:52:59",
        "calendarYear": "2023",
        "period": "Q3",
        "revenue": 1519000000,
        "costOfRevenue": 612000000,
        "grossProfit": 907000000,
        "grossProfitRatio": 0.5971033575,
        "researchAndDevelopmentExpenses": 137000000,
        "generalAndAdministrativeExpenses": 0,
        "sellingAndMarketingExpenses": 0,
        "sellingGeneralAndAdministrativeExpenses": 538000000,
        "otherExpenses": -4000000,
        "operatingExpenses": 675000000,
        "costAndExpenses": 1287000000,
        "interestIncome": 0,
        "interestExpense": 134000000,
        "depreciationAndAmortization": 61000000,
        "ebitda": 293000000,
        "ebitdaratio": 0.1928900592,
        "operatingIncome": 232000,
        "operatingIncomeRatio": 0.0001527321,
        "totalOtherIncomeExpensesNet": -152000000,
        "incomeBeforeTax": 80000000,
        "incomeBeforeTaxRatio": 0.0526662278,
        "incomeTaxExpense": 22000000,
        "netIncome": 58000000,
        "netIncomeRatio": 0.0381830151,
        "eps": 0.23,
        "epsdiluted": 0.23,
        "weightedAverageShsOut": 255588000,
        "weightedAverageShsOutDil": 256349000,
        "link": "https://www.sec.gov/Archives/edgar/data/1821825/000182182523000013/0001821825-23-000013-index.htm",
        "finalLink": "https://www.sec.gov/Archives/edgar/data/1821825/000182182523000013/ogn-20230930.htm"
    },
    {
        "date": "2023-06-30",
        "symbol": "OGN",
        "reportedCurrency": "USD",
        "cik": "0001821825",
        "fillingDate": "2023-08-09",
        "acceptedDate": "2023-08-09 08:39:59",
        "calendarYear": "2023",
        "period": "Q2",
        "revenue": 1608000000,
        "costOfRevenue": 640000000,
        "grossProfit": 968000000,
        "grossProfitRatio": 0.6019900498,
        "researchAndDevelopmentExpenses": 128000000,
        "generalAndAdministrativeExpenses": 0,
        "sellingAndMarketingExpenses": 0,
        "sellingGeneralAndAdministrativeExpenses": 451000000,
        "otherExpenses": -1000000,
        "operatingExpenses": 579000000,
        "costAndExpenses": 1219000000,
        "interestIncome": 0,
        "interestExpense": 132000000,
        "depreciationAndAmortization": 58000000,
        "ebitda": 447000000,
        "ebitdaratio": 0.2779850746,
        "operatingIncome": 389000,
        "operatingIncomeRatio": 0.0002419154,
        "totalOtherIncomeExpensesNet": -135000000,
        "incomeBeforeTax": 254000000,
        "incomeBeforeTaxRatio": 0.157960199,
        "incomeTaxExpense": 12000000,
        "netIncome": 242000000,
        "netIncomeRatio": 0.1504975124,
        "eps": 0.95,
        "epsdiluted": 0.95,
        "weightedAverageShsOut": 255341000,
        "weightedAverageShsOutDil": 255953000,
        "link": "https://www.sec.gov/Archives/edgar/data/1821825/000182182523000010/0001821825-23-000010-index.htm",
        "finalLink": "https://www.sec.gov/Archives/edgar/data/1821825/000182182523000010/ogn-20230630.htm"
    },
    {
        "date": "2023-03-31",
        "symbol": "OGN",
        "reportedCurrency": "USD",
        "cik": "0001821825",
        "fillingDate": "2023-05-05",
        "acceptedDate": "2023-05-04 18:40:01",
        "calendarYear": "2023",
        "period": "Q1",
        "revenue": 1538000000,
        "costOfRevenue": 580000000,
        "grossProfit": 958000000,
        "grossProfitRatio": 0.6228868661,
        "researchAndDevelopmentExpenses": 129000000,
        "generalAndAdministrativeExpenses": 0,
        "sellingAndMarketingExpenses": 0,
        "sellingGeneralAndAdministrativeExpenses": 435000000,
        "otherExpenses": 394000000,
        "operatingExpenses": 958000000,
        "costAndExpenses": 1144000000,
        "interestIncome": 0,
        "interestExpense": 132000000,
        "depreciationAndAmortization": 57000000,
        "ebitda": 424000000,
        "ebitdaratio": 0.2756827048,
        "operatingIncome": 394000000,
        "operatingIncomeRatio": 0.2561768531,
        "totalOtherIncomeExpensesNet": -159000000,
        "incomeBeforeTax": 235000000,
        "incomeBeforeTaxRatio": 0.1527958388,
        "incomeTaxExpense": 58000000,
        "netIncome": 177000000,
        "netIncomeRatio": 0.1150845254,
        "eps": 0.7,
        "epsdiluted": 0.69,
        "weightedAverageShsOut": 254392000,
        "weightedAverageShsOutDil": 256170000,
        "link": "https://www.sec.gov/Archives/edgar/data/1821825/000182182523000006/0001821825-23-000006-index.htm",
        "finalLink": "https://www.sec.gov/Archives/edgar/data/1821825/000182182523000006/ogn-20230331.htm"
    },
    {
        "date": "2022-12-31",
        "symbol": "OGN",
        "reportedCurrency": "USD",
        "cik": "0001821825",
        "fillingDate": "2023-02-27",
        "acceptedDate": "2023-02-27 07:47:13",
        "calendarYear": "2022",
        "period": "Q4",
        "revenue": 1485000000,
        "costOfRevenue": 594000000,
        "grossProfit": 891000000,
        "grossProfitRatio": 0.6,
        "researchAndDevelopmentExpenses": 142000000,
        "generalAndAdministrativeExpenses": 215000000,
        "sellingAndMarketingExpenses": 255000000,
        "sellingGeneralAndAdministrativeExpenses": 470000000,
        "otherExpenses": 0,
        "operatingExpenses": 612000000,
        "costAndExpenses": 1206000000,
        "interestIncome": 0,
        "interestExpense": 119000000,
        "depreciationAndAmortization": 52000000,
        "ebitda": 279000000,
        "ebitdaratio": 0.1878787879,
        "operatingIncome": 227000000,
        "operatingIncomeRatio": 0.1528619529,
        "totalOtherIncomeExpensesNet": -168000000,
        "incomeBeforeTax": 111000000,
        "incomeBeforeTaxRatio": 0.0747474747,
        "incomeTaxExpense": 3000000,
        "netIncome": 108000000,
        "netIncomeRatio": 0.0727272727,
        "eps": 0.42,
        "epsdiluted": 0.42,
        "weightedAverageShsOut": 254367000,
        "weightedAverageShsOutDil": 255390000,
        "link": "https://www.sec.gov/Archives/edgar/data/1821825/000182182523000003/0001821825-23-000003-index.htm",
        "finalLink": "https://www.sec.gov/Archives/edgar/data/1821825/000182182523000003/ogn-20221231.htm"
    },
    {
        "date": "2022-09-30",
        "symbol": "OGN",
        "reportedCurrency": "USD",
        "cik": "0001821825",
        "fillingDate": "2022-11-04",
        "acceptedDate": "2022-11-03 17:58:50",
        "calendarYear": "2022",
        "period": "Q3",
        "revenue": 1537000000,
        "costOfRevenue": 551000000,
        "grossProfit": 986000000,
        "grossProfitRatio": 0.641509434,
        "researchAndDevelopmentExpenses": 127000000,
        "generalAndAdministrativeExpenses": 0,
        "sellingAndMarketingExpenses": 0,
        "sellingGeneralAndAdministrativeExpenses": 440000000,
        "otherExpenses": -4000000,
        "operatingExpenses": 567000000,
        "costAndExpenses": 1118000000,
        "interestIncome": 0,
        "interestExpense": 108000000,
        "depreciationAndAmortization": 57000000,
        "ebitda": 476000000,
        "ebitdaratio": 0.3096942095,
        "operatingIncome": 358000000,
        "operatingIncomeRatio": 0.2329212752,
        "totalOtherIncomeExpensesNet": -137000000,
        "incomeBeforeTax": 282000000,
        "incomeBeforeTaxRatio": 0.1834743006,
        "incomeTaxExpense": 55000000,
        "netIncome": 227000000,
        "netIncomeRatio": 0.1476903058,
        "eps": 0.89,
        "epsdiluted": 0.89,
        "weightedAverageShsOut": 254348000,
        "weightedAverageShsOutDil": 255067000,
        "link": "https://www.sec.gov/Archives/edgar/data/1821825/000182182522000012/0001821825-22-000012-index.htm",
        "finalLink": "https://www.sec.gov/Archives/edgar/data/1821825/000182182522000012/ogn-20220930.htm"
    },
    {
        "date": "2022-06-30",
        "symbol": "OGN",
        "reportedCurrency": "USD",
        "cik": "0001821825",
        "fillingDate": "2022-08-05",
        "acceptedDate": "2022-08-04 18:02:03",
        "calendarYear": "2022",
        "period": "Q2",
        "revenue": 1585000000,
        "costOfRevenue": 588000000,
        "grossProfit": 997000000,
        "grossProfitRatio": 0.629022082,
        "researchAndDevelopmentExpenses": 106000000,
        "generalAndAdministrativeExpenses": 0,
        "sellingAndMarketingExpenses": 0,
        "sellingGeneralAndAdministrativeExpenses": 423000000,
        "otherExpenses": 0,
        "operatingExpenses": 529000000,
        "costAndExpenses": 1117000000,
        "interestIncome": 0,
        "interestExpense": 98000000,
        "depreciationAndAmortization": 50000000,
        "ebitda": 518000000,
        "ebitdaratio": 0.3268138801,
        "operatingIncome": 432000000,
        "operatingIncomeRatio": 0.272555205,
        "totalOtherIncomeExpensesNet": -181000000,
        "incomeBeforeTax": 287000000,
        "incomeBeforeTaxRatio": 0.1810725552,
        "incomeTaxExpense": 53000000,
        "netIncome": 234000000,
        "netIncomeRatio": 0.1476340694,
        "eps": 0.92,
        "epsdiluted": 0.92,
        "weightedAverageShsOut": 254018000,
        "weightedAverageShsOutDil": 255156000,
        "link": "https://www.sec.gov/Archives/edgar/data/1821825/000182182522000009/0001821825-22-000009-index.htm",
        "finalLink": "https://www.sec.gov/Archives/edgar/data/1821825/000182182522000009/ogn-20220630.htm"
    },
    {
        "date": "2022-03-31",
        "symbol": "OGN",
        "reportedCurrency": "USD",
        "cik": "0001821825",
        "fillingDate": "2022-05-06",
        "acceptedDate": "2022-05-05 21:16:53",
        "calendarYear": "2022",
        "period": "Q1",
        "revenue": 1567000000,
        "costOfRevenue": 561000000,
        "grossProfit": 1006000000,
        "grossProfitRatio": 0.6419910657,
        "researchAndDevelopmentExpenses": 96000000,
        "generalAndAdministrativeExpenses": 0,
        "sellingAndMarketingExpenses": 0,
        "sellingGeneralAndAdministrativeExpenses": 371000000,
        "otherExpenses": 0,
        "operatingExpenses": 467000000,
        "costAndExpenses": 1028000000,
        "interestIncome": 0,
        "interestExpense": 97000000,
        "depreciationAndAmortization": 53000000,
        "ebitda": 592000000,
        "ebitdaratio": 0.3777919592,
        "operatingIncome": 486000000,
        "operatingIncomeRatio": 0.3101467773,
        "totalOtherIncomeExpensesNet": -97000000,
        "incomeBeforeTax": 442000000,
        "incomeBeforeTaxRatio": 0.2820676452,
        "incomeTaxExpense": 94000000,
        "netIncome": 348000000,
        "netIncomeRatio": 0.2220804084,
        "eps": 1.37,
        "epsdiluted": 1.36,
        "weightedAverageShsOut": 253583000,
        "weightedAverageShsOutDil": 255052000,
        "link": "https://www.sec.gov/Archives/edgar/data/1821825/000182182522000006/0001821825-22-000006-index.htm",
        "finalLink": "https://www.sec.gov/Archives/edgar/data/1821825/000182182522000006/ogn-20220331.htm"
    },
    {
        "date": "2021-12-31",
        "symbol": "OGN",
        "reportedCurrency": "USD",
        "cik": "0001821825",
        "fillingDate": "2022-03-21",
        "acceptedDate": "2022-03-21 08:27:29",
        "calendarYear": "2021",
        "period": "Q4",
        "revenue": 1604000000,
        "costOfRevenue": 599000000,
        "grossProfit": 1005000000,
        "grossProfitRatio": 0.6265586035,
        "researchAndDevelopmentExpenses": 189000000,
        "generalAndAdministrativeExpenses": 245000000,
        "sellingAndMarketingExpenses": 236000000,
        "sellingGeneralAndAdministrativeExpenses": 481000000,
        "otherExpenses": 0,
        "operatingExpenses": 670000000,
        "costAndExpenses": 1269000000,
        "interestIncome": 0,
        "interestExpense": 98000000,
        "depreciationAndAmortization": 62000000,
        "ebitda": 396000000,
        "ebitdaratio": 0.246882793,
        "operatingIncome": 334000000,
        "operatingIncomeRatio": 0.2082294264,
        "totalOtherIncomeExpensesNet": -98000000,
        "incomeBeforeTax": 236000000,
        "incomeBeforeTaxRatio": 0.1471321696,
        "incomeTaxExpense": 34000000,
        "netIncome": 202000000,
        "netIncomeRatio": 0.1259351621,
        "eps": 0.8,
        "epsdiluted": 0.79,
        "weightedAverageShsOut": 253549167,
        "weightedAverageShsOutDil": 254550738,
        "link": "https://www.sec.gov/Archives/edgar/data/1821825/000182182522000002/0001821825-22-000002-index.htm",
        "finalLink": "https://www.sec.gov/Archives/edgar/data/1821825/000182182522000002/ogn-20211231.htm"
    },
    {
        "date": "2021-09-30",
        "symbol": "OGN",
        "reportedCurrency": "USD",
        "cik": "0001821825",
        "fillingDate": "2021-11-12",
        "acceptedDate": "2021-11-12 16:52:11",
        "calendarYear": "2021",
        "period": "Q3",
        "revenue": 1600000000,
        "costOfRevenue": 609000000,
        "grossProfit": 991000000,
        "grossProfitRatio": 0.619375,
        "researchAndDevelopmentExpenses": 111000000,
        "generalAndAdministrativeExpenses": 0,
        "sellingAndMarketingExpenses": 0,
        "sellingGeneralAndAdministrativeExpenses": 388000000,
        "otherExpenses": 0,
        "operatingExpenses": 499000000,
        "costAndExpenses": 1108000000,
        "interestIncome": 0,
        "interestExpense": 98000000,
        "depreciationAndAmortization": 52000000,
        "ebitda": 569000000,
        "ebitdaratio": 0.355625,
        "operatingIncome": 394000000,
        "operatingIncomeRatio": 0.24625,
        "totalOtherIncomeExpensesNet": -128000000,
        "incomeBeforeTax": 389000000,
        "incomeBeforeTaxRatio": 0.243125,
        "incomeTaxExpense": 66000000,
        "netIncome": 323000000,
        "netIncomeRatio": 0.201875,
        "eps": 1.27,
        "epsdiluted": 1.27,
        "weightedAverageShsOut": 253534000,
        "weightedAverageShsOutDil": 254172000,
        "link": "https://www.sec.gov/Archives/edgar/data/1821825/000162828021023199/0001628280-21-023199-index.htm",
        "finalLink": "https://www.sec.gov/Archives/edgar/data/1821825/000162828021023199/ogn-20210930.htm"
    },
    {
        "date": "2021-06-30",
        "symbol": "OGN",
        "reportedCurrency": "USD",
        "cik": "0001821825",
        "fillingDate": "2021-08-16",
        "acceptedDate": "2021-08-16 08:20:13",
        "calendarYear": "2021",
        "period": "Q2",
        "revenue": 1595000000,
        "costOfRevenue": 583000000,
        "grossProfit": 1012000000,
        "grossProfitRatio": 0.6344827586,
        "researchAndDevelopmentExpenses": 76000000,
        "generalAndAdministrativeExpenses": 0,
        "sellingAndMarketingExpenses": 0,
        "sellingGeneralAndAdministrativeExpenses": 416000000,
        "otherExpenses": 0,
        "operatingExpenses": 492000000,
        "costAndExpenses": 1075000000,
        "interestIncome": 0,
        "interestExpense": 62000000,
        "depreciationAndAmortization": 43000000,
        "ebitda": 563000000,
        "ebitdaratio": 0.3529780564,
        "operatingIncome": 458000000,
        "operatingIncomeRatio": 0.2871473354,
        "totalOtherIncomeExpensesNet": -21000000,
        "incomeBeforeTax": 437000000,
        "incomeBeforeTaxRatio": 0.2739811912,
        "incomeTaxExpense": 6000000,
        "netIncome": 427000000,
        "netIncomeRatio": 0.2677115987,
        "eps": 1.68,
        "epsdiluted": 1.68,
        "weightedAverageShsOut": 253516000,
        "weightedAverageShsOutDil": 253828000,
        "link": "https://www.sec.gov/Archives/edgar/data/1821825/000182182521000009/0001821825-21-000009-index.htm",
        "finalLink": "https://www.sec.gov/Archives/edgar/data/1821825/000182182521000009/ogn-20210630.htm"
    },
    {
        "date": "2021-03-31",
        "symbol": "OGN",
        "reportedCurrency": "USD",
        "cik": "0001821825",
        "fillingDate": "2021-06-21",
        "acceptedDate": "2021-06-21 08:16:50",
        "calendarYear": "2021",
        "period": "Q1",
        "revenue": 1506000000,
        "costOfRevenue": 591000000,
        "grossProfit": 915000000,
        "grossProfitRatio": 0.6075697211,
        "researchAndDevelopmentExpenses": 67000000,
        "generalAndAdministrativeExpenses": 0,
        "sellingAndMarketingExpenses": 0,
        "sellingGeneralAndAdministrativeExpenses": 382000000,
        "otherExpenses": -2000000,
        "operatingExpenses": 449000000,
        "costAndExpenses": 1040000000,
        "interestIncome": 0,
        "interestExpense": 0,
        "depreciationAndAmortization": 38000000,
        "ebitda": 504000000,
        "ebitdaratio": 0.3346613546,
        "operatingIncome": 466000000,
        "operatingIncomeRatio": 0.3094289509,
        "totalOtherIncomeExpensesNet": 1000000,
        "incomeBeforeTax": 467000000,
        "incomeBeforeTaxRatio": 0.3100929615,
        "incomeTaxExpense": 72000000,
        "netIncome": 399000000,
        "netIncomeRatio": 0.264940239,
        "eps": 1.58,
        "epsdiluted": 1.58,
        "weightedAverageShsOut": 253130375,
        "weightedAverageShsOutDil": 253130375,
        "link": "https://www.sec.gov/Archives/edgar/data/1821825/000182182521000005/0001821825-21-000005-index.htm",
        "finalLink": "https://www.sec.gov/Archives/edgar/data/1821825/000182182521000005/ogn-20210331.htm"
    },
    {
        "date": "2020-12-31",
        "symbol": "OGN",
        "reportedCurrency": "USD",
        "cik": "0001821825",
        "fillingDate": "2020-12-31",
        "acceptedDate": "2020-12-30 19:00:00",
        "calendarYear": "2020",
        "period": "Q4",
        "revenue": 3177000000,
        "costOfRevenue": 1814000000,
        "grossProfit": 1363000000,
        "grossProfitRatio": 0.4290210891,
        "researchAndDevelopmentExpenses": 154000000,
        "generalAndAdministrativeExpenses": 546000000,
        "sellingAndMarketingExpenses": 198000000,
        "sellingGeneralAndAdministrativeExpenses": 744000000,
        "otherExpenses": 0,
        "operatingExpenses": 898000000,
        "costAndExpenses": 2712000000,
        "interestIncome": 0,
        "interestExpense": 0,
        "depreciationAndAmortization": 50000000,
        "ebitda": 509000000,
        "ebitdaratio": 0.1602140384,
        "operatingIncome": 465000000,
        "operatingIncomeRatio": 0.1463644948,
        "totalOtherIncomeExpensesNet": -12000000,
        "incomeBeforeTax": 453000000,
        "incomeBeforeTaxRatio": 0.1425873466,
        "incomeTaxExpense": 173000000,
        "netIncome": 368000000,
        "netIncomeRatio": 0.1158325464,
        "eps": 1.45,
        "epsdiluted": 1.45,
        "weightedAverageShsOut": 253130375,
        "weightedAverageShsOutDil": 253130375,
        "link": "",
        "finalLink": ""
    },
    {
        "date": "2020-09-30",
        "symbol": "OGN",
        "reportedCurrency": "USD",
        "cik": "0001821825",
        "fillingDate": "2020-09-30",
        "acceptedDate": "2020-09-29 20:00:00",
        "calendarYear": "2020",
        "period": "Q3",
        "revenue": 1613000000,
        "costOfRevenue": 535000000,
        "grossProfit": 1078000000,
        "grossProfitRatio": 0.6683199008,
        "researchAndDevelopmentExpenses": 54000000,
        "generalAndAdministrativeExpenses": 0,
        "sellingAndMarketingExpenses": 0,
        "sellingGeneralAndAdministrativeExpenses": 321000000,
        "otherExpenses": 0,
        "operatingExpenses": 375000000,
        "costAndExpenses": 910000000,
        "interestIncome": 0,
        "interestExpense": 0,
        "depreciationAndAmortization": 40000000,
        "ebitda": 743000000,
        "ebitdaratio": 0.4606323621,
        "operatingIncome": 703000000,
        "operatingIncomeRatio": 0.43583385,
        "totalOtherIncomeExpensesNet": -22000000,
        "incomeBeforeTax": 681000000,
        "incomeBeforeTaxRatio": 0.4221946683,
        "incomeTaxExpense": 121000000,
        "netIncome": 547000000,
        "netIncomeRatio": 0.3391196528,
        "eps": 2.16,
        "epsdiluted": 2.16,
        "weightedAverageShsOut": 253130375,
        "weightedAverageShsOutDil": 253130375,
        "link": "",
        "finalLink": ""
    },
    {
        "date": "2020-06-30",
        "symbol": "OGN",
        "reportedCurrency": "USD",
        "cik": "0001821825",
        "fillingDate": "2020-06-30",
        "acceptedDate": "2020-06-29 20:00:00",
        "calendarYear": "2020",
        "period": "Q2",
        "revenue": 1526000000,
        "costOfRevenue": 460000000,
        "grossProfit": 1066000000,
        "grossProfitRatio": 0.6985583224,
        "researchAndDevelopmentExpenses": 51000000,
        "generalAndAdministrativeExpenses": 0,
        "sellingAndMarketingExpenses": 0,
        "sellingGeneralAndAdministrativeExpenses": 284000000,
        "otherExpenses": 0,
        "operatingExpenses": 335000000,
        "costAndExpenses": 795000000,
        "interestIncome": 0,
        "interestExpense": 0,
        "depreciationAndAmortization": 34000000,
        "ebitda": 765000000,
        "ebitdaratio": 0.501310616,
        "operatingIncome": 731000000,
        "operatingIncomeRatio": 0.4790301442,
        "totalOtherIncomeExpensesNet": -29000000,
        "incomeBeforeTax": 702000000,
        "incomeBeforeTaxRatio": 0.4600262123,
        "incomeTaxExpense": 116000000,
        "netIncome": 542000000,
        "netIncomeRatio": 0.3551769332,
        "eps": 2.14,
        "epsdiluted": 2.14,
        "weightedAverageShsOut": 253130375,
        "weightedAverageShsOutDil": 253130375,
        "link": "",
        "finalLink": ""
    },
    {
        "date": "2020-03-31",
        "symbol": "OGN",
        "reportedCurrency": "USD",
        "cik": "0001821825",
        "fillingDate": "2020-03-31",
        "acceptedDate": "2020-03-31 00:00:00",
        "calendarYear": "2020",
        "period": "Q1",
        "revenue": 1780000000,
        "costOfRevenue": 538000000,
        "grossProfit": 1242000000,
        "grossProfitRatio": 0.697752809,
        "researchAndDevelopmentExpenses": 45000000,
        "generalAndAdministrativeExpenses": 0,
        "sellingAndMarketingExpenses": 0,
        "sellingGeneralAndAdministrativeExpenses": 317000000,
        "otherExpenses": 0,
        "operatingExpenses": 362000000,
        "costAndExpenses": 900000000,
        "interestIncome": 0,
        "interestExpense": 0,
        "depreciationAndAmortization": 33000000,
        "ebitda": 938000000,
        "ebitdaratio": 0.5269662921,
        "operatingIncome": 880000000,
        "operatingIncomeRatio": 0.4943820225,
        "totalOtherIncomeExpensesNet": -36000000,
        "incomeBeforeTax": 844000000,
        "incomeBeforeTaxRatio": 0.4741573034,
        "incomeTaxExpense": 110000000,
        "netIncome": 703000000,
        "netIncomeRatio": 0.3949438202,
        "eps": 2.78,
        "epsdiluted": 2.78,
        "weightedAverageShsOut": 253130375,
        "weightedAverageShsOutDil": 253130375,
        "link": "",
        "finalLink": ""
    }
]