[
    {
        "date": "2025-06-30",
        "symbol": "OM",
        "reportedCurrency": "USD",
        "cik": "0001484612",
        "fillingDate": "2025-08-07",
        "acceptedDate": "2025-08-06 17:54:50",
        "calendarYear": "2025",
        "period": "Q2",
        "revenue": 31419000,
        "costOfRevenue": 19552000,
        "grossProfit": 11867000,
        "grossProfitRatio": 0.3777013909,
        "researchAndDevelopmentExpenses": 5289000,
        "generalAndAdministrativeExpenses": 9163000,
        "sellingAndMarketingExpenses": 14280000,
        "sellingGeneralAndAdministrativeExpenses": 23443000,
        "otherExpenses": 0,
        "operatingExpenses": 28732000,
        "costAndExpenses": 48284000,
        "interestIncome": 0,
        "interestExpense": 3475000,
        "depreciationAndAmortization": 0,
        "ebitda": -16865000,
        "ebitdaratio": -0.5367771094,
        "operatingIncome": -16865000,
        "operatingIncomeRatio": -0.5367771094,
        "totalOtherIncomeExpensesNet": -1572000,
        "incomeBeforeTax": -18437000,
        "incomeBeforeTaxRatio": -0.5868105287,
        "incomeTaxExpense": 104000,
        "netIncome": -18541000,
        "netIncomeRatio": -0.5901206276,
        "eps": -1.04,
        "epsdiluted": -1.04,
        "weightedAverageShsOut": 17743000,
        "weightedAverageShsOutDil": 17743000,
        "link": "https://www.sec.gov/Archives/edgar/data/1484612/000095017025104300/0000950170-25-104300-index.htm",
        "finalLink": "https://www.sec.gov/Archives/edgar/data/1484612/000095017025104300/om-20250630.htm"
    },
    {
        "date": "2025-03-31",
        "symbol": "OM",
        "reportedCurrency": "USD",
        "cik": "0001484612",
        "fillingDate": "2025-05-08",
        "acceptedDate": "2025-05-07 17:45:18",
        "calendarYear": "2025",
        "period": "Q1",
        "revenue": 29752000,
        "costOfRevenue": 18686000,
        "grossProfit": 11066000,
        "grossProfitRatio": 0.3719413821,
        "researchAndDevelopmentExpenses": 5515000,
        "generalAndAdministrativeExpenses": 8298000,
        "sellingAndMarketingExpenses": 13652000,
        "sellingGeneralAndAdministrativeExpenses": 21950000,
        "otherExpenses": 0,
        "operatingExpenses": 27465000,
        "costAndExpenses": 46151000,
        "interestIncome": 1976000,
        "interestExpense": 3560000,
        "depreciationAndAmortization": 1294000,
        "ebitda": -20814000,
        "ebitdaratio": -0.6995832213,
        "operatingIncome": -16399000,
        "operatingIncomeRatio": -0.551189836,
        "totalOtherIncomeExpensesNet": -9269000,
        "incomeBeforeTax": -25668000,
        "incomeBeforeTaxRatio": -0.8627319172,
        "incomeTaxExpense": 115000,
        "netIncome": -25783000,
        "netIncomeRatio": -0.8665972035,
        "eps": -7.44,
        "epsdiluted": -7.44,
        "weightedAverageShsOut": 3463400,
        "weightedAverageShsOutDil": 3463400,
        "link": "https://www.sec.gov/Archives/edgar/data/1484612/000095017025066003/0000950170-25-066003-index.htm",
        "finalLink": "https://www.sec.gov/Archives/edgar/data/1484612/000095017025066003/om-20250331.htm"
    },
    {
        "date": "2024-12-31",
        "symbol": "OM",
        "reportedCurrency": "USD",
        "cik": "0001484612",
        "fillingDate": "2025-02-28",
        "acceptedDate": "2025-02-28 16:24:30",
        "calendarYear": "2024",
        "period": "Q4",
        "revenue": 29467000,
        "costOfRevenue": 18720000,
        "grossProfit": 10747000,
        "grossProfitRatio": 0.3647130689,
        "researchAndDevelopmentExpenses": 7889000,
        "generalAndAdministrativeExpenses": 9267000,
        "sellingAndMarketingExpenses": 15451000,
        "sellingGeneralAndAdministrativeExpenses": 24718000,
        "otherExpenses": 0,
        "operatingExpenses": 32607001,
        "costAndExpenses": 51327001,
        "interestIncome": 2043000,
        "interestExpense": 5825000,
        "depreciationAndAmortization": 1406000,
        "ebitda": -18411000,
        "ebitdaratio": -0.6248006244,
        "operatingIncome": -21860000,
        "operatingIncomeRatio": -0.7418468117,
        "totalOtherIncomeExpensesNet": -3782000,
        "incomeBeforeTax": -25642000,
        "incomeBeforeTaxRatio": -0.8701937761,
        "incomeTaxExpense": -4000,
        "netIncome": -25638000,
        "netIncomeRatio": -0.870058031,
        "eps": -0.5,
        "epsdiluted": -0.5,
        "weightedAverageShsOut": 3415067,
        "weightedAverageShsOutDil": 3415067,
        "link": "https://www.sec.gov/Archives/edgar/data/1484612/000095017025030045/0000950170-25-030045-index.htm",
        "finalLink": "https://www.sec.gov/Archives/edgar/data/1484612/000095017025030045/om-20241231.htm"
    },
    {
        "date": "2024-09-30",
        "symbol": "OM",
        "reportedCurrency": "USD",
        "cik": "0001484612",
        "fillingDate": "2024-11-07",
        "acceptedDate": "2024-11-06 17:50:49",
        "calendarYear": "2024",
        "period": "Q3",
        "revenue": 28666000,
        "costOfRevenue": 18846000,
        "grossProfit": 9820000,
        "grossProfitRatio": 0.3425661062,
        "researchAndDevelopmentExpenses": 8139000,
        "generalAndAdministrativeExpenses": 10103000,
        "sellingAndMarketingExpenses": 15417000,
        "sellingGeneralAndAdministrativeExpenses": 25520000,
        "otherExpenses": 0,
        "operatingExpenses": 33659000,
        "costAndExpenses": 52505000,
        "interestIncome": 2149000,
        "interestExpense": 6068000,
        "depreciationAndAmortization": 2149000,
        "ebitda": -21690000,
        "ebitdaratio": -0.7566455034,
        "operatingIncome": -23839000,
        "operatingIncomeRatio": -0.8316123631,
        "totalOtherIncomeExpensesNet": -3919000,
        "incomeBeforeTax": -27758000,
        "incomeBeforeTaxRatio": -0.9683248448,
        "incomeTaxExpense": 182000,
        "netIncome": -27940000,
        "netIncomeRatio": -0.9746738296,
        "eps": -0.55,
        "epsdiluted": -0.55,
        "weightedAverageShsOut": 3366733,
        "weightedAverageShsOutDil": 3366733,
        "link": "https://www.sec.gov/Archives/edgar/data/1484612/000095017024122518/0000950170-24-122518-index.htm",
        "finalLink": "https://www.sec.gov/Archives/edgar/data/1484612/000095017024122518/om-20240930.htm"
    },
    {
        "date": "2024-06-30",
        "symbol": "OM",
        "reportedCurrency": "USD",
        "cik": "0001484612",
        "fillingDate": "2024-08-08",
        "acceptedDate": "2024-08-07 18:06:01",
        "calendarYear": "2024",
        "period": "Q2",
        "revenue": 27388000,
        "costOfRevenue": 17606000,
        "grossProfit": 9782000,
        "grossProfitRatio": 0.3571637213,
        "researchAndDevelopmentExpenses": 9734000,
        "generalAndAdministrativeExpenses": 12684000,
        "sellingAndMarketingExpenses": 18128000,
        "sellingGeneralAndAdministrativeExpenses": 30812000,
        "otherExpenses": 0,
        "operatingExpenses": 40546000,
        "costAndExpenses": 58152000,
        "interestIncome": 2471000,
        "interestExpense": 6010000,
        "depreciationAndAmortization": 1471000,
        "ebitda": -26822000,
        "ebitdaratio": -0.9793340149,
        "operatingIncome": -30764000,
        "operatingIncomeRatio": -1.1232656638,
        "totalOtherIncomeExpensesNet": -3539000,
        "incomeBeforeTax": -34303000,
        "incomeBeforeTaxRatio": -1.2524828392,
        "incomeTaxExpense": 151000,
        "netIncome": -34454000,
        "netIncomeRatio": -1.2579962027,
        "eps": -0.66,
        "epsdiluted": -0.66,
        "weightedAverageShsOut": 3458667,
        "weightedAverageShsOutDil": 3458667,
        "link": "https://www.sec.gov/Archives/edgar/data/1484612/000095017024093071/0000950170-24-093071-index.htm",
        "finalLink": "https://www.sec.gov/Archives/edgar/data/1484612/000095017024093071/om-20240630.htm"
    },
    {
        "date": "2024-03-31",
        "symbol": "OM",
        "reportedCurrency": "USD",
        "cik": "0001484612",
        "fillingDate": "2024-05-09",
        "acceptedDate": "2024-05-08 18:00:30",
        "calendarYear": "2024",
        "period": "Q1",
        "revenue": 28168000,
        "costOfRevenue": 19953000,
        "grossProfit": 8215000,
        "grossProfitRatio": 0.2916429991,
        "researchAndDevelopmentExpenses": 12635000,
        "generalAndAdministrativeExpenses": 11444000,
        "sellingAndMarketingExpenses": 21048000,
        "sellingGeneralAndAdministrativeExpenses": 32492000,
        "otherExpenses": 0,
        "operatingExpenses": 45127000,
        "costAndExpenses": 65080000,
        "interestIncome": 3098000,
        "interestExpense": 5968000,
        "depreciationAndAmortization": 1460000,
        "ebitda": -32354000,
        "ebitdaratio": -1.1486083499,
        "operatingIncome": -36912000,
        "operatingIncomeRatio": -1.3104231752,
        "totalOtherIncomeExpensesNet": -2870000,
        "incomeBeforeTax": -39782000,
        "incomeBeforeTaxRatio": -1.4123118432,
        "incomeTaxExpense": 162000,
        "netIncome": -39944000,
        "netIncomeRatio": -1.4180630503,
        "eps": -0.78,
        "epsdiluted": -0.78,
        "weightedAverageShsOut": 3393400,
        "weightedAverageShsOutDil": 3393400,
        "link": "https://www.sec.gov/Archives/edgar/data/1484612/000095017024055981/0000950170-24-055981-index.htm",
        "finalLink": "https://www.sec.gov/Archives/edgar/data/1484612/000095017024055981/om-20240331.htm"
    },
    {
        "date": "2023-12-31",
        "symbol": "OM",
        "reportedCurrency": "USD",
        "cik": "0001484612",
        "fillingDate": "2024-02-21",
        "acceptedDate": "2024-02-21 17:15:51",
        "calendarYear": "2023",
        "period": "Q4",
        "revenue": 30507000,
        "costOfRevenue": 22795000,
        "grossProfit": 7712000,
        "grossProfitRatio": 0.2527944406,
        "researchAndDevelopmentExpenses": 12532000,
        "generalAndAdministrativeExpenses": 10339000,
        "sellingAndMarketingExpenses": 22194000,
        "sellingGeneralAndAdministrativeExpenses": 32533000,
        "otherExpenses": 0,
        "operatingExpenses": 45065000,
        "costAndExpenses": 67860000,
        "interestIncome": 2282000,
        "interestExpense": 3417000,
        "depreciationAndAmortization": 1446000,
        "ebitda": -33625000,
        "ebitdaratio": -1.1022060511,
        "operatingIncome": -37353000,
        "operatingIncomeRatio": -1.224407513,
        "totalOtherIncomeExpensesNet": -1135000,
        "incomeBeforeTax": -38488000,
        "incomeBeforeTaxRatio": -1.261612089,
        "incomeTaxExpense": 112000,
        "netIncome": -38600000,
        "netIncomeRatio": -1.2652833776,
        "eps": -0.77,
        "epsdiluted": -0.77,
        "weightedAverageShsOut": 3350267,
        "weightedAverageShsOutDil": 3350267,
        "link": "https://www.sec.gov/Archives/edgar/data/1484612/000095017024018093/0000950170-24-018093-index.htm",
        "finalLink": "https://www.sec.gov/Archives/edgar/data/1484612/000095017024018093/om-20231231.htm"
    },
    {
        "date": "2023-09-30",
        "symbol": "OM",
        "reportedCurrency": "USD",
        "cik": "0001484612",
        "fillingDate": "2023-11-08",
        "acceptedDate": "2023-11-07 17:54:56",
        "calendarYear": "2023",
        "period": "Q3",
        "revenue": 30362000,
        "costOfRevenue": 23205000,
        "grossProfit": 7157000,
        "grossProfitRatio": 0.2357222844,
        "researchAndDevelopmentExpenses": 16076000,
        "generalAndAdministrativeExpenses": 11815000,
        "sellingAndMarketingExpenses": 24720000,
        "sellingGeneralAndAdministrativeExpenses": 36535000,
        "otherExpenses": 0,
        "operatingExpenses": 52611000,
        "costAndExpenses": 75816000,
        "interestIncome": 2573000,
        "interestExpense": 3213000,
        "depreciationAndAmortization": 1782000,
        "ebitda": -41099000,
        "ebitdaratio": -1.3536328305,
        "operatingIncome": -45454000,
        "operatingIncomeRatio": -1.4970687043,
        "totalOtherIncomeExpensesNet": -640000,
        "incomeBeforeTax": -46094000,
        "incomeBeforeTaxRatio": -1.5181476846,
        "incomeTaxExpense": 86000,
        "netIncome": -46180000,
        "netIncomeRatio": -1.5209801726,
        "eps": -0.93,
        "epsdiluted": -0.93,
        "weightedAverageShsOut": 3327533,
        "weightedAverageShsOutDil": 3327533,
        "link": "https://www.sec.gov/Archives/edgar/data/1484612/000095017023060476/0000950170-23-060476-index.htm",
        "finalLink": "https://www.sec.gov/Archives/edgar/data/1484612/000095017023060476/om-20230930.htm"
    },
    {
        "date": "2023-06-30",
        "symbol": "OM",
        "reportedCurrency": "USD",
        "cik": "0001484612",
        "fillingDate": "2023-08-03",
        "acceptedDate": "2023-08-02 18:02:21",
        "calendarYear": "2023",
        "period": "Q2",
        "revenue": 36040000,
        "costOfRevenue": 28337000,
        "grossProfit": 7703000,
        "grossProfitRatio": 0.2137347392,
        "researchAndDevelopmentExpenses": 14906000,
        "generalAndAdministrativeExpenses": 11290000,
        "sellingAndMarketingExpenses": 24985000,
        "sellingGeneralAndAdministrativeExpenses": 36275000,
        "otherExpenses": 0,
        "operatingExpenses": 51181000,
        "costAndExpenses": 79518000,
        "interestIncome": 2668000,
        "interestExpense": 3103000,
        "depreciationAndAmortization": 1822000,
        "ebitda": -38988000,
        "ebitdaratio": -1.0817980022,
        "operatingIncome": -43478000,
        "operatingIncomeRatio": -1.206381798,
        "totalOtherIncomeExpensesNet": -435000,
        "incomeBeforeTax": -43913000,
        "incomeBeforeTaxRatio": -1.2184517203,
        "incomeTaxExpense": 133000,
        "netIncome": -44046000,
        "netIncomeRatio": -1.2221420644,
        "eps": -0.9,
        "epsdiluted": -0.9,
        "weightedAverageShsOut": 3263400,
        "weightedAverageShsOutDil": 3263400,
        "link": "https://www.sec.gov/Archives/edgar/data/1484612/000095017023037387/0000950170-23-037387-index.htm",
        "finalLink": "https://www.sec.gov/Archives/edgar/data/1484612/000095017023037387/om-20230630.htm"
    },
    {
        "date": "2023-03-31",
        "symbol": "OM",
        "reportedCurrency": "USD",
        "cik": "0001484612",
        "fillingDate": "2023-05-04",
        "acceptedDate": "2023-05-03 18:09:47",
        "calendarYear": "2023",
        "period": "Q1",
        "revenue": 33467000,
        "costOfRevenue": 27039000,
        "grossProfit": 6428000,
        "grossProfitRatio": 0.1920698001,
        "researchAndDevelopmentExpenses": 13793000,
        "generalAndAdministrativeExpenses": 11787000,
        "sellingAndMarketingExpenses": 24333000,
        "sellingGeneralAndAdministrativeExpenses": 36120000,
        "otherExpenses": 0,
        "operatingExpenses": 49913000,
        "costAndExpenses": 76952000,
        "interestIncome": 2648000,
        "interestExpense": 2942000,
        "depreciationAndAmortization": 1679000,
        "ebitda": -39158000,
        "ebitdaratio": -1.1700481071,
        "operatingIncome": -43485000,
        "operatingIncomeRatio": -1.299339648,
        "totalOtherIncomeExpensesNet": -294000,
        "incomeBeforeTax": -43779000,
        "incomeBeforeTaxRatio": -1.3081244211,
        "incomeTaxExpense": 192000,
        "netIncome": -43971000,
        "netIncomeRatio": -1.3138614157,
        "eps": -0.9,
        "epsdiluted": -0.9,
        "weightedAverageShsOut": 3252200,
        "weightedAverageShsOutDil": 3252200,
        "link": "https://www.sec.gov/Archives/edgar/data/1484612/000095017023017341/0000950170-23-017341-index.htm",
        "finalLink": "https://www.sec.gov/Archives/edgar/data/1484612/000095017023017341/om-20230331.htm"
    },
    {
        "date": "2022-12-31",
        "symbol": "OM",
        "reportedCurrency": "USD",
        "cik": "0001484612",
        "fillingDate": "2023-02-13",
        "acceptedDate": "2023-02-13 17:19:57",
        "calendarYear": "2022",
        "period": "Q4",
        "revenue": 32007000,
        "costOfRevenue": 26734000,
        "grossProfit": 5273000,
        "grossProfitRatio": 0.164745212,
        "researchAndDevelopmentExpenses": 11444000,
        "generalAndAdministrativeExpenses": 10022000,
        "sellingAndMarketingExpenses": 23631000,
        "sellingGeneralAndAdministrativeExpenses": 33653000,
        "otherExpenses": 0,
        "operatingExpenses": 45097000,
        "costAndExpenses": 71831000,
        "interestIncome": 1907000,
        "interestExpense": 2096000,
        "depreciationAndAmortization": 1557000,
        "ebitda": -37727000,
        "ebitdaratio": -1.178710907,
        "operatingIncome": -39824000,
        "operatingIncomeRatio": -1.2442278252,
        "totalOtherIncomeExpensesNet": -1556000,
        "incomeBeforeTax": -41380000,
        "incomeBeforeTaxRatio": -1.2928421908,
        "incomeTaxExpense": 64000,
        "netIncome": -41444000,
        "netIncomeRatio": -1.2948417534,
        "eps": -0.86,
        "epsdiluted": -0.86,
        "weightedAverageShsOut": 3225000,
        "weightedAverageShsOutDil": 3225000,
        "link": "https://www.sec.gov/Archives/edgar/data/1484612/000095017023002648/0000950170-23-002648-index.htm",
        "finalLink": "https://www.sec.gov/Archives/edgar/data/1484612/000095017023002648/om-20221231.htm"
    },
    {
        "date": "2022-09-30",
        "symbol": "OM",
        "reportedCurrency": "USD",
        "cik": "0001484612",
        "fillingDate": "2022-11-09",
        "acceptedDate": "2022-11-08 17:55:47",
        "calendarYear": "2022",
        "period": "Q3",
        "revenue": 27761000,
        "costOfRevenue": 23425000,
        "grossProfit": 4336000,
        "grossProfitRatio": 0.156190339,
        "researchAndDevelopmentExpenses": 13059000,
        "generalAndAdministrativeExpenses": 10000000,
        "sellingAndMarketingExpenses": 22276000,
        "sellingGeneralAndAdministrativeExpenses": 32276000,
        "otherExpenses": 0,
        "operatingExpenses": 45335000,
        "costAndExpenses": 68760000,
        "interestIncome": 805000,
        "interestExpense": 567000,
        "depreciationAndAmortization": 1596000,
        "ebitda": -38598000,
        "ebitdaratio": -1.3903677821,
        "operatingIncome": -40999000,
        "operatingIncomeRatio": -1.476856021,
        "totalOtherIncomeExpensesNet": 238000,
        "incomeBeforeTax": -40761000,
        "incomeBeforeTaxRatio": -1.4682828428,
        "incomeTaxExpense": 20000,
        "netIncome": -40781000,
        "netIncomeRatio": -1.469003278,
        "eps": -0.85,
        "epsdiluted": -0.85,
        "weightedAverageShsOut": 3208600,
        "weightedAverageShsOutDil": 3208600,
        "link": "https://www.sec.gov/Archives/edgar/data/1484612/000095017022023370/0000950170-22-023370-index.htm",
        "finalLink": "https://www.sec.gov/Archives/edgar/data/1484612/000095017022023370/om-20220930.htm"
    },
    {
        "date": "2022-06-30",
        "symbol": "OM",
        "reportedCurrency": "USD",
        "cik": "0001484612",
        "fillingDate": "2022-08-02",
        "acceptedDate": "2022-08-02 16:01:35",
        "calendarYear": "2022",
        "period": "Q2",
        "revenue": 25057000,
        "costOfRevenue": 21275000,
        "grossProfit": 3782000,
        "grossProfitRatio": 0.1509358662,
        "researchAndDevelopmentExpenses": 13521000,
        "generalAndAdministrativeExpenses": 10784000,
        "sellingAndMarketingExpenses": 23198000,
        "sellingGeneralAndAdministrativeExpenses": 33982000,
        "otherExpenses": 0,
        "operatingExpenses": 47503000,
        "costAndExpenses": 68778000,
        "interestIncome": 459000,
        "interestExpense": 481000,
        "depreciationAndAmortization": 1599000,
        "ebitda": -41663000,
        "ebitdaratio": -1.6627289779,
        "operatingIncome": -43721000,
        "operatingIncomeRatio": -1.7448617153,
        "totalOtherIncomeExpensesNet": -22000,
        "incomeBeforeTax": -43743000,
        "incomeBeforeTaxRatio": -1.7457397135,
        "incomeTaxExpense": 96000,
        "netIncome": -43839000,
        "netIncomeRatio": -1.7495709782,
        "eps": -0.92,
        "epsdiluted": -0.92,
        "weightedAverageShsOut": 3176739,
        "weightedAverageShsOutDil": 3192133,
        "link": "https://www.sec.gov/Archives/edgar/data/1484612/000095017022013857/0000950170-22-013857-index.htm",
        "finalLink": "https://www.sec.gov/Archives/edgar/data/1484612/000095017022013857/om-20220630.htm"
    },
    {
        "date": "2022-03-31",
        "symbol": "OM",
        "reportedCurrency": "USD",
        "cik": "0001484612",
        "fillingDate": "2022-05-05",
        "acceptedDate": "2022-05-04 18:21:52",
        "calendarYear": "2022",
        "period": "Q1",
        "revenue": 30550000,
        "costOfRevenue": 26108000,
        "grossProfit": 4442000,
        "grossProfitRatio": 0.145400982,
        "researchAndDevelopmentExpenses": 10831000,
        "generalAndAdministrativeExpenses": 9709000,
        "sellingAndMarketingExpenses": 20377000,
        "sellingGeneralAndAdministrativeExpenses": 30086000,
        "otherExpenses": 0,
        "operatingExpenses": 40917000,
        "costAndExpenses": 67025000,
        "interestIncome": 120000,
        "interestExpense": 422000,
        "depreciationAndAmortization": 1531000,
        "ebitda": -35093000,
        "ebitdaratio": -1.1487070376,
        "operatingIncome": -36475000,
        "operatingIncomeRatio": -1.1939443535,
        "totalOtherIncomeExpensesNet": -302000,
        "incomeBeforeTax": -36777000,
        "incomeBeforeTaxRatio": -1.2038297872,
        "incomeTaxExpense": 115000,
        "netIncome": -36892000,
        "netIncomeRatio": -1.207594108,
        "eps": -0.78,
        "epsdiluted": -0.78,
        "weightedAverageShsOut": 3153162,
        "weightedAverageShsOutDil": 3165800,
        "link": "https://www.sec.gov/Archives/edgar/data/1484612/000095017022007473/0000950170-22-007473-index.htm",
        "finalLink": "https://www.sec.gov/Archives/edgar/data/1484612/000095017022007473/om-20220331.htm"
    },
    {
        "date": "2021-12-31",
        "symbol": "OM",
        "reportedCurrency": "USD",
        "cik": "0001484612",
        "fillingDate": "2022-02-23",
        "acceptedDate": "2022-02-23 16:01:39",
        "calendarYear": "2021",
        "period": "Q4",
        "revenue": 28152000,
        "costOfRevenue": 24831000,
        "grossProfit": 3321000,
        "grossProfitRatio": 0.1179667519,
        "researchAndDevelopmentExpenses": 11410000,
        "generalAndAdministrativeExpenses": 9719000,
        "sellingAndMarketingExpenses": 22991000,
        "sellingGeneralAndAdministrativeExpenses": 32710000,
        "otherExpenses": 0,
        "operatingExpenses": 44120000,
        "costAndExpenses": 68951000,
        "interestIncome": 123000,
        "interestExpense": 431000,
        "depreciationAndAmortization": 1559000,
        "ebitda": -39117000,
        "ebitdaratio": -1.3894927536,
        "operatingIncome": -40799000,
        "operatingIncomeRatio": -1.4492398409,
        "totalOtherIncomeExpensesNet": -308000,
        "incomeBeforeTax": -41107000,
        "incomeBeforeTaxRatio": -1.460180449,
        "incomeTaxExpense": 125000,
        "netIncome": -41232000,
        "netIncomeRatio": -1.4646206309,
        "eps": -0.88,
        "epsdiluted": -0.87,
        "weightedAverageShsOut": 3140865,
        "weightedAverageShsOutDil": 3144600,
        "link": "https://www.sec.gov/Archives/edgar/data/1484612/000095017022001769/0000950170-22-001769-index.htm",
        "finalLink": "https://www.sec.gov/Archives/edgar/data/1484612/000095017022001769/om-20211231.htm"
    },
    {
        "date": "2021-09-30",
        "symbol": "OM",
        "reportedCurrency": "USD",
        "cik": "0001484612",
        "fillingDate": "2021-11-04",
        "acceptedDate": "2021-11-03 18:11:13",
        "calendarYear": "2021",
        "period": "Q3",
        "revenue": 26318000,
        "costOfRevenue": 23372000,
        "grossProfit": 2946000,
        "grossProfitRatio": 0.1119385972,
        "researchAndDevelopmentExpenses": 9729000,
        "generalAndAdministrativeExpenses": 7629000,
        "sellingAndMarketingExpenses": 15726000,
        "sellingGeneralAndAdministrativeExpenses": 23355000,
        "otherExpenses": 0,
        "operatingExpenses": 33084000,
        "costAndExpenses": 56456000,
        "interestIncome": 99000,
        "interestExpense": 431000,
        "depreciationAndAmortization": 1571000,
        "ebitda": -28726000,
        "ebitdaratio": -1.0914963143,
        "operatingIncome": -30138000,
        "operatingIncomeRatio": -1.1451478076,
        "totalOtherIncomeExpensesNet": -332000,
        "incomeBeforeTax": -30470000,
        "incomeBeforeTaxRatio": -1.1577627479,
        "incomeTaxExpense": 0,
        "netIncome": -30470000,
        "netIncomeRatio": -1.1577627479,
        "eps": -0.65,
        "epsdiluted": -0.65,
        "weightedAverageShsOut": 3105867,
        "weightedAverageShsOutDil": 3105867,
        "link": "https://www.sec.gov/Archives/edgar/data/1484612/000095017021002879/0000950170-21-002879-index.htm",
        "finalLink": "https://www.sec.gov/Archives/edgar/data/1484612/000095017021002879/om-20210930.htm"
    },
    {
        "date": "2021-06-30",
        "symbol": "OM",
        "reportedCurrency": "USD",
        "cik": "0001484612",
        "fillingDate": "2021-08-06",
        "acceptedDate": "2021-08-05 18:03:32",
        "calendarYear": "2021",
        "period": "Q2",
        "revenue": 25216000,
        "costOfRevenue": 24164000,
        "grossProfit": 1052000,
        "grossProfitRatio": 0.0417195431,
        "researchAndDevelopmentExpenses": 8032000,
        "generalAndAdministrativeExpenses": 9722000,
        "sellingAndMarketingExpenses": 13204000,
        "sellingGeneralAndAdministrativeExpenses": 22926000,
        "otherExpenses": 0,
        "operatingExpenses": 30958000,
        "costAndExpenses": 55122000,
        "interestIncome": 164000,
        "interestExpense": 431000,
        "depreciationAndAmortization": 1559000,
        "ebitda": -28435000,
        "ebitdaratio": -1.1276570431,
        "operatingIncome": -29906000,
        "operatingIncomeRatio": -1.1859930203,
        "totalOtherIncomeExpensesNet": -267000,
        "incomeBeforeTax": -30173000,
        "incomeBeforeTaxRatio": -1.1965815355,
        "incomeTaxExpense": 35000,
        "netIncome": -30208000,
        "netIncomeRatio": -1.1979695431,
        "eps": -0.66,
        "epsdiluted": -0.66,
        "weightedAverageShsOut": 3045333,
        "weightedAverageShsOutDil": 3045333,
        "link": "https://www.sec.gov/Archives/edgar/data/1484612/000156459021041765/0001564590-21-041765-index.htm",
        "finalLink": "https://www.sec.gov/Archives/edgar/data/1484612/000156459021041765/om-10q_20210630.htm"
    },
    {
        "date": "2021-03-31",
        "symbol": "OM",
        "reportedCurrency": "USD",
        "cik": "0001484612",
        "fillingDate": "2021-05-06",
        "acceptedDate": "2021-05-05 18:14:50",
        "calendarYear": "2021",
        "period": "Q1",
        "revenue": 22916000,
        "costOfRevenue": 22627000,
        "grossProfit": 289000,
        "grossProfitRatio": 0.012611276,
        "researchAndDevelopmentExpenses": 7570000,
        "generalAndAdministrativeExpenses": 9246000,
        "sellingAndMarketingExpenses": 13149000,
        "sellingGeneralAndAdministrativeExpenses": 22395000,
        "otherExpenses": 0,
        "operatingExpenses": 29965000,
        "costAndExpenses": 52592000,
        "interestIncome": 112000,
        "interestExpense": 422000,
        "depreciationAndAmortization": 1495000,
        "ebitda": -28318000,
        "ebitdaratio": -1.235730494,
        "operatingIncome": -29676000,
        "operatingIncomeRatio": -1.2949903997,
        "totalOtherIncomeExpensesNet": -310000,
        "incomeBeforeTax": -29986000,
        "incomeBeforeTaxRatio": -1.308518066,
        "incomeTaxExpense": 39000,
        "netIncome": -30025000,
        "netIncomeRatio": -1.3102199337,
        "eps": -0.7,
        "epsdiluted": -0.7,
        "weightedAverageShsOut": 2850667,
        "weightedAverageShsOutDil": 2850667,
        "link": "https://www.sec.gov/Archives/edgar/data/1484612/000156459021024269/0001564590-21-024269-index.htm",
        "finalLink": "https://www.sec.gov/Archives/edgar/data/1484612/000156459021024269/om-10q_20210331.htm"
    },
    {
        "date": "2020-12-31",
        "symbol": "OM",
        "reportedCurrency": "USD",
        "cik": "0001484612",
        "fillingDate": "2021-03-22",
        "acceptedDate": "2021-03-22 16:01:09",
        "calendarYear": "2020",
        "period": "Q4",
        "revenue": 17247000,
        "costOfRevenue": 16830000,
        "grossProfit": 417000,
        "grossProfitRatio": 0.0241781179,
        "researchAndDevelopmentExpenses": 7784000,
        "generalAndAdministrativeExpenses": 9050000,
        "sellingAndMarketingExpenses": 15198000,
        "sellingGeneralAndAdministrativeExpenses": 24248000,
        "otherExpenses": 0,
        "operatingExpenses": 32032000,
        "costAndExpenses": 48862000,
        "interestIncome": 2000,
        "interestExpense": 428000,
        "depreciationAndAmortization": 1930000,
        "ebitda": -29685000,
        "ebitdaratio": -1.7211688989,
        "operatingIncome": -31615000,
        "operatingIncomeRatio": -1.8330724184,
        "totalOtherIncomeExpensesNet": -428000,
        "incomeBeforeTax": -32043000,
        "incomeBeforeTaxRatio": -1.8578883284,
        "incomeTaxExpense": 0,
        "netIncome": -32043000,
        "netIncomeRatio": -1.8578883284,
        "eps": -0.75,
        "epsdiluted": -0.75,
        "weightedAverageShsOut": 2847667,
        "weightedAverageShsOutDil": 2847667,
        "link": "https://www.sec.gov/Archives/edgar/data/1484612/000156459021014563/0001564590-21-014563-index.htm",
        "finalLink": "https://www.sec.gov/Archives/edgar/data/1484612/000156459021014563/om-10k_20201231.htm"
    },
    {
        "date": "2020-09-30",
        "symbol": "OM",
        "reportedCurrency": "USD",
        "cik": "0001484612",
        "fillingDate": "2020-11-12",
        "acceptedDate": "2020-11-12 08:01:20",
        "calendarYear": "2020",
        "period": "Q3",
        "revenue": 13756000,
        "costOfRevenue": 18882000,
        "grossProfit": -5126000,
        "grossProfitRatio": -0.3726373946,
        "researchAndDevelopmentExpenses": 9175000,
        "generalAndAdministrativeExpenses": 13088000,
        "sellingAndMarketingExpenses": 13344000,
        "sellingGeneralAndAdministrativeExpenses": 26432000,
        "otherExpenses": 0,
        "operatingExpenses": 35607000,
        "costAndExpenses": 54489000,
        "interestIncome": 0,
        "interestExpense": 431000,
        "depreciationAndAmortization": 433000,
        "ebitda": -41082000,
        "ebitdaratio": -2.9864786275,
        "operatingIncome": -40733000,
        "operatingIncomeRatio": -2.9611078802,
        "totalOtherIncomeExpensesNet": -1561000,
        "incomeBeforeTax": -42294000,
        "incomeBeforeTaxRatio": -3.0745856354,
        "incomeTaxExpense": 0,
        "netIncome": -42294000,
        "netIncomeRatio": -3.0745856354,
        "eps": -1.03,
        "epsdiluted": -1.03,
        "weightedAverageShsOut": 2743925,
        "weightedAverageShsOutDil": 2743925,
        "link": "https://www.sec.gov/Archives/edgar/data/1484612/000156459020053315/0001564590-20-053315-index.htm",
        "finalLink": "https://www.sec.gov/Archives/edgar/data/1484612/000156459020053315/om-10q_20200930.htm"
    },
    {
        "date": "2020-06-30",
        "symbol": "OM",
        "reportedCurrency": "USD",
        "cik": "0001484612",
        "fillingDate": "2020-06-30",
        "acceptedDate": "2020-06-29 20:00:00",
        "calendarYear": "2020",
        "period": "Q2",
        "revenue": 11742000,
        "costOfRevenue": 16506000,
        "grossProfit": -4764000,
        "grossProfitRatio": -0.4057230455,
        "researchAndDevelopmentExpenses": 6053000,
        "generalAndAdministrativeExpenses": 4848000,
        "sellingAndMarketingExpenses": 9244000,
        "sellingGeneralAndAdministrativeExpenses": 14092000,
        "otherExpenses": 0,
        "operatingExpenses": 20145000,
        "costAndExpenses": 36651000,
        "interestIncome": 67000,
        "interestExpense": 1032000,
        "depreciationAndAmortization": 491000,
        "ebitda": -24982000,
        "ebitdaratio": -2.1275762221,
        "operatingIncome": -24909000,
        "operatingIncomeRatio": -2.1213592233,
        "totalOtherIncomeExpensesNet": -1596000,
        "incomeBeforeTax": -26505000,
        "incomeBeforeTaxRatio": -2.2572815534,
        "incomeTaxExpense": 0,
        "netIncome": -26505000,
        "netIncomeRatio": -2.2572815534,
        "eps": -0.67,
        "epsdiluted": -0.67,
        "weightedAverageShsOut": 2640182,
        "weightedAverageShsOutDil": 2640182,
        "link": "",
        "finalLink": ""
    },
    {
        "date": "2020-03-31",
        "symbol": "OM",
        "reportedCurrency": "USD",
        "cik": "0001484612",
        "fillingDate": "2020-03-31",
        "acceptedDate": "2020-03-31 00:00:00",
        "calendarYear": "2020",
        "period": "Q1",
        "revenue": 7190000,
        "costOfRevenue": 10754000,
        "grossProfit": -3564000,
        "grossProfitRatio": -0.4956884562,
        "researchAndDevelopmentExpenses": 5838000,
        "generalAndAdministrativeExpenses": 3526000,
        "sellingAndMarketingExpenses": 7282000,
        "sellingGeneralAndAdministrativeExpenses": 10808000,
        "otherExpenses": 0,
        "operatingExpenses": 16646000,
        "costAndExpenses": 27400000,
        "interestIncome": 460000,
        "interestExpense": 1001000,
        "depreciationAndAmortization": 305000,
        "ebitda": -19344000,
        "ebitdaratio": -2.690403338,
        "operatingIncome": -20210000,
        "operatingIncomeRatio": -2.8108484006,
        "totalOtherIncomeExpensesNet": -440000,
        "incomeBeforeTax": -20650000,
        "incomeBeforeTaxRatio": -2.8720445063,
        "incomeTaxExpense": 0,
        "netIncome": -20650000,
        "netIncomeRatio": -2.8720445063,
        "eps": -0.69,
        "epsdiluted": -0.69,
        "weightedAverageShsOut": 2005491,
        "weightedAverageShsOutDil": 2005491,
        "link": "",
        "finalLink": ""
    },
    {
        "date": "2019-12-31",
        "symbol": "OM",
        "reportedCurrency": "USD",
        "cik": "0001484612",
        "fillingDate": "2019-12-31",
        "acceptedDate": "2019-12-30 19:00:00",
        "calendarYear": "2019",
        "period": "Q4",
        "revenue": 7085000,
        "costOfRevenue": 9865000,
        "grossProfit": -2780000,
        "grossProfitRatio": -0.3923782639,
        "researchAndDevelopmentExpenses": 6629000,
        "generalAndAdministrativeExpenses": 2278000,
        "sellingAndMarketingExpenses": 6883000,
        "sellingGeneralAndAdministrativeExpenses": 9161000,
        "otherExpenses": 0,
        "operatingExpenses": 15790000,
        "costAndExpenses": 25655000,
        "interestIncome": 374000,
        "interestExpense": 1020000,
        "depreciationAndAmortization": 823000,
        "ebitda": -17940000,
        "ebitdaratio": -2.5321100917,
        "operatingIncome": -18570000,
        "operatingIncomeRatio": -2.6210303458,
        "totalOtherIncomeExpensesNet": -876000,
        "incomeBeforeTax": -19446000,
        "incomeBeforeTaxRatio": -2.7446718419,
        "incomeTaxExpense": 0,
        "netIncome": -19446000,
        "netIncomeRatio": -2.7446718419,
        "eps": -0.65,
        "epsdiluted": -0.65,
        "weightedAverageShsOut": 2005491,
        "weightedAverageShsOutDil": 2005491,
        "link": "",
        "finalLink": ""
    },
    {
        "date": "2019-09-30",
        "symbol": "OM",
        "reportedCurrency": "USD",
        "cik": "0001484612",
        "fillingDate": "2019-09-30",
        "acceptedDate": "2019-09-29 20:00:00",
        "calendarYear": "2019",
        "period": "Q3",
        "revenue": 2630000,
        "costOfRevenue": 7924000,
        "grossProfit": -5294000,
        "grossProfitRatio": -2.0129277567,
        "researchAndDevelopmentExpenses": 5708000,
        "generalAndAdministrativeExpenses": 2439000,
        "sellingAndMarketingExpenses": 5009000,
        "sellingGeneralAndAdministrativeExpenses": 7448000,
        "otherExpenses": 0,
        "operatingExpenses": 13156000,
        "costAndExpenses": 21080000,
        "interestIncome": 569000,
        "interestExpense": 1047000,
        "depreciationAndAmortization": 130000,
        "ebitda": -13868000,
        "ebitdaratio": -5.2730038023,
        "operatingIncome": -18450000,
        "operatingIncomeRatio": -7.0152091255,
        "totalOtherIncomeExpensesNet": 3068000,
        "incomeBeforeTax": -15382000,
        "incomeBeforeTaxRatio": -5.8486692015,
        "incomeTaxExpense": 20000,
        "netIncome": -15402000,
        "netIncomeRatio": -5.8562737643,
        "eps": -0.51,
        "epsdiluted": -0.51,
        "weightedAverageShsOut": 2005491,
        "weightedAverageShsOutDil": 2005491,
        "link": "",
        "finalLink": ""
    },
    {
        "date": "2019-06-30",
        "symbol": "OM",
        "reportedCurrency": "USD",
        "cik": "0001484612",
        "fillingDate": "2019-06-30",
        "acceptedDate": "2019-06-29 20:00:00",
        "calendarYear": "2019",
        "period": "Q2",
        "revenue": 2872000,
        "costOfRevenue": 7342000,
        "grossProfit": -4470000,
        "grossProfitRatio": -1.5564066852,
        "researchAndDevelopmentExpenses": 5583000,
        "generalAndAdministrativeExpenses": 2186000,
        "sellingAndMarketingExpenses": 4510000,
        "sellingGeneralAndAdministrativeExpenses": 6696000,
        "otherExpenses": 0,
        "operatingExpenses": 12229000,
        "costAndExpenses": 19571000,
        "interestIncome": 330000,
        "interestExpense": 0,
        "depreciationAndAmortization": 376000,
        "ebitda": -16373000,
        "ebitdaratio": -5.7009052925,
        "operatingIncome": -16749000,
        "operatingIncomeRatio": -5.8318245125,
        "totalOtherIncomeExpensesNet": -280000,
        "incomeBeforeTax": -17029000,
        "incomeBeforeTaxRatio": -5.9293175487,
        "incomeTaxExpense": 0,
        "netIncome": -25057000,
        "netIncomeRatio": -8.7245821727,
        "eps": -0.83,
        "epsdiluted": -0.83,
        "weightedAverageShsOut": 2005491,
        "weightedAverageShsOutDil": 2005491,
        "link": null,
        "finalLink": null
    },
    {
        "date": "2019-03-31",
        "symbol": "OM",
        "reportedCurrency": "USD",
        "cik": "0001484612",
        "fillingDate": "2019-03-31",
        "acceptedDate": "2019-03-30 20:00:00",
        "calendarYear": "2019",
        "period": "Q1",
        "revenue": 2491000,
        "costOfRevenue": 7749000,
        "grossProfit": -5258000,
        "grossProfitRatio": -2.110798876,
        "researchAndDevelopmentExpenses": 5407000,
        "generalAndAdministrativeExpenses": 2016000,
        "sellingAndMarketingExpenses": 3857000,
        "sellingGeneralAndAdministrativeExpenses": 5873000,
        "otherExpenses": 0,
        "operatingExpenses": 10846000,
        "costAndExpenses": 18595000,
        "interestIncome": 318000,
        "interestExpense": 0,
        "depreciationAndAmortization": 380000,
        "ebitda": -16158000,
        "ebitdaratio": -6.4865515857,
        "operatingIncome": -16538000,
        "operatingIncomeRatio": -6.6391007627,
        "totalOtherIncomeExpensesNet": 116000,
        "incomeBeforeTax": -16422000,
        "incomeBeforeTaxRatio": -6.5925331192,
        "incomeTaxExpense": 0,
        "netIncome": -24292000,
        "netIncomeRatio": -9.7519068647,
        "eps": -0.81,
        "epsdiluted": -0.81,
        "weightedAverageShsOut": 2005491,
        "weightedAverageShsOutDil": 2005491,
        "link": null,
        "finalLink": null
    }
]