[
    {
        "date": "2021-02-28",
        "symbol": "ONE",
        "reportedCurrency": "CNY",
        "cik": "0001722380",
        "fillingDate": "2021-02-28",
        "acceptedDate": "2021-02-27 19:00:00",
        "calendarYear": "2021",
        "period": "Q2",
        "revenue": 931631000,
        "costOfRevenue": 542503000,
        "grossProfit": 389128000,
        "grossProfitRatio": 0.4176846842,
        "researchAndDevelopmentExpenses": 0,
        "generalAndAdministrativeExpenses": 210682000,
        "sellingAndMarketingExpenses": 288828000,
        "sellingGeneralAndAdministrativeExpenses": 499510000,
        "otherExpenses": 0,
        "operatingExpenses": 499510000,
        "costAndExpenses": 1042013000,
        "interestIncome": 1389000,
        "interestExpense": 27442000,
        "depreciationAndAmortization": -41202000,
        "ebitda": -151584000,
        "ebitdaratio": -0.1627081967,
        "operatingIncome": -110382000,
        "operatingIncomeRatio": -0.1184825322,
        "totalOtherIncomeExpensesNet": -49299000,
        "incomeBeforeTax": -159681000,
        "incomeBeforeTaxRatio": -0.171399406,
        "incomeTaxExpense": -7053000,
        "netIncome": -171973000,
        "netIncomeRatio": -0.184593471,
        "eps": -26.61,
        "epsdiluted": -26.61,
        "weightedAverageShsOut": 6461584,
        "weightedAverageShsOutDil": 6461584,
        "link": "",
        "finalLink": ""
    },
    {
        "date": "2020-11-30",
        "symbol": "ONE",
        "reportedCurrency": "CNY",
        "cik": "0001722380",
        "fillingDate": "2020-11-30",
        "acceptedDate": "2020-11-29 19:00:00",
        "calendarYear": "2021",
        "period": "Q1",
        "revenue": 684804000,
        "costOfRevenue": 476451000,
        "grossProfit": 208353000,
        "grossProfitRatio": 0.3042520196,
        "researchAndDevelopmentExpenses": 0,
        "generalAndAdministrativeExpenses": 200942000,
        "sellingAndMarketingExpenses": 170914000,
        "sellingGeneralAndAdministrativeExpenses": 371856000,
        "otherExpenses": 0,
        "operatingExpenses": 371856000,
        "costAndExpenses": 848307000,
        "interestIncome": 2587000,
        "interestExpense": 26101000,
        "depreciationAndAmortization": 17744000,
        "ebitda": -145759000,
        "ebitdaratio": -0.2128477637,
        "operatingIncome": -163503000,
        "operatingIncomeRatio": -0.2387588273,
        "totalOtherIncomeExpensesNet": -10569000,
        "incomeBeforeTax": -174072000,
        "incomeBeforeTaxRatio": -0.2541924405,
        "incomeTaxExpense": -12283000,
        "netIncome": -159577000,
        "netIncomeRatio": -0.2330258001,
        "eps": -24.72,
        "epsdiluted": -24.72,
        "weightedAverageShsOut": 6456597,
        "weightedAverageShsOutDil": 6456597,
        "link": "",
        "finalLink": ""
    },
    {
        "date": "2020-08-31",
        "symbol": "ONE",
        "reportedCurrency": "CNY",
        "cik": "0001722380",
        "fillingDate": "2020-08-31",
        "acceptedDate": "2020-08-30 20:00:00",
        "calendarYear": "2020",
        "period": "Q4",
        "revenue": 1010965000,
        "costOfRevenue": 641168000,
        "grossProfit": 369797000,
        "grossProfitRatio": 0.3657861548,
        "researchAndDevelopmentExpenses": 0,
        "generalAndAdministrativeExpenses": 221288000,
        "sellingAndMarketingExpenses": 264295000,
        "sellingGeneralAndAdministrativeExpenses": 485583000,
        "otherExpenses": 0,
        "operatingExpenses": 485583000,
        "costAndExpenses": 1126751000,
        "interestIncome": 2959000,
        "interestExpense": 30238000,
        "depreciationAndAmortization": -34166000,
        "ebitda": -149952000,
        "ebitdaratio": -0.1483256097,
        "operatingIncome": -115786000,
        "operatingIncomeRatio": -0.1145301766,
        "totalOtherIncomeExpensesNet": -70392000,
        "incomeBeforeTax": -186178000,
        "incomeBeforeTaxRatio": -0.1841586999,
        "incomeTaxExpense": -10722000,
        "netIncome": -169468000,
        "netIncomeRatio": -0.1676299377,
        "eps": -26.3,
        "epsdiluted": -26.3,
        "weightedAverageShsOut": 6442945,
        "weightedAverageShsOutDil": 6442945,
        "link": "",
        "finalLink": ""
    },
    {
        "date": "2020-05-31",
        "symbol": "ONE",
        "reportedCurrency": "CNY",
        "cik": "0001722380",
        "fillingDate": "2020-07-29",
        "acceptedDate": "2020-07-29 08:54:15",
        "calendarYear": "2020",
        "period": "Q3",
        "revenue": 744916000,
        "costOfRevenue": 482640000,
        "grossProfit": 262276000,
        "grossProfitRatio": 0.3520880207,
        "researchAndDevelopmentExpenses": 0,
        "generalAndAdministrativeExpenses": 174741000,
        "sellingAndMarketingExpenses": 164965000,
        "sellingGeneralAndAdministrativeExpenses": 339706000,
        "otherExpenses": 0,
        "operatingExpenses": 339706000,
        "costAndExpenses": 822346000,
        "interestIncome": 1447000,
        "interestExpense": 28548000,
        "depreciationAndAmortization": -350578000,
        "ebitda": -428008000,
        "ebitdaratio": -0.5745721665,
        "operatingIncome": -77430000,
        "operatingIncomeRatio": -0.1039446058,
        "totalOtherIncomeExpensesNet": -372620000,
        "incomeBeforeTax": -450050000,
        "incomeBeforeTaxRatio": -0.60416208,
        "incomeTaxExpense": -2495000,
        "netIncome": -454061000,
        "netIncomeRatio": -0.6095465797,
        "eps": -70.57,
        "epsdiluted": -70.57,
        "weightedAverageShsOut": 6434448,
        "weightedAverageShsOutDil": 6434448,
        "link": "https://www.sec.gov/Archives/edgar/data/1722380/000110465920087619/0001104659-20-087619-index.htm",
        "finalLink": "https://www.sec.gov/Archives/edgar/data/1722380/000110465920087619/a20-25995_16k.htm"
    },
    {
        "date": "2020-02-29",
        "symbol": "ONE",
        "reportedCurrency": "CNY",
        "cik": "0001722380",
        "fillingDate": "2020-05-21",
        "acceptedDate": "2020-05-21 16:16:00",
        "calendarYear": "2020",
        "period": "Q2",
        "revenue": 885800000,
        "costOfRevenue": 529372000,
        "grossProfit": 356428000,
        "grossProfitRatio": 0.4023797697,
        "researchAndDevelopmentExpenses": 0,
        "generalAndAdministrativeExpenses": 214462000,
        "sellingAndMarketingExpenses": 196729000,
        "sellingGeneralAndAdministrativeExpenses": 411191000,
        "otherExpenses": 0,
        "operatingExpenses": 411191000,
        "costAndExpenses": 940563000,
        "interestIncome": 3251000,
        "interestExpense": 19123000,
        "depreciationAndAmortization": 36350000,
        "ebitda": -18413000,
        "ebitdaratio": -0.0207868593,
        "operatingIncome": -54763000,
        "operatingIncomeRatio": -0.0618232107,
        "totalOtherIncomeExpensesNet": 11765000,
        "incomeBeforeTax": -42998000,
        "incomeBeforeTaxRatio": -0.0485414315,
        "incomeTaxExpense": -21169000,
        "netIncome": -16367000,
        "netIncomeRatio": -0.0184770829,
        "eps": -2.52,
        "epsdiluted": -2.52,
        "weightedAverageShsOut": 6492417,
        "weightedAverageShsOutDil": 6492417,
        "link": "https://www.sec.gov/Archives/edgar/data/1722380/000110465920064764/0001104659-20-064764-index.htm",
        "finalLink": "https://www.sec.gov/Archives/edgar/data/1722380/000110465920064764/a20-20186_16k.htm"
    },
    {
        "date": "2019-11-30",
        "symbol": "ONE",
        "reportedCurrency": "CNY",
        "cik": "0001722380",
        "fillingDate": "2019-12-16",
        "acceptedDate": "2019-12-16 16:17:19",
        "calendarYear": "2020",
        "period": "Q1",
        "revenue": 797200000,
        "costOfRevenue": 516559000,
        "grossProfit": 280641000,
        "grossProfitRatio": 0.3520333668,
        "researchAndDevelopmentExpenses": 0,
        "generalAndAdministrativeExpenses": 200445000,
        "sellingAndMarketingExpenses": 194894000,
        "sellingGeneralAndAdministrativeExpenses": 395339000,
        "otherExpenses": 0,
        "operatingExpenses": 395339000,
        "costAndExpenses": 911898000,
        "interestIncome": 29736000,
        "interestExpense": 25691000,
        "depreciationAndAmortization": 47057000,
        "ebitda": -67641000,
        "ebitdaratio": -0.0848482188,
        "operatingIncome": -114698000,
        "operatingIncomeRatio": -0.1438760662,
        "totalOtherIncomeExpensesNet": 5474000,
        "incomeBeforeTax": -109224000,
        "incomeBeforeTaxRatio": -0.1370095334,
        "incomeTaxExpense": -3399000,
        "netIncome": -89933000,
        "netIncomeRatio": -0.1128110888,
        "eps": -13.9,
        "epsdiluted": -13.9,
        "weightedAverageShsOut": 6472121,
        "weightedAverageShsOutDil": 6472121,
        "link": "https://www.sec.gov/Archives/edgar/data/1722380/000110465919073031/0001104659-19-073031-index.html",
        "finalLink": "https://www.sec.gov/Archives/edgar/data/1722380/000110465919073031/a19-23416_120f.htm"
    },
    {
        "date": "2019-08-31",
        "symbol": "ONE",
        "reportedCurrency": "CNY",
        "cik": "0001722380",
        "fillingDate": "2019-11-14",
        "acceptedDate": "2019-11-14 06:18:01",
        "calendarYear": "2019",
        "period": "Q4",
        "revenue": 1311125000,
        "costOfRevenue": 667133000,
        "grossProfit": 643992000,
        "grossProfitRatio": 0.4911751359,
        "researchAndDevelopmentExpenses": 0,
        "generalAndAdministrativeExpenses": 307718000,
        "sellingAndMarketingExpenses": 259915000,
        "sellingGeneralAndAdministrativeExpenses": 567633000,
        "otherExpenses": 0,
        "operatingExpenses": 567633000,
        "costAndExpenses": 1234766000,
        "interestIncome": 64445000,
        "interestExpense": 20596000,
        "depreciationAndAmortization": 175882000,
        "ebitda": 327849000,
        "ebitdaratio": 0.2500516732,
        "operatingIncome": 76359000,
        "operatingIncomeRatio": 0.0582392983,
        "totalOtherIncomeExpensesNet": 46369000,
        "incomeBeforeTax": 122728000,
        "incomeBeforeTaxRatio": 0.0936051101,
        "incomeTaxExpense": 44117000,
        "netIncome": 87254000,
        "netIncomeRatio": 0.066548956,
        "eps": 13.58,
        "epsdiluted": 13.58,
        "weightedAverageShsOut": 6427103,
        "weightedAverageShsOutDil": 6427103,
        "link": "https://www.sec.gov/Archives/edgar/data/1722380/000110465919063669/0001104659-19-063669-index.html",
        "finalLink": "https://www.sec.gov/Archives/edgar/data/1722380/000110465919063669/a19-22735_16k.htm"
    },
    {
        "date": "2019-05-31",
        "symbol": "ONE",
        "reportedCurrency": "CNY",
        "cik": "0001722380",
        "fillingDate": "2019-06-03",
        "acceptedDate": "2019-06-03 06:11:47",
        "calendarYear": "2019",
        "period": "Q3",
        "revenue": 1093271000,
        "costOfRevenue": 542387000,
        "grossProfit": 550884000,
        "grossProfitRatio": 0.5038860447,
        "researchAndDevelopmentExpenses": 0,
        "generalAndAdministrativeExpenses": 228996000,
        "sellingAndMarketingExpenses": 198855000,
        "sellingGeneralAndAdministrativeExpenses": 427851000,
        "otherExpenses": 0,
        "operatingExpenses": 427851000,
        "costAndExpenses": 970238000,
        "interestIncome": 4351000,
        "interestExpense": 22173000,
        "depreciationAndAmortization": 55758000,
        "ebitda": 178791000,
        "ebitdaratio": 0.1635376773,
        "operatingIncome": 123033000,
        "operatingIncomeRatio": 0.1125365989,
        "totalOtherIncomeExpensesNet": 26472000,
        "incomeBeforeTax": 149505000,
        "incomeBeforeTaxRatio": 0.1367501745,
        "incomeTaxExpense": 47121000,
        "netIncome": 109497000,
        "netIncomeRatio": 0.1001554052,
        "eps": 17.05,
        "epsdiluted": 17.05,
        "weightedAverageShsOut": 6421422,
        "weightedAverageShsOutDil": 6421422,
        "link": "https://www.sec.gov/Archives/edgar/data/1722380/000110465919033287/0001104659-19-033287-index.html",
        "finalLink": "https://www.sec.gov/Archives/edgar/data/1722380/000110465919033287/a19-10922_16k.htm"
    },
    {
        "date": "2019-02-28",
        "symbol": "ONE",
        "reportedCurrency": "CNY",
        "cik": "0001722380",
        "fillingDate": "2019-04-30",
        "acceptedDate": "2019-04-30 08:03:16",
        "calendarYear": "2019",
        "period": "Q2",
        "revenue": 942500000,
        "costOfRevenue": 475962000,
        "grossProfit": 466538000,
        "grossProfitRatio": 0.4950005305,
        "researchAndDevelopmentExpenses": 0,
        "generalAndAdministrativeExpenses": 184872000,
        "sellingAndMarketingExpenses": 191450000,
        "sellingGeneralAndAdministrativeExpenses": 376322000,
        "otherExpenses": 0,
        "operatingExpenses": 376322000,
        "costAndExpenses": 852284000,
        "interestIncome": 4708000,
        "interestExpense": 10344000,
        "depreciationAndAmortization": 12871000,
        "ebitda": 103087000,
        "ebitdaratio": 0.1093761273,
        "operatingIncome": 90216000,
        "operatingIncomeRatio": 0.0957198939,
        "totalOtherIncomeExpensesNet": -3619000,
        "incomeBeforeTax": 86597000,
        "incomeBeforeTaxRatio": 0.0918801061,
        "incomeTaxExpense": 27819000,
        "netIncome": 64924000,
        "netIncomeRatio": 0.0688848806,
        "eps": 10.05,
        "epsdiluted": 10.05,
        "weightedAverageShsOut": 6461522,
        "weightedAverageShsOutDil": 6461522,
        "link": "https://www.sec.gov/Archives/edgar/data/1722380/000110465919024876/0001104659-19-024876-index.html",
        "finalLink": "https://www.sec.gov/Archives/edgar/data/1722380/000110465919024876/a19-9044_16k.htm"
    },
    {
        "date": "2018-11-30",
        "symbol": "ONE",
        "reportedCurrency": "CNY",
        "cik": "0001722380",
        "fillingDate": "2018-12-27",
        "acceptedDate": "2018-12-27 08:39:06",
        "calendarYear": "2019",
        "period": "Q1",
        "revenue": 646977000,
        "costOfRevenue": 386585000,
        "grossProfit": 260392000,
        "grossProfitRatio": 0.4024748948,
        "researchAndDevelopmentExpenses": 0,
        "generalAndAdministrativeExpenses": 155023000,
        "sellingAndMarketingExpenses": 166438000,
        "sellingGeneralAndAdministrativeExpenses": 321461000,
        "otherExpenses": 0,
        "operatingExpenses": 321461000,
        "costAndExpenses": 708046000,
        "interestIncome": 7703000,
        "interestExpense": 7524000,
        "depreciationAndAmortization": 54770000,
        "ebitda": -6299000,
        "ebitdaratio": -0.0097360493,
        "operatingIncome": -61069000,
        "operatingIncomeRatio": -0.0943912998,
        "totalOtherIncomeExpensesNet": 18308000,
        "incomeBeforeTax": -42761000,
        "incomeBeforeTaxRatio": -0.0660935396,
        "incomeTaxExpense": 2484000,
        "netIncome": -16307000,
        "netIncomeRatio": -0.0252049145,
        "eps": -2.5,
        "epsdiluted": -2.5,
        "weightedAverageShsOut": 6517207,
        "weightedAverageShsOutDil": 6517207,
        "link": "https://www.sec.gov/Archives/edgar/data/1722380/000110465918074785/0001104659-18-074785-index.html",
        "finalLink": "https://www.sec.gov/Archives/edgar/data/1722380/000110465918074785/a18-40039_120f.htm"
    },
    {
        "date": "2018-08-31",
        "symbol": "ONE",
        "reportedCurrency": "CNY",
        "cik": "0001722380",
        "fillingDate": "2018-08-31",
        "acceptedDate": "2018-08-30 20:00:00",
        "calendarYear": "2018",
        "period": "Q4",
        "revenue": 933559000,
        "costOfRevenue": 461283000,
        "grossProfit": 472276000,
        "grossProfitRatio": 0.5058876836,
        "researchAndDevelopmentExpenses": 0,
        "generalAndAdministrativeExpenses": 167482000,
        "sellingAndMarketingExpenses": 193788000,
        "sellingGeneralAndAdministrativeExpenses": 361270000,
        "otherExpenses": 0,
        "operatingExpenses": 361270000,
        "costAndExpenses": 822553000,
        "interestIncome": 2245000,
        "interestExpense": 5051000,
        "depreciationAndAmortization": 99414000,
        "ebitda": 230935000,
        "ebitdaratio": 0.2473705465,
        "operatingIncome": 111006000,
        "operatingIncomeRatio": 0.1189062502,
        "totalOtherIncomeExpensesNet": 9944000,
        "incomeBeforeTax": 120950000,
        "incomeBeforeTaxRatio": 0.1295579605,
        "incomeTaxExpense": 43873000,
        "netIncome": 82597000,
        "netIncomeRatio": 0.0884753936,
        "eps": 12.67,
        "epsdiluted": 12.67,
        "weightedAverageShsOut": 6517207,
        "weightedAverageShsOutDil": 6517207,
        "link": "",
        "finalLink": ""
    },
    {
        "date": "2018-05-31",
        "symbol": "ONE",
        "reportedCurrency": "CNY",
        "cik": "0001722380",
        "fillingDate": "2018-05-31",
        "acceptedDate": "2018-05-30 20:00:00",
        "calendarYear": "2018",
        "period": "Q3",
        "revenue": 824488000,
        "costOfRevenue": 368136000,
        "grossProfit": 456352000,
        "grossProfitRatio": 0.5534974433,
        "researchAndDevelopmentExpenses": 0,
        "generalAndAdministrativeExpenses": 238807000,
        "sellingAndMarketingExpenses": 160847000,
        "sellingGeneralAndAdministrativeExpenses": 399654000,
        "otherExpenses": 0,
        "operatingExpenses": 399654000,
        "costAndExpenses": 767790000,
        "interestIncome": 5406000,
        "interestExpense": 8918000,
        "depreciationAndAmortization": 42612000,
        "ebitda": 99310000,
        "ebitdaratio": 0.1204505099,
        "operatingIncome": 56698000,
        "operatingIncomeRatio": 0.068767526,
        "totalOtherIncomeExpensesNet": 26859000,
        "incomeBeforeTax": 83557000,
        "incomeBeforeTaxRatio": 0.1013441069,
        "incomeTaxExpense": 32016000,
        "netIncome": 58376000,
        "netIncomeRatio": 0.0708027285,
        "eps": 8.96,
        "epsdiluted": 8.96,
        "weightedAverageShsOut": 6517207,
        "weightedAverageShsOutDil": 6517207,
        "link": "",
        "finalLink": ""
    },
    {
        "date": "2018-02-28",
        "symbol": "ONE",
        "reportedCurrency": "CNY",
        "cik": "0001722380",
        "fillingDate": "2018-02-28",
        "acceptedDate": "2018-02-27 19:00:00",
        "calendarYear": "2018",
        "period": "Q2",
        "revenue": 663459000,
        "costOfRevenue": 331069000,
        "grossProfit": 332390000,
        "grossProfitRatio": 0.50099554,
        "researchAndDevelopmentExpenses": 0,
        "generalAndAdministrativeExpenses": 124760000,
        "sellingAndMarketingExpenses": 129557000,
        "sellingGeneralAndAdministrativeExpenses": 254317000,
        "otherExpenses": 0,
        "operatingExpenses": 254317000,
        "costAndExpenses": 585386000,
        "interestIncome": 9795000,
        "interestExpense": 4572000,
        "depreciationAndAmortization": 26873000,
        "ebitda": 104946000,
        "ebitdaratio": 0.1581800835,
        "operatingIncome": 78073000,
        "operatingIncomeRatio": 0.1176756966,
        "totalOtherIncomeExpensesNet": 6673000,
        "incomeBeforeTax": 84746000,
        "incomeBeforeTaxRatio": 0.1277335902,
        "incomeTaxExpense": 22994000,
        "netIncome": 77380000,
        "netIncomeRatio": 0.1166311709,
        "eps": 11.87,
        "epsdiluted": 11.87,
        "weightedAverageShsOut": 6517207,
        "weightedAverageShsOutDil": 6517207,
        "link": "",
        "finalLink": ""
    },
    {
        "date": "2017-11-30",
        "symbol": "ONE",
        "reportedCurrency": "CNY",
        "cik": "0001722380",
        "fillingDate": "2017-11-30",
        "acceptedDate": "2017-11-29 19:00:00",
        "calendarYear": "2018",
        "period": "Q1",
        "revenue": 441186000,
        "costOfRevenue": 252602000,
        "grossProfit": 188584000,
        "grossProfitRatio": 0.4274478338,
        "researchAndDevelopmentExpenses": 0,
        "generalAndAdministrativeExpenses": 98547000,
        "sellingAndMarketingExpenses": 106397000,
        "sellingGeneralAndAdministrativeExpenses": 204944000,
        "otherExpenses": 0,
        "operatingExpenses": 204944000,
        "costAndExpenses": 457546000,
        "interestIncome": 6378000,
        "interestExpense": 119000,
        "depreciationAndAmortization": 19894000,
        "ebitda": 57192000,
        "ebitdaratio": 0.1296323999,
        "operatingIncome": -16360000,
        "operatingIncomeRatio": -0.0370818657,
        "totalOtherIncomeExpensesNet": 45412000,
        "incomeBeforeTax": 29052000,
        "incomeBeforeTaxRatio": 0.0658497776,
        "incomeTaxExpense": 9596000,
        "netIncome": 27583000,
        "netIncomeRatio": 0.0625201162,
        "eps": 4.69,
        "epsdiluted": 4.69,
        "weightedAverageShsOut": 5883000,
        "weightedAverageShsOutDil": 5883000,
        "link": "",
        "finalLink": ""
    },
    {
        "date": "2017-08-31",
        "symbol": "ONE",
        "reportedCurrency": "CNY",
        "cik": "0001722380",
        "fillingDate": "2017-08-31",
        "acceptedDate": "2017-08-30 20:00:00",
        "calendarYear": "2017",
        "period": "Q4",
        "revenue": 636897000,
        "costOfRevenue": 313629000,
        "grossProfit": 323268000,
        "grossProfitRatio": 0.5075671576,
        "researchAndDevelopmentExpenses": 0,
        "generalAndAdministrativeExpenses": 110198000,
        "sellingAndMarketingExpenses": 104335000,
        "sellingGeneralAndAdministrativeExpenses": 214533000,
        "otherExpenses": 0,
        "operatingExpenses": 214533000,
        "costAndExpenses": 528162000,
        "interestIncome": 1796000,
        "interestExpense": 106000,
        "depreciationAndAmortization": 16618000,
        "ebitda": 125353000,
        "ebitdaratio": 0.1968183238,
        "operatingIncome": 108735000,
        "operatingIncomeRatio": 0.1707261928,
        "totalOtherIncomeExpensesNet": 10151000,
        "incomeBeforeTax": 118886000,
        "incomeBeforeTaxRatio": 0.1866644057,
        "incomeTaxExpense": 29574000,
        "netIncome": 95673000,
        "netIncomeRatio": 0.1502173821,
        "eps": 16.26,
        "epsdiluted": 16.26,
        "weightedAverageShsOut": 5883000,
        "weightedAverageShsOutDil": 5883000,
        "link": "",
        "finalLink": ""
    },
    {
        "date": "2017-05-31",
        "symbol": "ONE",
        "reportedCurrency": "CNY",
        "cik": "0001722380",
        "fillingDate": "2017-05-31",
        "acceptedDate": "2017-05-30 20:00:00",
        "calendarYear": "2017",
        "period": "Q3",
        "revenue": 599194000,
        "costOfRevenue": 265423000,
        "grossProfit": 333771000,
        "grossProfitRatio": 0.5570332814,
        "researchAndDevelopmentExpenses": 0,
        "generalAndAdministrativeExpenses": 102913000,
        "sellingAndMarketingExpenses": 81953000,
        "sellingGeneralAndAdministrativeExpenses": 184866000,
        "otherExpenses": 0,
        "operatingExpenses": 184866000,
        "costAndExpenses": 450289000,
        "interestIncome": 1206000,
        "interestExpense": 64000,
        "depreciationAndAmortization": 4711000,
        "ebitda": 153616000,
        "ebitdaratio": 0.2563710585,
        "operatingIncome": 148905000,
        "operatingIncomeRatio": 0.2485088302,
        "totalOtherIncomeExpensesNet": 5829000,
        "incomeBeforeTax": 154734000,
        "incomeBeforeTaxRatio": 0.2582368982,
        "incomeTaxExpense": 31591000,
        "netIncome": 121961000,
        "netIncomeRatio": 0.2035417578,
        "eps": 20.73,
        "epsdiluted": 20.73,
        "weightedAverageShsOut": 5883000,
        "weightedAverageShsOutDil": 5883000,
        "link": "",
        "finalLink": ""
    },
    {
        "date": "2017-02-28",
        "symbol": "ONE",
        "reportedCurrency": "CNY",
        "cik": "0001722380",
        "fillingDate": "2017-02-28",
        "acceptedDate": "2017-02-27 19:00:00",
        "calendarYear": "2017",
        "period": "Q2",
        "revenue": 494567000,
        "costOfRevenue": 242707000,
        "grossProfit": 251860000,
        "grossProfitRatio": 0.5092535491,
        "researchAndDevelopmentExpenses": 0,
        "generalAndAdministrativeExpenses": 96402000,
        "sellingAndMarketingExpenses": 113396000,
        "sellingGeneralAndAdministrativeExpenses": 209798000,
        "otherExpenses": 0,
        "operatingExpenses": 209798000,
        "costAndExpenses": 452505000,
        "interestIncome": 7109000,
        "interestExpense": 22000,
        "depreciationAndAmortization": 13476000,
        "ebitda": 55538000,
        "ebitdaratio": 0.1122962106,
        "operatingIncome": 42062000,
        "operatingIncomeRatio": 0.085048133,
        "totalOtherIncomeExpensesNet": 8856000,
        "incomeBeforeTax": 50918000,
        "incomeBeforeTaxRatio": 0.1029547058,
        "incomeTaxExpense": 18197000,
        "netIncome": 37319000,
        "netIncomeRatio": 0.0754579258,
        "eps": 6.34,
        "epsdiluted": 6.34,
        "weightedAverageShsOut": 5883000,
        "weightedAverageShsOutDil": 5883000,
        "link": "",
        "finalLink": ""
    },
    {
        "date": "2016-11-30",
        "symbol": "ONE",
        "reportedCurrency": "CNY",
        "cik": "0001722380",
        "fillingDate": "2016-11-30",
        "acceptedDate": "2016-11-29 19:00:00",
        "calendarYear": "2017",
        "period": "Q1",
        "revenue": 326899000,
        "costOfRevenue": 180507000,
        "grossProfit": 146392000,
        "grossProfitRatio": 0.4478202748,
        "researchAndDevelopmentExpenses": 0,
        "generalAndAdministrativeExpenses": 71819000,
        "sellingAndMarketingExpenses": 69537000,
        "sellingGeneralAndAdministrativeExpenses": 141356000,
        "otherExpenses": 0,
        "operatingExpenses": 141356000,
        "costAndExpenses": 321863000,
        "interestIncome": 3373000,
        "interestExpense": 0,
        "depreciationAndAmortization": 12696000,
        "ebitda": 29224000,
        "ebitdaratio": 0.0893976427,
        "operatingIncome": 5036000,
        "operatingIncomeRatio": 0.0154053699,
        "totalOtherIncomeExpensesNet": 7686000,
        "incomeBeforeTax": 12722000,
        "incomeBeforeTaxRatio": 0.0389172191,
        "incomeTaxExpense": 12654000,
        "netIncome": 3874000,
        "netIncomeRatio": 0.0118507551,
        "eps": 0.66,
        "epsdiluted": 0.66,
        "weightedAverageShsOut": 5883000,
        "weightedAverageShsOutDil": 5883000,
        "link": "",
        "finalLink": ""
    }
]