[
    {
        "date": "2025-09-30",
        "symbol": "PAC",
        "reportedCurrency": "MXN",
        "cik": "0001347557",
        "fillingDate": "2025-10-24",
        "acceptedDate": "2025-10-23 20:00:00",
        "calendarYear": "2025",
        "period": "Q3",
        "revenue": 9576583000,
        "costOfRevenue": 1671006000,
        "grossProfit": 7905577000,
        "grossProfitRatio": 0.8255112497,
        "researchAndDevelopmentExpenses": 0,
        "generalAndAdministrativeExpenses": 307625000,
        "sellingAndMarketingExpenses": 0,
        "sellingGeneralAndAdministrativeExpenses": 307625000,
        "otherExpenses": 1552446000,
        "operatingExpenses": 1850071000,
        "costAndExpenses": 3521077000,
        "interestIncome": 0,
        "interestExpense": 661828000,
        "depreciationAndAmortization": 935683000,
        "ebitda": 8392033000,
        "ebitdaratio": 0.8763076559,
        "operatingIncome": 4149966000,
        "operatingIncomeRatio": 0.4333451712,
        "totalOtherIncomeExpensesNet": -661828000,
        "incomeBeforeTax": 3488138000,
        "incomeBeforeTaxRatio": 0.364236179,
        "incomeTaxExpense": 792158000,
        "netIncome": 2792955000,
        "netIncomeRatio": 0.2916442117,
        "eps": 0,
        "epsdiluted": 0,
        "weightedAverageShsOut": 50527746,
        "weightedAverageShsOutDil": 50527746,
        "link": "https://www.sec.gov/edgar/search/#/entityName=PAC",
        "finalLink": "https://www.sec.gov/edgar/browse/?CIK=0001347557"
    },
    {
        "date": "2025-06-30",
        "symbol": "PAC",
        "reportedCurrency": "MXN",
        "cik": "0001347557",
        "fillingDate": "2025-07-22",
        "acceptedDate": "2025-07-22 06:34:15",
        "calendarYear": "2025",
        "period": "Q2",
        "revenue": 10881996000,
        "costOfRevenue": 5123490000,
        "grossProfit": 5758506000,
        "grossProfitRatio": 0.5291773678,
        "researchAndDevelopmentExpenses": 0,
        "generalAndAdministrativeExpenses": 6314103000,
        "sellingAndMarketingExpenses": 0,
        "sellingGeneralAndAdministrativeExpenses": 6314103000,
        "otherExpenses": -5133951000,
        "operatingExpenses": 1180152000,
        "costAndExpenses": 6303642000,
        "interestIncome": 212633368,
        "interestExpense": 881059258,
        "depreciationAndAmortization": 924959000,
        "ebitda": 5503313000,
        "ebitdaratio": 0.5057264311,
        "operatingIncome": 4578354000,
        "operatingIncomeRatio": 0.4207274107,
        "totalOtherIncomeExpensesNet": -733545000,
        "incomeBeforeTax": 3844809000,
        "incomeBeforeTaxRatio": 0.3533183618,
        "incomeTaxExpense": 1189674000,
        "netIncome": 2655135000,
        "netIncomeRatio": 0.2439933814,
        "eps": 52.6,
        "epsdiluted": 52.6,
        "weightedAverageShsOut": 50527700,
        "weightedAverageShsOutDil": 50527700,
        "link": "https://www.sec.gov/Archives/edgar/data/1347557/000117184325004593/0001171843-25-004593-index.htm",
        "finalLink": "https://www.sec.gov/Archives/edgar/data/1347557/000117184325004593/f6k_072225.htm"
    },
    {
        "date": "2025-03-31",
        "symbol": "PAC",
        "reportedCurrency": "MXN",
        "cik": "0001347557",
        "fillingDate": "2025-03-31",
        "acceptedDate": "2025-03-31 00:00:00",
        "calendarYear": "2025",
        "period": "Q1",
        "revenue": 11055183000,
        "costOfRevenue": 5079605000,
        "grossProfit": 5975578000,
        "grossProfitRatio": 0.5405227575,
        "researchAndDevelopmentExpenses": 0,
        "generalAndAdministrativeExpenses": 6384655000,
        "sellingAndMarketingExpenses": 0,
        "sellingGeneralAndAdministrativeExpenses": 6384655000,
        "otherExpenses": -5105288000,
        "operatingExpenses": 1279367000,
        "costAndExpenses": 6358972000,
        "interestIncome": 332443513,
        "interestExpense": 1136808471,
        "depreciationAndAmortization": 932575000,
        "ebitda": 5603103000,
        "ebitdaratio": 0.5068304161,
        "operatingIncome": 4696211000,
        "operatingIncomeRatio": 0.4247972195,
        "totalOtherIncomeExpensesNet": -929490000,
        "incomeBeforeTax": 3766721000,
        "incomeBeforeTaxRatio": 0.3407199139,
        "incomeTaxExpense": 908605000,
        "netIncome": 2858116000,
        "netIncomeRatio": 0.2585317674,
        "eps": 56.6,
        "epsdiluted": 56.6,
        "weightedAverageShsOut": 50527700,
        "weightedAverageShsOutDil": 50527700,
        "link": null,
        "finalLink": null
    },
    {
        "date": "2024-12-31",
        "symbol": "PAC",
        "reportedCurrency": "MXN",
        "cik": "0001347557",
        "fillingDate": "2025-02-25",
        "acceptedDate": "2025-02-25 06:05:06",
        "calendarYear": "2024",
        "period": "Q4",
        "revenue": 2795175000,
        "costOfRevenue": -4065069000,
        "grossProfit": 6860246000,
        "grossProfitRatio": 2.4543171716,
        "researchAndDevelopmentExpenses": 0,
        "generalAndAdministrativeExpenses": 12792017000,
        "sellingAndMarketingExpenses": -24768000,
        "sellingGeneralAndAdministrativeExpenses": 12767249000,
        "otherExpenses": -9743883000,
        "operatingExpenses": 3023366000,
        "costAndExpenses": -1041703000,
        "interestIncome": 411434241,
        "interestExpense": 1140512124,
        "depreciationAndAmortization": 923444000,
        "ebitda": 4660050000,
        "ebitdaratio": 1.6671764737,
        "operatingIncome": 3833530000,
        "operatingIncomeRatio": 1.3714812132,
        "totalOtherIncomeExpensesNet": -618028000,
        "incomeBeforeTax": 3215502000,
        "incomeBeforeTaxRatio": 1.1503759156,
        "incomeTaxExpense": 1046325000,
        "netIncome": 2076484000,
        "netIncomeRatio": 0.7428815727,
        "eps": 41.1,
        "epsdiluted": 41.1,
        "weightedAverageShsOut": 50527700,
        "weightedAverageShsOutDil": 50527700,
        "link": "https://www.sec.gov/Archives/edgar/data/1347557/000117184325001044/0001171843-25-001044-index.htm",
        "finalLink": "https://www.sec.gov/Archives/edgar/data/1347557/000117184325001044/0001171843-25-001044.txt"
    },
    {
        "date": "2024-09-30",
        "symbol": "PAC",
        "reportedCurrency": "MXN",
        "cik": "0001347557",
        "fillingDate": "2024-10-22",
        "acceptedDate": "2024-10-22 06:26:46",
        "calendarYear": "2024",
        "period": "Q3",
        "revenue": 8232667000,
        "costOfRevenue": 3723687000,
        "grossProfit": 4508980000,
        "grossProfitRatio": 0.5476937182,
        "researchAndDevelopmentExpenses": 0,
        "generalAndAdministrativeExpenses": 4522414000,
        "sellingAndMarketingExpenses": 0,
        "sellingGeneralAndAdministrativeExpenses": 4522414000,
        "otherExpenses": -3733770000,
        "operatingExpenses": 788644000,
        "costAndExpenses": 4512331000,
        "interestIncome": 343839161,
        "interestExpense": 1118016003,
        "depreciationAndAmortization": 787295000,
        "ebitda": 4507631000,
        "ebitdaratio": 0.5475298588,
        "operatingIncome": 3720336000,
        "operatingIncomeRatio": 0.4518992448,
        "totalOtherIncomeExpensesNet": -1059983000,
        "incomeBeforeTax": 2660353000,
        "incomeBeforeTaxRatio": 0.3231459502,
        "incomeTaxExpense": 677524000,
        "netIncome": 1982829000,
        "netIncomeRatio": 0.2408489254,
        "eps": 39.2,
        "epsdiluted": 39.2,
        "weightedAverageShsOut": 50527746,
        "weightedAverageShsOutDil": 50527746,
        "link": "https://www.sec.gov/Archives/edgar/data/1347557/000117184324005730/0001171843-24-005730-index.htm",
        "finalLink": "https://www.sec.gov/Archives/edgar/data/1347557/000117184324005730/0001171843-24-005730.txt"
    },
    {
        "date": "2024-06-30",
        "symbol": "PAC",
        "reportedCurrency": "MXN",
        "cik": "0001347557",
        "fillingDate": "2024-06-30",
        "acceptedDate": "2024-06-29 20:00:00",
        "calendarYear": "2024",
        "period": "Q2",
        "revenue": 7259022000,
        "costOfRevenue": 2876520000,
        "grossProfit": 4382502000,
        "grossProfitRatio": 0.6037317424,
        "researchAndDevelopmentExpenses": 0,
        "generalAndAdministrativeExpenses": 3757289000,
        "sellingAndMarketingExpenses": 0,
        "sellingGeneralAndAdministrativeExpenses": 3757289000,
        "otherExpenses": -2885562000,
        "operatingExpenses": 871727000,
        "costAndExpenses": 3748247000,
        "interestIncome": 311189522,
        "interestExpense": 1100587021,
        "depreciationAndAmortization": 687351000,
        "ebitda": 4198126000,
        "ebitdaratio": 0.5783321775,
        "operatingIncome": 3510775000,
        "operatingIncomeRatio": 0.4836429756,
        "totalOtherIncomeExpensesNet": -663157000,
        "incomeBeforeTax": 2847618000,
        "incomeBeforeTaxRatio": 0.3922867295,
        "incomeTaxExpense": 594903000,
        "netIncome": 2252715000,
        "netIncomeRatio": 0.3103331275,
        "eps": 44.6,
        "epsdiluted": 44.6,
        "weightedAverageShsOut": 50527746,
        "weightedAverageShsOutDil": 50527746,
        "link": "",
        "finalLink": ""
    },
    {
        "date": "2024-03-31",
        "symbol": "PAC",
        "reportedCurrency": "MXN",
        "cik": "0001347557",
        "fillingDate": "2024-03-31",
        "acceptedDate": "2024-03-30 20:00:00",
        "calendarYear": "2024",
        "period": "Q1",
        "revenue": 8494968000,
        "costOfRevenue": 3573336000,
        "grossProfit": 4921632000,
        "grossProfitRatio": 0.5793585096,
        "researchAndDevelopmentExpenses": 0,
        "generalAndAdministrativeExpenses": 4512314000,
        "sellingAndMarketingExpenses": 0,
        "sellingGeneralAndAdministrativeExpenses": 4512314000,
        "otherExpenses": -3573336000,
        "operatingExpenses": 938978000,
        "costAndExpenses": 4512314000,
        "interestIncome": 262304801,
        "interestExpense": 871048765,
        "depreciationAndAmortization": 662948000,
        "ebitda": 4645602000,
        "ebitdaratio": 0.5468651559,
        "operatingIncome": 3986004000,
        "operatingIncomeRatio": 0.469219425,
        "totalOtherIncomeExpensesNet": -593734000,
        "incomeBeforeTax": 3392270000,
        "incomeBeforeTaxRatio": 0.3993269898,
        "incomeTaxExpense": 921550000,
        "netIncome": 2470720000,
        "netIncomeRatio": 0.2908451215,
        "eps": 42.8,
        "epsdiluted": 42.8,
        "weightedAverageShsOut": 57685321,
        "weightedAverageShsOutDil": 57685321,
        "link": "",
        "finalLink": ""
    },
    {
        "date": "2023-12-31",
        "symbol": "PAC",
        "reportedCurrency": "MXN",
        "cik": "0001347557",
        "fillingDate": "2024-04-29",
        "acceptedDate": "2024-04-29 17:31:26",
        "calendarYear": "2023",
        "period": "Q4",
        "revenue": 9131628000,
        "costOfRevenue": 2740953000,
        "grossProfit": 6390675000,
        "grossProfitRatio": 0.6998396124,
        "researchAndDevelopmentExpenses": 0,
        "generalAndAdministrativeExpenses": 12400883000,
        "sellingAndMarketingExpenses": -29395000,
        "sellingGeneralAndAdministrativeExpenses": 12371488000,
        "otherExpenses": -9430588000,
        "operatingExpenses": 2940900000,
        "costAndExpenses": 5676709000,
        "interestIncome": 296948924,
        "interestExpense": 785678411,
        "depreciationAndAmortization": 686722000,
        "ebitda": 5133414000,
        "ebitdaratio": 0.5621575912,
        "operatingIncome": 3454919000,
        "operatingIncomeRatio": 0.378346446,
        "totalOtherIncomeExpensesNet": -650400000,
        "incomeBeforeTax": 2804519000,
        "incomeBeforeTaxRatio": 0.3071214684,
        "incomeTaxExpense": 547436000,
        "netIncome": 2110395000,
        "netIncomeRatio": 0.2311082974,
        "eps": 41.8,
        "epsdiluted": 44,
        "weightedAverageShsOut": 50527746,
        "weightedAverageShsOutDil": 50527746,
        "link": "https://www.sec.gov/Archives/edgar/data/1347557/000095017024050071/0000950170-24-050071-index.htm",
        "finalLink": "https://www.sec.gov/Archives/edgar/data/1347557/000095017024050071/pac-20231231.htm"
    },
    {
        "date": "2023-09-30",
        "symbol": "PAC",
        "reportedCurrency": "MXN",
        "cik": "0001347557",
        "fillingDate": "2023-09-30",
        "acceptedDate": "2023-09-29 20:00:00",
        "calendarYear": "2023",
        "period": "Q3",
        "revenue": 7392955000,
        "costOfRevenue": 2867309000,
        "grossProfit": 4525646000,
        "grossProfitRatio": 0.6121565734,
        "researchAndDevelopmentExpenses": 0,
        "generalAndAdministrativeExpenses": 0,
        "sellingAndMarketingExpenses": 0,
        "sellingGeneralAndAdministrativeExpenses": 3747815000,
        "otherExpenses": -2872267000,
        "operatingExpenses": 875548000,
        "costAndExpenses": 3742857000,
        "interestIncome": 347176217,
        "interestExpense": 1082513775,
        "depreciationAndAmortization": 619755000,
        "ebitda": 4269853000,
        "ebitdaratio": 0.577557012,
        "operatingIncome": 3650098000,
        "operatingIncomeRatio": 0.4937265275,
        "totalOtherIncomeExpensesNet": -544187000,
        "incomeBeforeTax": 3105911000,
        "incomeBeforeTaxRatio": 0.4201176661,
        "incomeTaxExpense": 727051000,
        "netIncome": 2378860000,
        "netIncomeRatio": 0.321773905,
        "eps": 47.1,
        "epsdiluted": 47.1,
        "weightedAverageShsOut": 50527746,
        "weightedAverageShsOutDil": 50527746,
        "link": "",
        "finalLink": ""
    },
    {
        "date": "2023-06-30",
        "symbol": "PAC",
        "reportedCurrency": "MXN",
        "cik": "0001347557",
        "fillingDate": "2023-06-30",
        "acceptedDate": "2023-06-29 20:00:00",
        "calendarYear": "2023",
        "period": "Q2",
        "revenue": 8359641000,
        "costOfRevenue": 4175887000,
        "grossProfit": 4183754000,
        "grossProfitRatio": 0.5004705346,
        "researchAndDevelopmentExpenses": 0,
        "generalAndAdministrativeExpenses": 0,
        "sellingAndMarketingExpenses": 0,
        "sellingGeneralAndAdministrativeExpenses": 4396365000,
        "otherExpenses": -4168234000,
        "operatingExpenses": 228131000,
        "costAndExpenses": 4404018000,
        "interestIncome": 445403951,
        "interestExpense": 753372786,
        "depreciationAndAmortization": 621155000,
        "ebitda": 4576778000,
        "ebitdaratio": 0.5474849937,
        "operatingIncome": 3955623000,
        "operatingIncomeRatio": 0.4731809655,
        "totalOtherIncomeExpensesNet": -508135000,
        "incomeBeforeTax": 3447488000,
        "incomeBeforeTaxRatio": 0.4123966567,
        "incomeTaxExpense": 959062000,
        "netIncome": 2488426000,
        "netIncomeRatio": 0.2976713952,
        "eps": 49.2,
        "epsdiluted": 49.2,
        "weightedAverageShsOut": 50527746,
        "weightedAverageShsOutDil": 50527746,
        "link": "",
        "finalLink": ""
    },
    {
        "date": "2023-03-31",
        "symbol": "PAC",
        "reportedCurrency": "MXN",
        "cik": "0001347557",
        "fillingDate": "2023-03-31",
        "acceptedDate": "2023-03-30 20:00:00",
        "calendarYear": "2023",
        "period": "Q1",
        "revenue": 8339920000,
        "costOfRevenue": 4034465000,
        "grossProfit": 4305455000,
        "grossProfitRatio": 0.5162465587,
        "researchAndDevelopmentExpenses": 0,
        "generalAndAdministrativeExpenses": 0,
        "sellingAndMarketingExpenses": 0,
        "sellingGeneralAndAdministrativeExpenses": 0,
        "otherExpenses": 222238000,
        "operatingExpenses": 222238000,
        "costAndExpenses": 4256703000,
        "interestIncome": 294350918,
        "interestExpense": 786333576,
        "depreciationAndAmortization": 618071000,
        "ebitda": 4701288000,
        "ebitdaratio": 0.5637090044,
        "operatingIncome": 4078073000,
        "operatingIncomeRatio": 0.4889822684,
        "totalOtherIncomeExpensesNet": -674299000,
        "incomeBeforeTax": 3403774000,
        "incomeBeforeTaxRatio": 0.4081302938,
        "incomeTaxExpense": 838542000,
        "netIncome": 2565232000,
        "netIncomeRatio": 0.307584725,
        "eps": 50.8,
        "epsdiluted": 50.8,
        "weightedAverageShsOut": 50527746,
        "weightedAverageShsOutDil": 50527746,
        "link": "",
        "finalLink": ""
    },
    {
        "date": "2022-12-31",
        "symbol": "PAC",
        "reportedCurrency": "MXN",
        "cik": "0001347557",
        "fillingDate": "2022-12-31",
        "acceptedDate": "2022-12-30 19:00:00",
        "calendarYear": "2022",
        "period": "Q4",
        "revenue": 8005654000,
        "costOfRevenue": 4154952000,
        "grossProfit": 3850702000,
        "grossProfitRatio": 0.4809978048,
        "researchAndDevelopmentExpenses": 0,
        "generalAndAdministrativeExpenses": 0,
        "sellingAndMarketingExpenses": 0,
        "sellingGeneralAndAdministrativeExpenses": 0,
        "otherExpenses": 202678000,
        "operatingExpenses": 202678000,
        "costAndExpenses": 4357630000,
        "interestIncome": 256122064,
        "interestExpense": 750567437,
        "depreciationAndAmortization": 597988000,
        "ebitda": 5092465000,
        "ebitdaratio": 0.6361085553,
        "operatingIncome": 3654368000,
        "operatingIncomeRatio": 0.4564733874,
        "totalOtherIncomeExpensesNet": -750104000,
        "incomeBeforeTax": 2904263000,
        "incomeBeforeTaxRatio": 0.3627764827,
        "incomeTaxExpense": 1073585000,
        "netIncome": 1658350000,
        "netIncomeRatio": 0.2071473486,
        "eps": 35.4,
        "epsdiluted": 35.4,
        "weightedAverageShsOut": 50527746,
        "weightedAverageShsOutDil": 50527746,
        "link": "",
        "finalLink": ""
    },
    {
        "date": "2022-09-30",
        "symbol": "PAC",
        "reportedCurrency": "MXN",
        "cik": "0001347557",
        "fillingDate": "2022-09-30",
        "acceptedDate": "2022-09-29 20:00:00",
        "calendarYear": "2022",
        "period": "Q3",
        "revenue": 6752040000,
        "costOfRevenue": 3066698000,
        "grossProfit": 3685342000,
        "grossProfitRatio": 0.5458116362,
        "researchAndDevelopmentExpenses": 0,
        "generalAndAdministrativeExpenses": 0,
        "sellingAndMarketingExpenses": 0,
        "sellingGeneralAndAdministrativeExpenses": 0,
        "otherExpenses": 187988000,
        "operatingExpenses": 187988000,
        "costAndExpenses": 3254686000,
        "interestIncome": 207584161,
        "interestExpense": 641042392,
        "depreciationAndAmortization": 587686000,
        "ebitda": 4085040000,
        "ebitdaratio": 0.6050082642,
        "operatingIncome": 3497354000,
        "operatingIncomeRatio": 0.5179699765,
        "totalOtherIncomeExpensesNet": -227340000,
        "incomeBeforeTax": 3270014000,
        "incomeBeforeTaxRatio": 0.4843001523,
        "incomeTaxExpense": 607303000,
        "netIncome": 2662711000,
        "netIncomeRatio": 0.3943565204,
        "eps": 52.7,
        "epsdiluted": 52.7,
        "weightedAverageShsOut": 50527746,
        "weightedAverageShsOutDil": 50527746,
        "link": "",
        "finalLink": ""
    },
    {
        "date": "2022-06-30",
        "symbol": "PAC",
        "reportedCurrency": "MXN",
        "cik": "0001347557",
        "fillingDate": "2022-06-30",
        "acceptedDate": "2022-06-29 20:00:00",
        "calendarYear": "2022",
        "period": "Q2",
        "revenue": 6610084000,
        "costOfRevenue": 2906032000,
        "grossProfit": 3704052000,
        "grossProfitRatio": 0.560363832,
        "researchAndDevelopmentExpenses": 0,
        "generalAndAdministrativeExpenses": 0,
        "sellingAndMarketingExpenses": 0,
        "sellingGeneralAndAdministrativeExpenses": 0,
        "otherExpenses": 185465000,
        "operatingExpenses": 185465000,
        "costAndExpenses": 3091497000,
        "interestIncome": 222121533,
        "interestExpense": 588003508,
        "depreciationAndAmortization": 563114000,
        "ebitda": 4081701000,
        "ebitdaratio": 0.6174960863,
        "operatingIncome": 3518587000,
        "operatingIncomeRatio": 0.5323059435,
        "totalOtherIncomeExpensesNet": -288117000,
        "incomeBeforeTax": 3230471000,
        "incomeBeforeTaxRatio": 0.4887186002,
        "incomeTaxExpense": 865835000,
        "netIncome": 2364636000,
        "netIncomeRatio": 0.3577316113,
        "eps": 46.5,
        "epsdiluted": 46.5,
        "weightedAverageShsOut": 50851001,
        "weightedAverageShsOutDil": 50851001,
        "link": "",
        "finalLink": ""
    },
    {
        "date": "2022-03-31",
        "symbol": "PAC",
        "reportedCurrency": "MXN",
        "cik": "0001347557",
        "fillingDate": "2022-03-31",
        "acceptedDate": "2022-03-30 20:00:00",
        "calendarYear": "2022",
        "period": "Q1",
        "revenue": 6012598000,
        "costOfRevenue": 2708277000,
        "grossProfit": 3304321000,
        "grossProfitRatio": 0.5495662607,
        "researchAndDevelopmentExpenses": 0,
        "generalAndAdministrativeExpenses": 0,
        "sellingAndMarketingExpenses": 0,
        "sellingGeneralAndAdministrativeExpenses": 0,
        "otherExpenses": 160435000,
        "operatingExpenses": 160435000,
        "costAndExpenses": 2868712000,
        "interestIncome": 138093084,
        "interestExpense": 458543207,
        "depreciationAndAmortization": 564533000,
        "ebitda": 3708419000,
        "ebitdaratio": 0.6167748118,
        "operatingIncome": 3143885000,
        "operatingIncomeRatio": 0.5228829534,
        "totalOtherIncomeExpensesNet": -272946000,
        "incomeBeforeTax": 2870940000,
        "incomeBeforeTaxRatio": 0.4774874355,
        "incomeTaxExpense": 543489000,
        "netIncome": 2327450000,
        "netIncomeRatio": 0.3870955617,
        "eps": 45.6,
        "epsdiluted": 45.6,
        "weightedAverageShsOut": 51052011,
        "weightedAverageShsOutDil": 51052011,
        "link": "",
        "finalLink": ""
    },
    {
        "date": "2021-12-31",
        "symbol": "PAC",
        "reportedCurrency": "MXN",
        "cik": "0001347557",
        "fillingDate": "2021-12-31",
        "acceptedDate": "2021-12-30 19:00:00",
        "calendarYear": "2021",
        "period": "Q4",
        "revenue": 5128963058,
        "costOfRevenue": 2427517922,
        "grossProfit": 2701445115,
        "grossProfitRatio": 0.5267039525,
        "researchAndDevelopmentExpenses": 0,
        "generalAndAdministrativeExpenses": 0,
        "sellingAndMarketingExpenses": 0,
        "sellingGeneralAndAdministrativeExpenses": 0,
        "otherExpenses": 0,
        "operatingExpenses": 0,
        "costAndExpenses": 2427517922,
        "interestIncome": 72355908,
        "interestExpense": 480836634,
        "depreciationAndAmortization": 513461755,
        "ebitda": 3373946758,
        "ebitdaratio": 0.6578223941,
        "operatingIncome": 2701445115,
        "operatingIncomeRatio": 0.5267039525,
        "totalOtherIncomeExpensesNet": -321795741,
        "incomeBeforeTax": 2379649374,
        "incomeBeforeTaxRatio": 0.4639630559,
        "incomeTaxExpense": 597853260,
        "netIncome": 1759762289,
        "netIncomeRatio": 0.343102937,
        "eps": 35.2,
        "epsdiluted": 35.2,
        "weightedAverageShsOut": 51230157,
        "weightedAverageShsOutDil": 51230157,
        "link": "",
        "finalLink": ""
    },
    {
        "date": "2021-09-30",
        "symbol": "PAC",
        "reportedCurrency": "MXN",
        "cik": "0001347557",
        "fillingDate": "2021-09-30",
        "acceptedDate": "2021-09-29 20:00:00",
        "calendarYear": "2021",
        "period": "Q3",
        "revenue": 5292801000,
        "costOfRevenue": 2570457000,
        "grossProfit": 2722344000,
        "grossProfitRatio": 0.5143484518,
        "researchAndDevelopmentExpenses": 0,
        "generalAndAdministrativeExpenses": 0,
        "sellingAndMarketingExpenses": 0,
        "sellingGeneralAndAdministrativeExpenses": 0,
        "otherExpenses": 141971000,
        "operatingExpenses": 141971000,
        "costAndExpenses": 2712428000,
        "interestIncome": 104403594,
        "interestExpense": 413116740,
        "depreciationAndAmortization": 518005000,
        "ebitda": 3098378000,
        "ebitdaratio": 0.5853947655,
        "operatingIncome": 2580373000,
        "operatingIncomeRatio": 0.4875250364,
        "totalOtherIncomeExpensesNet": -214048000,
        "incomeBeforeTax": 2366325000,
        "incomeBeforeTaxRatio": 0.4470836897,
        "incomeTaxExpense": 586599000,
        "netIncome": 1779726000,
        "netIncomeRatio": 0.3362540931,
        "eps": 34.6,
        "epsdiluted": 34.6,
        "weightedAverageShsOut": 51470532,
        "weightedAverageShsOutDil": 51470532,
        "link": "",
        "finalLink": ""
    },
    {
        "date": "2021-06-30",
        "symbol": "PAC",
        "reportedCurrency": "MXN",
        "cik": "0001347557",
        "fillingDate": "2021-06-30",
        "acceptedDate": "2021-06-29 20:00:00",
        "calendarYear": "2021",
        "period": "Q2",
        "revenue": 4895738000,
        "costOfRevenue": 2470824000,
        "grossProfit": 2424914000,
        "grossProfitRatio": 0.4953112278,
        "researchAndDevelopmentExpenses": 0,
        "generalAndAdministrativeExpenses": 0,
        "sellingAndMarketingExpenses": 0,
        "sellingGeneralAndAdministrativeExpenses": 0,
        "otherExpenses": 138153000,
        "operatingExpenses": 138153000,
        "costAndExpenses": 2608977000,
        "interestIncome": 105535343,
        "interestExpense": 408119606,
        "depreciationAndAmortization": 510380000,
        "ebitda": 2797141000,
        "ebitdaratio": 0.571342053,
        "operatingIncome": 2286761000,
        "operatingIncomeRatio": 0.4670921933,
        "totalOtherIncomeExpensesNet": -406200000,
        "incomeBeforeTax": 1880562000,
        "incomeBeforeTaxRatio": 0.3841222712,
        "incomeTaxExpense": 456589000,
        "netIncome": 1423973000,
        "netIncomeRatio": 0.2908597233,
        "eps": 27.2,
        "epsdiluted": 27.2,
        "weightedAverageShsOut": 51685435,
        "weightedAverageShsOutDil": 51685435,
        "link": "",
        "finalLink": ""
    },
    {
        "date": "2021-03-31",
        "symbol": "PAC",
        "reportedCurrency": "MXN",
        "cik": "0001347557",
        "fillingDate": "2021-03-31",
        "acceptedDate": "2021-03-30 20:00:00",
        "calendarYear": "2021",
        "period": "Q1",
        "revenue": 3637997000,
        "costOfRevenue": 2298526000,
        "grossProfit": 1339471000,
        "grossProfitRatio": 0.3681891436,
        "researchAndDevelopmentExpenses": 0,
        "generalAndAdministrativeExpenses": 0,
        "sellingAndMarketingExpenses": 0,
        "sellingGeneralAndAdministrativeExpenses": 0,
        "otherExpenses": 85006000,
        "operatingExpenses": 85006000,
        "costAndExpenses": 2383532000,
        "interestIncome": 87031451,
        "interestExpense": 385117631,
        "depreciationAndAmortization": 502745000,
        "ebitda": 1757210000,
        "ebitdaratio": 0.4830157914,
        "operatingIncome": 1254464000,
        "operatingIncomeRatio": 0.3448227143,
        "totalOtherIncomeExpensesNet": -79303000,
        "incomeBeforeTax": 1175161000,
        "incomeBeforeTaxRatio": 0.3230241806,
        "incomeTaxExpense": 137581000,
        "netIncome": 1037580000,
        "netIncomeRatio": 0.2852063924,
        "eps": 19.7,
        "epsdiluted": 19.7,
        "weightedAverageShsOut": 52328660,
        "weightedAverageShsOutDil": 52328660,
        "link": "",
        "finalLink": ""
    },
    {
        "date": "2020-12-31",
        "symbol": "PAC",
        "reportedCurrency": "MXN",
        "cik": "0001347557",
        "fillingDate": "2020-12-31",
        "acceptedDate": "2020-12-30 19:00:00",
        "calendarYear": "2020",
        "period": "Q4",
        "revenue": 2269991444,
        "costOfRevenue": 1063430230,
        "grossProfit": 1206561194,
        "grossProfitRatio": 0.5315267585,
        "researchAndDevelopmentExpenses": 0,
        "generalAndAdministrativeExpenses": 0,
        "sellingAndMarketingExpenses": 0,
        "sellingGeneralAndAdministrativeExpenses": 0,
        "otherExpenses": 0,
        "operatingExpenses": 0,
        "costAndExpenses": 1063430230,
        "interestIncome": 41586721,
        "interestExpense": 372957901,
        "depreciationAndAmortization": 490082386,
        "ebitda": 1244182033,
        "ebitdaratio": 0.5480998778,
        "operatingIncome": 1206561194,
        "operatingIncomeRatio": 0.5315267585,
        "totalOtherIncomeExpensesNet": -825419568,
        "incomeBeforeTax": 381141625,
        "incomeBeforeTaxRatio": 0.1679044324,
        "incomeTaxExpense": 51538477,
        "netIncome": 348706876,
        "netIncomeRatio": 0.1536159429,
        "eps": 6.9,
        "epsdiluted": 6.9,
        "weightedAverageShsOut": 52557554,
        "weightedAverageShsOutDil": 52557554,
        "link": "",
        "finalLink": ""
    },
    {
        "date": "2020-09-30",
        "symbol": "PAC",
        "reportedCurrency": "MXN",
        "cik": "0001347557",
        "fillingDate": "2020-09-30",
        "acceptedDate": "2020-09-29 20:00:00",
        "calendarYear": "2020",
        "period": "Q3",
        "revenue": 3068071000,
        "costOfRevenue": 2430996000,
        "grossProfit": 637075000,
        "grossProfitRatio": 0.2076467592,
        "researchAndDevelopmentExpenses": 0,
        "generalAndAdministrativeExpenses": 0,
        "sellingAndMarketingExpenses": 0,
        "sellingGeneralAndAdministrativeExpenses": 0,
        "otherExpenses": 50867000,
        "operatingExpenses": 50867000,
        "costAndExpenses": 2481863000,
        "interestIncome": 150319727,
        "interestExpense": 481555767,
        "depreciationAndAmortization": 506982000,
        "ebitda": 1093190000,
        "ebitdaratio": 0.3563118324,
        "operatingIncome": 586208000,
        "operatingIncomeRatio": 0.1910672863,
        "totalOtherIncomeExpensesNet": -241199000,
        "incomeBeforeTax": 345008000,
        "incomeBeforeTaxRatio": 0.1124511134,
        "incomeTaxExpense": -7432000,
        "netIncome": 352440000,
        "netIncomeRatio": 0.1148734824,
        "eps": 6.7,
        "epsdiluted": 6.7,
        "weightedAverageShsOut": 52557554,
        "weightedAverageShsOutDil": 52557554,
        "link": "",
        "finalLink": ""
    },
    {
        "date": "2020-06-30",
        "symbol": "PAC",
        "reportedCurrency": "MXN",
        "cik": "0001347557",
        "fillingDate": "2020-06-30",
        "acceptedDate": "2020-06-29 20:00:00",
        "calendarYear": "2020",
        "period": "Q2",
        "revenue": 1485058000,
        "costOfRevenue": 1844991000,
        "grossProfit": -359933000,
        "grossProfitRatio": -0.2423696583,
        "researchAndDevelopmentExpenses": 0,
        "generalAndAdministrativeExpenses": 0,
        "sellingAndMarketingExpenses": 0,
        "sellingGeneralAndAdministrativeExpenses": 0,
        "otherExpenses": 8719000,
        "operatingExpenses": 8719000,
        "costAndExpenses": 1853710000,
        "interestIncome": 92403264,
        "interestExpense": 254435486,
        "depreciationAndAmortization": 505174000,
        "ebitda": 136522000,
        "ebitdaratio": 0.0919304162,
        "operatingIncome": -368652000,
        "operatingIncomeRatio": -0.2482408094,
        "totalOtherIncomeExpensesNet": -311171000,
        "incomeBeforeTax": -679824000,
        "incomeBeforeTaxRatio": -0.4577760599,
        "incomeTaxExpense": -97616000,
        "netIncome": -582208000,
        "netIncomeRatio": -0.3920439471,
        "eps": -11.1,
        "epsdiluted": -11.1,
        "weightedAverageShsOut": 52557554,
        "weightedAverageShsOutDil": 52557554,
        "link": "",
        "finalLink": ""
    },
    {
        "date": "2020-03-31",
        "symbol": "PAC",
        "reportedCurrency": "MXN",
        "cik": "0001347557",
        "fillingDate": "2020-03-31",
        "acceptedDate": "2020-03-30 20:00:00",
        "calendarYear": "2020",
        "period": "Q1",
        "revenue": 4968839000,
        "costOfRevenue": 2485536000,
        "grossProfit": 2483303000,
        "grossProfitRatio": 0.4997752996,
        "researchAndDevelopmentExpenses": 0,
        "generalAndAdministrativeExpenses": 0,
        "sellingAndMarketingExpenses": 0,
        "sellingGeneralAndAdministrativeExpenses": 0,
        "otherExpenses": 141345000,
        "operatingExpenses": 141345000,
        "costAndExpenses": 2626881000,
        "interestIncome": 110163652,
        "interestExpense": 370992695,
        "depreciationAndAmortization": 482057000,
        "ebitda": 2824015000,
        "ebitdaratio": 0.56834504,
        "operatingIncome": 2341958000,
        "operatingIncomeRatio": 0.4713290167,
        "totalOtherIncomeExpensesNet": -15008000,
        "incomeBeforeTax": 2326950000,
        "incomeBeforeTaxRatio": 0.4683085928,
        "incomeTaxExpense": 518887000,
        "netIncome": 1808063000,
        "netIncomeRatio": 0.3638803753,
        "eps": 34.4,
        "epsdiluted": 34.4,
        "weightedAverageShsOut": 52557554,
        "weightedAverageShsOutDil": 52557554,
        "link": "",
        "finalLink": ""
    },
    {
        "date": "2019-12-31",
        "symbol": "PAC",
        "reportedCurrency": "MXN",
        "cik": "0001347557",
        "fillingDate": "2019-12-31",
        "acceptedDate": "2019-12-30 19:00:00",
        "calendarYear": "2019",
        "period": "Q4",
        "revenue": 4574054000,
        "costOfRevenue": 2505738000,
        "grossProfit": 2068316000,
        "grossProfitRatio": 0.4521844298,
        "researchAndDevelopmentExpenses": 0,
        "generalAndAdministrativeExpenses": 0,
        "sellingAndMarketingExpenses": 0,
        "sellingGeneralAndAdministrativeExpenses": 0,
        "otherExpenses": 134287000,
        "operatingExpenses": 134287000,
        "costAndExpenses": 2640025000,
        "interestIncome": 168958376,
        "interestExpense": 346023112,
        "depreciationAndAmortization": 489007000,
        "ebitda": 2423036000,
        "ebitdaratio": 0.5297348916,
        "operatingIncome": 1934030000,
        "operatingIncomeRatio": 0.4228262281,
        "totalOtherIncomeExpensesNet": -183832000,
        "incomeBeforeTax": 1750197000,
        "incomeBeforeTaxRatio": 0.3826358412,
        "incomeTaxExpense": 319297000,
        "netIncome": 1427442000,
        "netIncomeRatio": 0.3120737097,
        "eps": 27.2,
        "epsdiluted": 27.2,
        "weightedAverageShsOut": 52557554,
        "weightedAverageShsOutDil": 52557554,
        "link": "",
        "finalLink": ""
    },
    {
        "date": "2019-09-30",
        "symbol": "PAC",
        "reportedCurrency": "MXN",
        "cik": "0001347557",
        "fillingDate": "2019-09-30",
        "acceptedDate": "2019-09-29 20:00:00",
        "calendarYear": "2019",
        "period": "Q3",
        "revenue": 4315418000,
        "costOfRevenue": 2204897000,
        "grossProfit": 2110521000,
        "grossProfitRatio": 0.4890652539,
        "researchAndDevelopmentExpenses": 0,
        "generalAndAdministrativeExpenses": 0,
        "sellingAndMarketingExpenses": 0,
        "sellingGeneralAndAdministrativeExpenses": 0,
        "otherExpenses": 108190000,
        "operatingExpenses": 108190000,
        "costAndExpenses": 2313087000,
        "interestIncome": 153728610,
        "interestExpense": 291703622,
        "depreciationAndAmortization": 439691000,
        "ebitda": 2442022000,
        "ebitdaratio": 0.5658830732,
        "operatingIncome": 2002331000,
        "operatingIncomeRatio": 0.4639946814,
        "totalOtherIncomeExpensesNet": -168866000,
        "incomeBeforeTax": 1833465000,
        "incomeBeforeTaxRatio": 0.4248638255,
        "incomeTaxExpense": 470746000,
        "netIncome": 1362719000,
        "netIncomeRatio": 0.3157791435,
        "eps": 25.9,
        "epsdiluted": 25.9,
        "weightedAverageShsOut": 52557554,
        "weightedAverageShsOutDil": 52557554,
        "link": "",
        "finalLink": ""
    },
    {
        "date": "2019-06-30",
        "symbol": "PAC",
        "reportedCurrency": "MXN",
        "cik": "0001347557",
        "fillingDate": "2019-06-30",
        "acceptedDate": "2019-06-29 20:00:00",
        "calendarYear": "2019",
        "period": "Q2",
        "revenue": 3657411000,
        "costOfRevenue": 1546393000,
        "grossProfit": 2111018000,
        "grossProfitRatio": 0.5771891647,
        "researchAndDevelopmentExpenses": 0,
        "generalAndAdministrativeExpenses": 0,
        "sellingAndMarketingExpenses": 0,
        "sellingGeneralAndAdministrativeExpenses": 0,
        "otherExpenses": 108619000,
        "operatingExpenses": 108619000,
        "costAndExpenses": 1655012000,
        "interestIncome": 146242092,
        "interestExpense": 302683855,
        "depreciationAndAmortization": 425839000,
        "ebitda": 2428238000,
        "ebitdaratio": 0.6639226491,
        "operatingIncome": 2002399000,
        "operatingIncomeRatio": 0.5474908344,
        "totalOtherIncomeExpensesNet": -235745000,
        "incomeBeforeTax": 1766654000,
        "incomeBeforeTaxRatio": 0.4830340369,
        "incomeTaxExpense": 503081000,
        "netIncome": 1263573000,
        "netIncomeRatio": 0.3454829113,
        "eps": 24,
        "epsdiluted": 24,
        "weightedAverageShsOut": 56100000,
        "weightedAverageShsOutDil": 56100000,
        "link": "",
        "finalLink": ""
    },
    {
        "date": "2019-03-31",
        "symbol": "PAC",
        "reportedCurrency": "MXN",
        "cik": "0001347557",
        "fillingDate": "2019-03-31",
        "acceptedDate": "2019-03-30 20:00:00",
        "calendarYear": "2019",
        "period": "Q1",
        "revenue": 3679136000,
        "costOfRevenue": 1488994000,
        "grossProfit": 2190142000,
        "grossProfitRatio": 0.5952870457,
        "researchAndDevelopmentExpenses": 0,
        "generalAndAdministrativeExpenses": 0,
        "sellingAndMarketingExpenses": 0,
        "sellingGeneralAndAdministrativeExpenses": 0,
        "otherExpenses": 111666000,
        "operatingExpenses": 111666000,
        "costAndExpenses": 1600660000,
        "interestIncome": 102549269,
        "interestExpense": 244393038,
        "depreciationAndAmortization": 421601000,
        "ebitda": 2500077000,
        "ebitdaratio": 0.6795282914,
        "operatingIncome": 2078476000,
        "operatingIncomeRatio": 0.564935898,
        "totalOtherIncomeExpensesNet": -82609000,
        "incomeBeforeTax": 1995867000,
        "incomeBeforeTaxRatio": 0.5424825285,
        "incomeTaxExpense": 598319000,
        "netIncome": 1397549000,
        "netIncomeRatio": 0.379857934,
        "eps": 26.6,
        "epsdiluted": 26.6,
        "weightedAverageShsOut": 52557554,
        "weightedAverageShsOutDil": 52557554,
        "link": "",
        "finalLink": ""
    },
    {
        "date": "2018-12-31",
        "symbol": "PAC",
        "reportedCurrency": "MXN",
        "cik": "0001347557",
        "fillingDate": "2018-12-31",
        "acceptedDate": "2018-12-30 19:00:00",
        "calendarYear": "2018",
        "period": "Q4",
        "revenue": 3739931000,
        "costOfRevenue": 1811552000,
        "grossProfit": 1928379000,
        "grossProfitRatio": 0.515618871,
        "researchAndDevelopmentExpenses": 0,
        "generalAndAdministrativeExpenses": 0,
        "sellingAndMarketingExpenses": 0,
        "sellingGeneralAndAdministrativeExpenses": 0,
        "otherExpenses": 67065000,
        "operatingExpenses": 67065000,
        "costAndExpenses": 1878617000,
        "interestIncome": 125140163,
        "interestExpense": 245898541,
        "depreciationAndAmortization": 405887000,
        "ebitda": 2267201000,
        "ebitdaratio": 0.6062146601,
        "operatingIncome": 1861314000,
        "operatingIncomeRatio": 0.497686722,
        "totalOtherIncomeExpensesNet": -128251000,
        "incomeBeforeTax": 1733065000,
        "incomeBeforeTaxRatio": 0.4633949129,
        "incomeTaxExpense": 537798000,
        "netIncome": 1195265000,
        "netIncomeRatio": 0.3195954685,
        "eps": 22.7,
        "epsdiluted": 22.7,
        "weightedAverageShsOut": 52557554,
        "weightedAverageShsOutDil": 52557554,
        "link": "",
        "finalLink": ""
    },
    {
        "date": "2018-09-30",
        "symbol": "PAC",
        "reportedCurrency": "MXN",
        "cik": "0001347557",
        "fillingDate": "2018-09-30",
        "acceptedDate": "2018-09-29 20:00:00",
        "calendarYear": "2018",
        "period": "Q3",
        "revenue": 3532434000,
        "costOfRevenue": 1679339000,
        "grossProfit": 1853095000,
        "grossProfitRatio": 0.5245943732,
        "researchAndDevelopmentExpenses": 0,
        "generalAndAdministrativeExpenses": 0,
        "sellingAndMarketingExpenses": 0,
        "sellingGeneralAndAdministrativeExpenses": 0,
        "otherExpenses": 73515000,
        "operatingExpenses": 73515000,
        "costAndExpenses": 1752854000,
        "interestIncome": 73394771,
        "interestExpense": 204789981,
        "depreciationAndAmortization": 392382000,
        "ebitda": 2171962000,
        "ebitdaratio": 0.6148627264,
        "operatingIncome": 1779580000,
        "operatingIncomeRatio": 0.503782944,
        "totalOtherIncomeExpensesNet": -126347000,
        "incomeBeforeTax": 1653233000,
        "incomeBeforeTaxRatio": 0.4680152552,
        "incomeTaxExpense": 328367000,
        "netIncome": 1324866000,
        "netIncomeRatio": 0.3750575382,
        "eps": 25.2,
        "epsdiluted": 25.2,
        "weightedAverageShsOut": 52557554,
        "weightedAverageShsOutDil": 52557554,
        "link": "",
        "finalLink": ""
    },
    {
        "date": "2018-06-30",
        "symbol": "PAC",
        "reportedCurrency": "MXN",
        "cik": "0001347557",
        "fillingDate": "2018-06-30",
        "acceptedDate": "2018-06-29 20:00:00",
        "calendarYear": "2018",
        "period": "Q2",
        "revenue": 3442793000,
        "costOfRevenue": 1587823000,
        "grossProfit": 1854970000,
        "grossProfitRatio": 0.538798005,
        "researchAndDevelopmentExpenses": 0,
        "generalAndAdministrativeExpenses": 0,
        "sellingAndMarketingExpenses": 0,
        "sellingGeneralAndAdministrativeExpenses": 0,
        "otherExpenses": 96596000,
        "operatingExpenses": 96596000,
        "costAndExpenses": 1684419000,
        "interestIncome": 133868541,
        "interestExpense": 244623091,
        "depreciationAndAmortization": 386998000,
        "ebitda": 2145373000,
        "ebitdaratio": 0.6231489956,
        "operatingIncome": 1758375000,
        "operatingIncomeRatio": 0.5107408433,
        "totalOtherIncomeExpensesNet": -32183000,
        "incomeBeforeTax": 1726192000,
        "incomeBeforeTaxRatio": 0.5013929098,
        "incomeTaxExpense": 537173000,
        "netIncome": 1189019000,
        "netIncomeRatio": 0.3453646502,
        "eps": 22.6,
        "epsdiluted": 22.6,
        "weightedAverageShsOut": 52557554,
        "weightedAverageShsOutDil": 52557554,
        "link": "",
        "finalLink": ""
    },
    {
        "date": "2017-12-31",
        "symbol": "PAC",
        "reportedCurrency": "MXN",
        "cik": "0001347557",
        "fillingDate": "2017-12-31",
        "acceptedDate": "2017-12-30 19:00:00",
        "calendarYear": "2017",
        "period": "Q4",
        "revenue": 3069496000,
        "costOfRevenue": 1547903000,
        "grossProfit": 1521593000,
        "grossProfitRatio": 0.4957142801,
        "researchAndDevelopmentExpenses": 0,
        "generalAndAdministrativeExpenses": 0,
        "sellingAndMarketingExpenses": 0,
        "sellingGeneralAndAdministrativeExpenses": 0,
        "otherExpenses": 9840000,
        "operatingExpenses": 9840000,
        "costAndExpenses": 1557743000,
        "interestIncome": 114172023,
        "interestExpense": 197182344,
        "depreciationAndAmortization": 386376000,
        "ebitda": 1898129000,
        "ebitdaratio": 0.6183845817,
        "operatingIncome": 1511753000,
        "operatingIncomeRatio": 0.4925085421,
        "totalOtherIncomeExpensesNet": -246691000,
        "incomeBeforeTax": 1265063000,
        "incomeBeforeTaxRatio": 0.4121402993,
        "incomeTaxExpense": 301684000,
        "netIncome": 963379000,
        "netIncomeRatio": 0.31385576,
        "eps": 18.3,
        "epsdiluted": 18.3,
        "weightedAverageShsOut": 52557554,
        "weightedAverageShsOutDil": 52557554,
        "link": "",
        "finalLink": ""
    },
    {
        "date": "2017-09-30",
        "symbol": "PAC",
        "reportedCurrency": "MXN",
        "cik": "0001347557",
        "fillingDate": "2017-09-30",
        "acceptedDate": "2017-09-29 20:00:00",
        "calendarYear": "2017",
        "period": "Q3",
        "revenue": 3033630000,
        "costOfRevenue": 1420644000,
        "grossProfit": 1612986000,
        "grossProfitRatio": 0.5317016248,
        "researchAndDevelopmentExpenses": 0,
        "generalAndAdministrativeExpenses": 0,
        "sellingAndMarketingExpenses": 0,
        "sellingGeneralAndAdministrativeExpenses": 0,
        "otherExpenses": 88047000,
        "operatingExpenses": 88047000,
        "costAndExpenses": 1508691000,
        "interestIncome": 109926086,
        "interestExpense": 160814570,
        "depreciationAndAmortization": 349345000,
        "ebitda": 1874284000,
        "ebitdaratio": 0.6178353985,
        "operatingIncome": 1524939000,
        "operatingIncomeRatio": 0.5026779798,
        "totalOtherIncomeExpensesNet": -103846000,
        "incomeBeforeTax": 1421093000,
        "incomeBeforeTaxRatio": 0.4684463827,
        "incomeTaxExpense": 336554000,
        "netIncome": 1084539000,
        "netIncomeRatio": 0.3575053649,
        "eps": 20.6,
        "epsdiluted": 20.6,
        "weightedAverageShsOut": 52557554,
        "weightedAverageShsOutDil": 52557554,
        "link": "",
        "finalLink": ""
    },
    {
        "date": "2016-12-31",
        "symbol": "PAC",
        "reportedCurrency": "MXN",
        "cik": "0001347557",
        "fillingDate": "2016-12-31",
        "acceptedDate": "2016-12-30 19:00:00",
        "calendarYear": "2016",
        "period": "Q4",
        "revenue": 2763763000,
        "costOfRevenue": 1256412000,
        "grossProfit": 1507351000,
        "grossProfitRatio": 0.5453980678,
        "researchAndDevelopmentExpenses": 0,
        "generalAndAdministrativeExpenses": 0,
        "sellingAndMarketingExpenses": 0,
        "sellingGeneralAndAdministrativeExpenses": 0,
        "otherExpenses": 85626000,
        "operatingExpenses": 85626000,
        "costAndExpenses": 1342038000,
        "interestIncome": 25714504,
        "interestExpense": 32085689,
        "depreciationAndAmortization": 339043000,
        "ebitda": 1760767000,
        "ebitdaratio": 0.6370904452,
        "operatingIncome": 1421724000,
        "operatingIncomeRatio": 0.5144160335,
        "totalOtherIncomeExpensesNet": -171073000,
        "incomeBeforeTax": 1250651000,
        "incomeBeforeTaxRatio": 0.4525174554,
        "incomeTaxExpense": 274451000,
        "netIncome": 976200000,
        "netIncomeRatio": 0.3532140781,
        "eps": 18.6,
        "epsdiluted": 18.6,
        "weightedAverageShsOut": 52557554,
        "weightedAverageShsOutDil": 52557554,
        "link": "",
        "finalLink": ""
    },
    {
        "date": "2016-09-30",
        "symbol": "PAC",
        "reportedCurrency": "MXN",
        "cik": "0001347557",
        "fillingDate": "2016-09-30",
        "acceptedDate": "2016-09-29 20:00:00",
        "calendarYear": "2016",
        "period": "Q3",
        "revenue": 2853826000,
        "costOfRevenue": 1459197000,
        "grossProfit": 1394629000,
        "grossProfitRatio": 0.4886874673,
        "researchAndDevelopmentExpenses": 0,
        "generalAndAdministrativeExpenses": 0,
        "sellingAndMarketingExpenses": 0,
        "sellingGeneralAndAdministrativeExpenses": 0,
        "otherExpenses": 77438000,
        "operatingExpenses": 77438000,
        "costAndExpenses": 1536635000,
        "interestIncome": 141008634,
        "interestExpense": 162732000,
        "depreciationAndAmortization": 343582000,
        "ebitda": 1660772000,
        "ebitdaratio": 0.5819457809,
        "operatingIncome": 1317190000,
        "operatingIncomeRatio": 0.4615523161,
        "totalOtherIncomeExpensesNet": -109188000,
        "incomeBeforeTax": 1208004000,
        "incomeBeforeTaxRatio": 0.4232928006,
        "incomeTaxExpense": 368533000,
        "netIncome": 839471000,
        "netIncomeRatio": 0.2941563361,
        "eps": 16,
        "epsdiluted": 16,
        "weightedAverageShsOut": 52557554,
        "weightedAverageShsOutDil": 52557554,
        "link": "",
        "finalLink": ""
    },
    {
        "date": "2016-06-30",
        "symbol": "PAC",
        "reportedCurrency": "MXN",
        "cik": "0001347557",
        "fillingDate": "2016-06-30",
        "acceptedDate": "2016-06-29 20:00:00",
        "calendarYear": "2016",
        "period": "Q2",
        "revenue": 2726232000,
        "costOfRevenue": 1440318000,
        "grossProfit": 1285914000,
        "grossProfitRatio": 0.4716817938,
        "researchAndDevelopmentExpenses": 0,
        "generalAndAdministrativeExpenses": 0,
        "sellingAndMarketingExpenses": 0,
        "sellingGeneralAndAdministrativeExpenses": 0,
        "otherExpenses": 66213000,
        "operatingExpenses": 66213000,
        "costAndExpenses": 1506531000,
        "interestIncome": 968000,
        "interestExpense": 284447000,
        "depreciationAndAmortization": 333700000,
        "ebitda": 1553401000,
        "ebitdaratio": 0.5697978015,
        "operatingIncome": 1219701000,
        "operatingIncomeRatio": 0.4473944257,
        "totalOtherIncomeExpensesNet": -284447000,
        "incomeBeforeTax": 935254000,
        "incomeBeforeTaxRatio": 0.3430573774,
        "incomeTaxExpense": 354296000,
        "netIncome": 580958000,
        "netIncomeRatio": 0.213099252,
        "eps": 11.1,
        "epsdiluted": 11.1,
        "weightedAverageShsOut": 56100000,
        "weightedAverageShsOutDil": 56100000,
        "link": "",
        "finalLink": ""
    },
    {
        "date": "2016-03-31",
        "symbol": "PAC",
        "reportedCurrency": "MXN",
        "cik": "0001347557",
        "fillingDate": "2016-03-31",
        "acceptedDate": "2016-03-30 20:00:00",
        "calendarYear": "2016",
        "period": "Q1",
        "revenue": 2763741000,
        "costOfRevenue": 1415218000,
        "grossProfit": 1348523000,
        "grossProfitRatio": 0.4879339272,
        "researchAndDevelopmentExpenses": 0,
        "generalAndAdministrativeExpenses": 0,
        "sellingAndMarketingExpenses": 0,
        "sellingGeneralAndAdministrativeExpenses": 0,
        "otherExpenses": 72249000,
        "operatingExpenses": 72249000,
        "costAndExpenses": 1487467000,
        "interestIncome": -7000,
        "interestExpense": 50055000,
        "depreciationAndAmortization": 332065000,
        "ebitda": 1608338000,
        "ebitdaratio": 0.5819423745,
        "operatingIncome": 1276273000,
        "operatingIncomeRatio": 0.4617918249,
        "totalOtherIncomeExpensesNet": -50054000,
        "incomeBeforeTax": 1226219000,
        "incomeBeforeTaxRatio": 0.4436808659,
        "incomeTaxExpense": 269293000,
        "netIncome": 956926000,
        "netIncomeRatio": 0.346243009,
        "eps": 18.2,
        "epsdiluted": 18.2,
        "weightedAverageShsOut": 52557554,
        "weightedAverageShsOutDil": 52557554,
        "link": "",
        "finalLink": ""
    },
    {
        "date": "2015-12-31",
        "symbol": "PAC",
        "reportedCurrency": "MXN",
        "cik": "0001347557",
        "fillingDate": "2015-12-31",
        "acceptedDate": "2015-12-30 19:00:00",
        "calendarYear": "2015",
        "period": "Q4",
        "revenue": 1775449000,
        "costOfRevenue": 819125000,
        "grossProfit": 956324000,
        "grossProfitRatio": 0.5386378319,
        "researchAndDevelopmentExpenses": 0,
        "generalAndAdministrativeExpenses": 0,
        "sellingAndMarketingExpenses": 0,
        "sellingGeneralAndAdministrativeExpenses": 0,
        "otherExpenses": 248748000,
        "operatingExpenses": 248748000,
        "costAndExpenses": 1067873000,
        "interestIncome": 0,
        "interestExpense": 0,
        "depreciationAndAmortization": 87822000,
        "ebitda": 905171000,
        "ebitdaratio": 0.5098265284,
        "operatingIncome": 931770000,
        "operatingIncomeRatio": 0.5248080908,
        "totalOtherIncomeExpensesNet": 7780000,
        "incomeBeforeTax": 939550000,
        "incomeBeforeTaxRatio": 0.5291900809,
        "incomeTaxExpense": 136841000,
        "netIncome": 757952000,
        "netIncomeRatio": 0.4269072218,
        "eps": 14.4,
        "epsdiluted": 14.4,
        "weightedAverageShsOut": 52557554,
        "weightedAverageShsOutDil": 52557554,
        "link": "",
        "finalLink": ""
    },
    {
        "date": "2015-09-30",
        "symbol": "PAC",
        "reportedCurrency": "MXN",
        "cik": "0001347557",
        "fillingDate": "2015-09-30",
        "acceptedDate": "2015-09-29 20:00:00",
        "calendarYear": "2015",
        "period": "Q3",
        "revenue": 2159305000,
        "costOfRevenue": 1089289000,
        "grossProfit": 1070016000,
        "grossProfitRatio": 0.4955372215,
        "researchAndDevelopmentExpenses": 0,
        "generalAndAdministrativeExpenses": 0,
        "sellingAndMarketingExpenses": 0,
        "sellingGeneralAndAdministrativeExpenses": 0,
        "otherExpenses": -108000000,
        "operatingExpenses": -108000000,
        "costAndExpenses": 981289000,
        "interestIncome": 16678000,
        "interestExpense": 425398000,
        "depreciationAndAmortization": 323169000,
        "ebitda": 1492845000,
        "ebitdaratio": 0.6913543941,
        "operatingIncome": 1178014000,
        "operatingIncomeRatio": 0.5455523884,
        "totalOtherIncomeExpensesNet": -417058000,
        "incomeBeforeTax": 760956000,
        "incomeBeforeTaxRatio": 0.3524078349,
        "incomeTaxExpense": 125272000,
        "netIncome": 635684000,
        "netIncomeRatio": 0.2943928718,
        "eps": 12.1,
        "epsdiluted": 12.1,
        "weightedAverageShsOut": 52557554,
        "weightedAverageShsOutDil": 52557554,
        "link": "",
        "finalLink": ""
    },
    {
        "date": "2015-06-30",
        "symbol": "PAC",
        "reportedCurrency": "MXN",
        "cik": "0001347557",
        "fillingDate": "2015-06-30",
        "acceptedDate": "2015-06-29 20:00:00",
        "calendarYear": "2015",
        "period": "Q2",
        "revenue": 2140729000,
        "costOfRevenue": 1089819000,
        "grossProfit": 1050910000,
        "grossProfitRatio": 0.4909122079,
        "researchAndDevelopmentExpenses": 0,
        "generalAndAdministrativeExpenses": 0,
        "sellingAndMarketingExpenses": 0,
        "sellingGeneralAndAdministrativeExpenses": 0,
        "otherExpenses": 58044000,
        "operatingExpenses": 58044000,
        "costAndExpenses": 1147863000,
        "interestIncome": -30988000,
        "interestExpense": 53145000,
        "depreciationAndAmortization": 266133000,
        "ebitda": 1320973000,
        "ebitdaratio": 0.6170668964,
        "operatingIncome": 1023854000,
        "operatingIncomeRatio": 0.4782735227,
        "totalOtherIncomeExpensesNet": -84172000,
        "incomeBeforeTax": 939721000,
        "incomeBeforeTaxRatio": 0.4389724248,
        "incomeTaxExpense": 368516000,
        "netIncome": 571205000,
        "netIncomeRatio": 0.2668273284,
        "eps": 10.9,
        "epsdiluted": 10.9,
        "weightedAverageShsOut": 56100000,
        "weightedAverageShsOutDil": 56100000,
        "link": "",
        "finalLink": ""
    },
    {
        "date": "2015-03-31",
        "symbol": "PAC",
        "reportedCurrency": "MXN",
        "cik": "0001347557",
        "fillingDate": "2015-03-31",
        "acceptedDate": "2015-03-30 20:00:00",
        "calendarYear": "2015",
        "period": "Q1",
        "revenue": 1742281000,
        "costOfRevenue": 850771000,
        "grossProfit": 891510000,
        "grossProfitRatio": 0.5116912829,
        "researchAndDevelopmentExpenses": 0,
        "generalAndAdministrativeExpenses": 0,
        "sellingAndMarketingExpenses": 0,
        "sellingGeneralAndAdministrativeExpenses": 0,
        "otherExpenses": 57486000,
        "operatingExpenses": 57486000,
        "costAndExpenses": 908257000,
        "interestIncome": 0,
        "interestExpense": 0,
        "depreciationAndAmortization": 208991000,
        "ebitda": 1068012000,
        "ebitdaratio": 0.612996411,
        "operatingIncome": 859021000,
        "operatingIncomeRatio": 0.493043889,
        "totalOtherIncomeExpensesNet": -8138000,
        "incomeBeforeTax": 850884000,
        "incomeBeforeTaxRatio": 0.4883735746,
        "incomeTaxExpense": 182998000,
        "netIncome": 667886000,
        "netIncomeRatio": 0.3833400008,
        "eps": 12.7,
        "epsdiluted": 12.7,
        "weightedAverageShsOut": 52557554,
        "weightedAverageShsOutDil": 52557554,
        "link": "",
        "finalLink": ""
    },
    {
        "date": "2014-12-31",
        "symbol": "PAC",
        "reportedCurrency": "MXN",
        "cik": "0001347557",
        "fillingDate": "2014-12-31",
        "acceptedDate": "2014-12-30 19:00:00",
        "calendarYear": "2014",
        "period": "Q4",
        "revenue": 1333705000,
        "costOfRevenue": 2630259000,
        "grossProfit": -1296554000,
        "grossProfitRatio": -0.9721445147,
        "researchAndDevelopmentExpenses": 0,
        "generalAndAdministrativeExpenses": 0,
        "sellingAndMarketingExpenses": 0,
        "sellingGeneralAndAdministrativeExpenses": 0,
        "otherExpenses": -1920996000,
        "operatingExpenses": -1920996000,
        "costAndExpenses": 709263000,
        "interestIncome": 0,
        "interestExpense": 0,
        "depreciationAndAmortization": 253334000,
        "ebitda": 914991000,
        "ebitdaratio": 0.686052013,
        "operatingIncome": 667866000,
        "operatingIncomeRatio": 0.5007599132,
        "totalOtherIncomeExpensesNet": -9550000,
        "incomeBeforeTax": 658316000,
        "incomeBeforeTaxRatio": 0.4935994092,
        "incomeTaxExpense": 30926000,
        "netIncome": 627390000,
        "netIncomeRatio": 0.4704113728,
        "eps": 11.9,
        "epsdiluted": 11.9,
        "weightedAverageShsOut": 52560614,
        "weightedAverageShsOutDil": 52560614,
        "link": "",
        "finalLink": ""
    },
    {
        "date": "2014-09-30",
        "symbol": "PAC",
        "reportedCurrency": "MXN",
        "cik": "0001347557",
        "fillingDate": "2014-09-30",
        "acceptedDate": "2014-09-29 20:00:00",
        "calendarYear": "2014",
        "period": "Q3",
        "revenue": 1369297000,
        "costOfRevenue": 0,
        "grossProfit": 1369297000,
        "grossProfitRatio": 1,
        "researchAndDevelopmentExpenses": 0,
        "generalAndAdministrativeExpenses": 716513000,
        "sellingAndMarketingExpenses": 0,
        "sellingGeneralAndAdministrativeExpenses": 716513000,
        "otherExpenses": 0,
        "operatingExpenses": 716513000,
        "costAndExpenses": 716513000,
        "interestIncome": 9909000,
        "interestExpense": 17341000,
        "depreciationAndAmortization": 232487000,
        "ebitda": 875363000,
        "ebitdaratio": 0.6392791337,
        "operatingIncome": 652784000,
        "operatingIncomeRatio": 0.4767292998,
        "totalOtherIncomeExpensesNet": -6958000,
        "incomeBeforeTax": 645827000,
        "incomeBeforeTaxRatio": 0.4716485905,
        "incomeTaxExpense": 111620000,
        "netIncome": 534207000,
        "netIncomeRatio": 0.3901323088,
        "eps": 9.5,
        "epsdiluted": 9.5,
        "weightedAverageShsOut": 56100000,
        "weightedAverageShsOutDil": 56100000,
        "link": "",
        "finalLink": ""
    },
    {
        "date": "2014-06-30",
        "symbol": "PAC",
        "reportedCurrency": "MXN",
        "cik": "0001347557",
        "fillingDate": "2014-06-30",
        "acceptedDate": "2014-06-29 20:00:00",
        "calendarYear": "2014",
        "period": "Q2",
        "revenue": 1410824000,
        "costOfRevenue": 0,
        "grossProfit": 1410824000,
        "grossProfitRatio": 1,
        "researchAndDevelopmentExpenses": 0,
        "generalAndAdministrativeExpenses": 721307000,
        "sellingAndMarketingExpenses": 0,
        "sellingGeneralAndAdministrativeExpenses": 721307000,
        "otherExpenses": 0,
        "operatingExpenses": 721307000,
        "costAndExpenses": 721307000,
        "interestIncome": 10830000,
        "interestExpense": 16835000,
        "depreciationAndAmortization": 231956000,
        "ebitda": 921473000,
        "ebitdaratio": 0.6531452541,
        "operatingIncome": 689517000,
        "operatingIncomeRatio": 0.4887335344,
        "totalOtherIncomeExpensesNet": -6114000,
        "incomeBeforeTax": 683405000,
        "incomeBeforeTaxRatio": 0.4844013144,
        "incomeTaxExpense": 251928000,
        "netIncome": 431477000,
        "netIncomeRatio": 0.3058333286,
        "eps": 7.7,
        "epsdiluted": 7.7,
        "weightedAverageShsOut": 56100000,
        "weightedAverageShsOutDil": 56100000,
        "link": "",
        "finalLink": ""
    },
    {
        "date": "2014-03-31",
        "symbol": "PAC",
        "reportedCurrency": "MXN",
        "cik": "0001347557",
        "fillingDate": "2014-03-31",
        "acceptedDate": "2014-03-30 20:00:00",
        "calendarYear": "2014",
        "period": "Q1",
        "revenue": 1432326000,
        "costOfRevenue": 0,
        "grossProfit": 1432326000,
        "grossProfitRatio": 1,
        "researchAndDevelopmentExpenses": 0,
        "generalAndAdministrativeExpenses": 682768000,
        "sellingAndMarketingExpenses": 0,
        "sellingGeneralAndAdministrativeExpenses": 682768000,
        "otherExpenses": -5365000,
        "operatingExpenses": 677403000,
        "costAndExpenses": 677403000,
        "interestIncome": 41938000,
        "interestExpense": 33025000,
        "depreciationAndAmortization": 265304000,
        "ebitda": 1020227000,
        "ebitdaratio": 0.7122868677,
        "operatingIncome": 754923000,
        "operatingIncomeRatio": 0.5270608786,
        "totalOtherIncomeExpensesNet": 14629000,
        "incomeBeforeTax": 769551000,
        "incomeBeforeTaxRatio": 0.5372736374,
        "incomeTaxExpense": 120105000,
        "netIncome": 649446000,
        "netIncomeRatio": 0.4534205202,
        "eps": 11.6,
        "epsdiluted": 11.6,
        "weightedAverageShsOut": 56100000,
        "weightedAverageShsOutDil": 56100000,
        "link": "",
        "finalLink": ""
    },
    {
        "date": "2013-12-31",
        "symbol": "PAC",
        "reportedCurrency": "MXN",
        "cik": "0001347557",
        "fillingDate": "2013-12-31",
        "acceptedDate": "2013-12-30 19:00:00",
        "calendarYear": "2013",
        "period": "Q4",
        "revenue": 1340796000,
        "costOfRevenue": 1569679000,
        "grossProfit": -228883000,
        "grossProfitRatio": -0.170706804,
        "researchAndDevelopmentExpenses": 0,
        "generalAndAdministrativeExpenses": 0,
        "sellingAndMarketingExpenses": 0,
        "sellingGeneralAndAdministrativeExpenses": 0,
        "otherExpenses": -841997000,
        "operatingExpenses": -841997000,
        "costAndExpenses": 727682000,
        "interestIncome": 13885000,
        "interestExpense": 27723000,
        "depreciationAndAmortization": 238383000,
        "ebitda": 858950000,
        "ebitdaratio": 0.6406269112,
        "operatingIncome": 620567000,
        "operatingIncomeRatio": 0.4628347638,
        "totalOtherIncomeExpensesNet": 8887000,
        "incomeBeforeTax": 629454000,
        "incomeBeforeTaxRatio": 0.4694629161,
        "incomeTaxExpense": -266433000,
        "netIncome": 895887000,
        "netIncomeRatio": 0.6681754719,
        "eps": 16.4,
        "epsdiluted": 16.4,
        "weightedAverageShsOut": 54553091,
        "weightedAverageShsOutDil": 54553091,
        "link": "",
        "finalLink": ""
    },
    {
        "date": "2013-09-30",
        "symbol": "PAC",
        "reportedCurrency": "MXN",
        "cik": "0001347557",
        "fillingDate": "2013-09-30",
        "acceptedDate": "2013-09-29 20:00:00",
        "calendarYear": "2013",
        "period": "Q3",
        "revenue": 1318727000,
        "costOfRevenue": 0,
        "grossProfit": 1318727000,
        "grossProfitRatio": 1,
        "researchAndDevelopmentExpenses": 0,
        "generalAndAdministrativeExpenses": 729034000,
        "sellingAndMarketingExpenses": 0,
        "sellingGeneralAndAdministrativeExpenses": 729034000,
        "otherExpenses": 0,
        "operatingExpenses": 729034000,
        "costAndExpenses": 729034000,
        "interestIncome": 33895000,
        "interestExpense": 37814000,
        "depreciationAndAmortization": 253662000,
        "ebitda": 843442000,
        "ebitdaratio": 0.6395880269,
        "operatingIncome": 589693000,
        "operatingIncomeRatio": 0.4471683677,
        "totalOtherIncomeExpensesNet": -3831000,
        "incomeBeforeTax": 585862000,
        "incomeBeforeTaxRatio": 0.4442632933,
        "incomeTaxExpense": 120779000,
        "netIncome": 465083000,
        "netIncomeRatio": 0.3526757244,
        "eps": 8.8,
        "epsdiluted": 8.8,
        "weightedAverageShsOut": 52850340,
        "weightedAverageShsOutDil": 52850340,
        "link": "",
        "finalLink": ""
    },
    {
        "date": "2013-06-30",
        "symbol": "PAC",
        "reportedCurrency": "MXN",
        "cik": "0001347557",
        "fillingDate": "2013-06-30",
        "acceptedDate": "2013-06-29 20:00:00",
        "calendarYear": "2013",
        "period": "Q2",
        "revenue": 1266003000,
        "costOfRevenue": 0,
        "grossProfit": 1266003000,
        "grossProfitRatio": 1,
        "researchAndDevelopmentExpenses": 0,
        "generalAndAdministrativeExpenses": 709810000,
        "sellingAndMarketingExpenses": 0,
        "sellingGeneralAndAdministrativeExpenses": 709810000,
        "otherExpenses": 0,
        "operatingExpenses": 709810000,
        "costAndExpenses": 709810000,
        "interestIncome": 26494000,
        "interestExpense": 70821000,
        "depreciationAndAmortization": 234974000,
        "ebitda": 791167000,
        "ebitdaratio": 0.6249329583,
        "operatingIncome": 556193000,
        "operatingIncomeRatio": 0.4393299226,
        "totalOtherIncomeExpensesNet": -17647000,
        "incomeBeforeTax": 538546000,
        "incomeBeforeTaxRatio": 0.4253907771,
        "incomeTaxExpense": 190442000,
        "netIncome": 348104000,
        "netIncomeRatio": 0.2749630135,
        "eps": 6.2,
        "epsdiluted": 6.2,
        "weightedAverageShsOut": 56145806,
        "weightedAverageShsOutDil": 56145806,
        "link": "",
        "finalLink": ""
    },
    {
        "date": "2013-03-31",
        "symbol": "PAC",
        "reportedCurrency": "MXN",
        "cik": "0001347557",
        "fillingDate": "2013-03-31",
        "acceptedDate": "2013-03-30 20:00:00",
        "calendarYear": "2013",
        "period": "Q1",
        "revenue": 1302311000,
        "costOfRevenue": 0,
        "grossProfit": 1302311000,
        "grossProfitRatio": 1,
        "researchAndDevelopmentExpenses": 0,
        "generalAndAdministrativeExpenses": 695558000,
        "sellingAndMarketingExpenses": 0,
        "sellingGeneralAndAdministrativeExpenses": 695558000,
        "otherExpenses": 28000,
        "operatingExpenses": 695586000,
        "costAndExpenses": 695586000,
        "interestIncome": 29023000,
        "interestExpense": 42787000,
        "depreciationAndAmortization": 249177000,
        "ebitda": 831098000,
        "ebitdaratio": 0.638171681,
        "operatingIncome": 606725000,
        "operatingIncomeRatio": 0.4658833412,
        "totalOtherIncomeExpensesNet": -38568000,
        "incomeBeforeTax": 568157000,
        "incomeBeforeTaxRatio": 0.4362682954,
        "incomeTaxExpense": 31001000,
        "netIncome": 537156000,
        "netIncomeRatio": 0.4124636895,
        "eps": 7.6,
        "epsdiluted": 7.6,
        "weightedAverageShsOut": 70678421,
        "weightedAverageShsOutDil": 70678421,
        "link": "",
        "finalLink": ""
    },
    {
        "date": "2012-12-31",
        "symbol": "PAC",
        "reportedCurrency": "MXN",
        "cik": "0001347557",
        "fillingDate": "2012-12-31",
        "acceptedDate": "2012-12-30 19:00:00",
        "calendarYear": "2012",
        "period": "Q4",
        "revenue": 1214392000,
        "costOfRevenue": 2457465000,
        "grossProfit": -1243073000,
        "grossProfitRatio": -1.0236175798,
        "researchAndDevelopmentExpenses": 0,
        "generalAndAdministrativeExpenses": 0,
        "sellingAndMarketingExpenses": 0,
        "sellingGeneralAndAdministrativeExpenses": 0,
        "otherExpenses": -1760851000,
        "operatingExpenses": -1760851000,
        "costAndExpenses": 696614000,
        "interestIncome": 27132000,
        "interestExpense": 34295000,
        "depreciationAndAmortization": 242010000,
        "ebitda": 758455000,
        "ebitdaratio": 0.624555333,
        "operatingIncome": 516445000,
        "operatingIncomeRatio": 0.4252704234,
        "totalOtherIncomeExpensesNet": -1849000,
        "incomeBeforeTax": 514596000,
        "incomeBeforeTaxRatio": 0.4237478508,
        "incomeTaxExpense": -12521000,
        "netIncome": 527117000,
        "netIncomeRatio": 0.4340583601,
        "eps": 8.5,
        "epsdiluted": 8.5,
        "weightedAverageShsOut": 61875240,
        "weightedAverageShsOutDil": 61875240,
        "link": "",
        "finalLink": ""
    },
    {
        "date": "2012-09-30",
        "symbol": "PAC",
        "reportedCurrency": "MXN",
        "cik": "0001347557",
        "fillingDate": "2012-09-30",
        "acceptedDate": "2012-09-29 20:00:00",
        "calendarYear": "2012",
        "period": "Q3",
        "revenue": 1260374000,
        "costOfRevenue": 0,
        "grossProfit": 1260374000,
        "grossProfitRatio": 1,
        "researchAndDevelopmentExpenses": 0,
        "generalAndAdministrativeExpenses": 0,
        "sellingAndMarketingExpenses": 0,
        "sellingGeneralAndAdministrativeExpenses": 715513000,
        "otherExpenses": 506000,
        "operatingExpenses": 716019000,
        "costAndExpenses": 716019000,
        "interestIncome": 34618000,
        "interestExpense": 31833000,
        "depreciationAndAmortization": 232445000,
        "ebitda": 776800000,
        "ebitdaratio": 0.6163249956,
        "operatingIncome": 544355000,
        "operatingIncomeRatio": 0.431899579,
        "totalOtherIncomeExpensesNet": -18930000,
        "incomeBeforeTax": 525425000,
        "incomeBeforeTaxRatio": 0.4168802276,
        "incomeTaxExpense": 56094000,
        "netIncome": 469331000,
        "netIncomeRatio": 0.3723743905,
        "eps": 8.8,
        "epsdiluted": 8.8,
        "weightedAverageShsOut": 53333068,
        "weightedAverageShsOutDil": 53333068,
        "link": "",
        "finalLink": ""
    },
    {
        "date": "2012-06-30",
        "symbol": "PAC",
        "reportedCurrency": "MXN",
        "cik": "0001347557",
        "fillingDate": "2012-06-30",
        "acceptedDate": "2012-06-29 20:00:00",
        "calendarYear": "2012",
        "period": "Q2",
        "revenue": 1223467000,
        "costOfRevenue": 0,
        "grossProfit": 1223467000,
        "grossProfitRatio": 1,
        "researchAndDevelopmentExpenses": 0,
        "generalAndAdministrativeExpenses": 0,
        "sellingAndMarketingExpenses": 0,
        "sellingGeneralAndAdministrativeExpenses": 696395000,
        "otherExpenses": 197000,
        "operatingExpenses": 696592000,
        "costAndExpenses": 696592000,
        "interestIncome": 31254000,
        "interestExpense": 27452000,
        "depreciationAndAmortization": 230498000,
        "ebitda": 782472000,
        "ebitdaratio": 0.639553008,
        "operatingIncome": 526875000,
        "operatingIncomeRatio": 0.4306409572,
        "totalOtherIncomeExpensesNet": 28901000,
        "incomeBeforeTax": 555776000,
        "incomeBeforeTaxRatio": 0.4542631718,
        "incomeTaxExpense": 205123000,
        "netIncome": 350653000,
        "netIncomeRatio": 0.2866060139,
        "eps": 6.3,
        "epsdiluted": 6.3,
        "weightedAverageShsOut": 55659206,
        "weightedAverageShsOutDil": 55659206,
        "link": "",
        "finalLink": ""
    },
    {
        "date": "2012-03-31",
        "symbol": "PAC",
        "reportedCurrency": "MXN",
        "cik": "0001347557",
        "fillingDate": "2012-03-31",
        "acceptedDate": "2012-03-30 20:00:00",
        "calendarYear": "2012",
        "period": "Q1",
        "revenue": 1246434000,
        "costOfRevenue": 0,
        "grossProfit": 1246434000,
        "grossProfitRatio": 1,
        "researchAndDevelopmentExpenses": 0,
        "generalAndAdministrativeExpenses": 0,
        "sellingAndMarketingExpenses": 0,
        "sellingGeneralAndAdministrativeExpenses": 720671000,
        "otherExpenses": -63000,
        "operatingExpenses": 720608000,
        "costAndExpenses": 720608000,
        "interestIncome": 29075000,
        "interestExpense": 27738000,
        "depreciationAndAmortization": 149201000,
        "ebitda": 730301000,
        "ebitdaratio": 0.5859122906,
        "operatingIncome": 525826000,
        "operatingIncomeRatio": 0.4218642945,
        "totalOtherIncomeExpensesNet": -22143000,
        "incomeBeforeTax": 424929000,
        "incomeBeforeTaxRatio": 0.3409157645,
        "incomeTaxExpense": 78754000,
        "netIncome": 424929000,
        "netIncomeRatio": 0.3409157645,
        "eps": 7.9,
        "epsdiluted": 7.9,
        "weightedAverageShsOut": 56100000,
        "weightedAverageShsOutDil": 56100000,
        "link": "",
        "finalLink": ""
    },
    {
        "date": "2011-12-31",
        "symbol": "PAC",
        "reportedCurrency": "MXN",
        "cik": "0001347557",
        "fillingDate": "2011-12-31",
        "acceptedDate": "2011-12-30 19:00:00",
        "calendarYear": "2011",
        "period": "Q4",
        "revenue": 1255878000,
        "costOfRevenue": 1285703000,
        "grossProfit": -29825000,
        "grossProfitRatio": -0.0237483259,
        "researchAndDevelopmentExpenses": 0,
        "generalAndAdministrativeExpenses": 0,
        "sellingAndMarketingExpenses": 0,
        "sellingGeneralAndAdministrativeExpenses": 37423000,
        "otherExpenses": -520498000,
        "operatingExpenses": -483075000,
        "costAndExpenses": 802628000,
        "interestIncome": 0,
        "interestExpense": 131458000,
        "depreciationAndAmortization": 405864000,
        "ebitda": 859114000,
        "ebitdaratio": 0.6840744085,
        "operatingIncome": 453250000,
        "operatingIncomeRatio": 0.3609028902,
        "totalOtherIncomeExpensesNet": 16613000,
        "incomeBeforeTax": 469863000,
        "incomeBeforeTaxRatio": 0.374131086,
        "incomeTaxExpense": -83517000,
        "netIncome": 553380000,
        "netIncomeRatio": 0.4406319722,
        "eps": 10.1,
        "epsdiluted": 10.1,
        "weightedAverageShsOut": 54937754,
        "weightedAverageShsOutDil": 54937754,
        "link": "",
        "finalLink": ""
    },
    {
        "date": "2011-09-30",
        "symbol": "PAC",
        "reportedCurrency": "MXN",
        "cik": "0001347557",
        "fillingDate": "2011-09-30",
        "acceptedDate": "2011-09-29 20:00:00",
        "calendarYear": "2011",
        "period": "Q3",
        "revenue": 1228887000,
        "costOfRevenue": 255072000,
        "grossProfit": 973815000,
        "grossProfitRatio": 0.7924365707,
        "researchAndDevelopmentExpenses": 0,
        "generalAndAdministrativeExpenses": 32486000,
        "sellingAndMarketingExpenses": 0,
        "sellingGeneralAndAdministrativeExpenses": 32486000,
        "otherExpenses": 553922000,
        "operatingExpenses": 586408000,
        "costAndExpenses": 841480000,
        "interestIncome": 20764000,
        "interestExpense": 26323000,
        "depreciationAndAmortization": 229822000,
        "ebitda": 617230000,
        "ebitdaratio": 0.502267499,
        "operatingIncome": 387408000,
        "operatingIncomeRatio": 0.3152511175,
        "totalOtherIncomeExpensesNet": -7468000,
        "incomeBeforeTax": 418317000,
        "incomeBeforeTaxRatio": 0.3404031453,
        "incomeTaxExpense": 75560000,
        "netIncome": 342757000,
        "netIncomeRatio": 0.2789166132,
        "eps": 6.9,
        "epsdiluted": 6.9,
        "weightedAverageShsOut": 53789565,
        "weightedAverageShsOutDil": 53789565,
        "link": "",
        "finalLink": ""
    },
    {
        "date": "2011-06-30",
        "symbol": "PAC",
        "reportedCurrency": "MXN",
        "cik": "0001347557",
        "fillingDate": "2011-06-30",
        "acceptedDate": "2011-06-29 20:00:00",
        "calendarYear": "2011",
        "period": "Q2",
        "revenue": 1210912000,
        "costOfRevenue": 248759000,
        "grossProfit": 962153000,
        "grossProfitRatio": 0.7945688869,
        "researchAndDevelopmentExpenses": 0,
        "generalAndAdministrativeExpenses": 31947000,
        "sellingAndMarketingExpenses": 0,
        "sellingGeneralAndAdministrativeExpenses": 31947000,
        "otherExpenses": 556515000,
        "operatingExpenses": 588462000,
        "costAndExpenses": 837221000,
        "interestIncome": 38085000,
        "interestExpense": 30309000,
        "depreciationAndAmortization": 233309000,
        "ebitda": 631485000,
        "ebitdaratio": 0.5214953688,
        "operatingIncome": 373691000,
        "operatingIncomeRatio": 0.3086029373,
        "totalOtherIncomeExpensesNet": -41983000,
        "incomeBeforeTax": 374918000,
        "incomeBeforeTaxRatio": 0.3096162231,
        "incomeTaxExpense": 185252000,
        "netIncome": 189665000,
        "netIncomeRatio": 0.156629879,
        "eps": 4,
        "epsdiluted": 4,
        "weightedAverageShsOut": 54505500,
        "weightedAverageShsOutDil": 54505500,
        "link": "",
        "finalLink": ""
    },
    {
        "date": "2011-03-31",
        "symbol": "PAC",
        "reportedCurrency": "MXN",
        "cik": "0001347557",
        "fillingDate": "2011-03-31",
        "acceptedDate": "2011-03-30 20:00:00",
        "calendarYear": "2011",
        "period": "Q1",
        "revenue": 1243056000,
        "costOfRevenue": 231572000,
        "grossProfit": 1011484000,
        "grossProfitRatio": 0.8137075079,
        "researchAndDevelopmentExpenses": 0,
        "generalAndAdministrativeExpenses": 34335000,
        "sellingAndMarketingExpenses": 0,
        "sellingGeneralAndAdministrativeExpenses": 34335000,
        "otherExpenses": 547957000,
        "operatingExpenses": 582292000,
        "costAndExpenses": 813864000,
        "interestIncome": 26774000,
        "interestExpense": 18122000,
        "depreciationAndAmortization": 223170000,
        "ebitda": 652362000,
        "ebitdaratio": 0.5248049967,
        "operatingIncome": 429192000,
        "operatingIncomeRatio": 0.3452716531,
        "totalOtherIncomeExpensesNet": -49981000,
        "incomeBeforeTax": 434762000,
        "incomeBeforeTaxRatio": 0.3497525453,
        "incomeTaxExpense": 36124000,
        "netIncome": 398638000,
        "netIncomeRatio": 0.3206919077,
        "eps": 7.9,
        "epsdiluted": 7.3,
        "weightedAverageShsOut": 54759873,
        "weightedAverageShsOutDil": 54759873,
        "link": "",
        "finalLink": ""
    },
    {
        "date": "2010-12-31",
        "symbol": "PAC",
        "reportedCurrency": "MXN",
        "cik": "0001347557",
        "fillingDate": "2010-12-31",
        "acceptedDate": "2010-12-30 19:00:00",
        "calendarYear": "2010",
        "period": "Q4",
        "revenue": 1570670000,
        "costOfRevenue": 247062000,
        "grossProfit": 1323608000,
        "grossProfitRatio": 0.8427027956,
        "researchAndDevelopmentExpenses": 0,
        "generalAndAdministrativeExpenses": 0,
        "sellingAndMarketingExpenses": 0,
        "sellingGeneralAndAdministrativeExpenses": 31052000,
        "otherExpenses": 1815063000,
        "operatingExpenses": 1846115000,
        "costAndExpenses": 2093177000,
        "interestIncome": 0,
        "interestExpense": 0,
        "depreciationAndAmortization": 389326000,
        "ebitda": -133181000,
        "ebitdaratio": -0.0847924771,
        "operatingIncome": -522507000,
        "operatingIncomeRatio": -0.332665041,
        "totalOtherIncomeExpensesNet": 908184000,
        "incomeBeforeTax": 385677000,
        "incomeBeforeTaxRatio": 0.2455493516,
        "incomeTaxExpense": -250329000,
        "netIncome": 636006000,
        "netIncomeRatio": 0.40492656,
        "eps": 11.4,
        "epsdiluted": 11.4,
        "weightedAverageShsOut": 55962098,
        "weightedAverageShsOutDil": 55962098,
        "link": "",
        "finalLink": ""
    },
    {
        "date": "2010-09-30",
        "symbol": "PAC",
        "reportedCurrency": "MXN",
        "cik": "0001347557",
        "fillingDate": "2010-09-30",
        "acceptedDate": "2010-09-29 20:00:00",
        "calendarYear": "2010",
        "period": "Q3",
        "revenue": 935921000,
        "costOfRevenue": 254340000,
        "grossProfit": 681581000,
        "grossProfitRatio": 0.7282462943,
        "researchAndDevelopmentExpenses": 0,
        "generalAndAdministrativeExpenses": 31749000,
        "sellingAndMarketingExpenses": 0,
        "sellingGeneralAndAdministrativeExpenses": 31749000,
        "otherExpenses": 16355000,
        "operatingExpenses": 48104000,
        "costAndExpenses": 302444000,
        "interestIncome": 0,
        "interestExpense": 235175000,
        "depreciationAndAmortization": 214691000,
        "ebitda": 603226000,
        "ebitdaratio": 0.6445266214,
        "operatingIncome": 633477000,
        "operatingIncomeRatio": 0.6768487939,
        "totalOtherIncomeExpensesNet": 9766000,
        "incomeBeforeTax": 398302000,
        "incomeBeforeTaxRatio": 0.4255722438,
        "incomeTaxExpense": 73990000,
        "netIncome": 324312000,
        "netIncomeRatio": 0.3465164261,
        "eps": 5.8,
        "epsdiluted": 5.8,
        "weightedAverageShsOut": 56099636,
        "weightedAverageShsOutDil": 56099636,
        "link": "",
        "finalLink": ""
    },
    {
        "date": "2010-06-30",
        "symbol": "PAC",
        "reportedCurrency": "MXN",
        "cik": "0001347557",
        "fillingDate": "2010-06-30",
        "acceptedDate": "2010-06-29 20:00:00",
        "calendarYear": "2010",
        "period": "Q2",
        "revenue": 923192000,
        "costOfRevenue": 235129000,
        "grossProfit": 688063000,
        "grossProfitRatio": 0.7453086682,
        "researchAndDevelopmentExpenses": 0,
        "generalAndAdministrativeExpenses": 32105000,
        "sellingAndMarketingExpenses": 0,
        "sellingGeneralAndAdministrativeExpenses": 32105000,
        "otherExpenses": 279293000,
        "operatingExpenses": 311398000,
        "costAndExpenses": 546527000,
        "interestIncome": 0,
        "interestExpense": 0,
        "depreciationAndAmortization": 233326000,
        "ebitda": 609992000,
        "ebitdaratio": 0.6607422941,
        "operatingIncome": 376666000,
        "operatingIncomeRatio": 0.4080039688,
        "totalOtherIncomeExpensesNet": 9950000,
        "incomeBeforeTax": 386616000,
        "incomeBeforeTaxRatio": 0.4187817919,
        "incomeTaxExpense": 211288000,
        "netIncome": 175328000,
        "netIncomeRatio": 0.1899149906,
        "eps": 3.1,
        "epsdiluted": 3.1,
        "weightedAverageShsOut": 56104960,
        "weightedAverageShsOutDil": 56104960,
        "link": "",
        "finalLink": ""
    },
    {
        "date": "2010-03-31",
        "symbol": "PAC",
        "reportedCurrency": "MXN",
        "cik": "0001347557",
        "fillingDate": "2010-03-31",
        "acceptedDate": "2010-03-30 20:00:00",
        "calendarYear": "2010",
        "period": "Q1",
        "revenue": 943886000,
        "costOfRevenue": 227342000,
        "grossProfit": 716544000,
        "grossProfitRatio": 0.7591425236,
        "researchAndDevelopmentExpenses": 0,
        "generalAndAdministrativeExpenses": 33478000,
        "sellingAndMarketingExpenses": 0,
        "sellingGeneralAndAdministrativeExpenses": 33478000,
        "otherExpenses": 261103000,
        "operatingExpenses": 294581000,
        "costAndExpenses": 521923000,
        "interestIncome": 0,
        "interestExpense": 0,
        "depreciationAndAmortization": 214125000,
        "ebitda": 636088000,
        "ebitdaratio": 0.6739034163,
        "operatingIncome": 421963000,
        "operatingIncomeRatio": 0.4470486902,
        "totalOtherIncomeExpensesNet": 3055000,
        "incomeBeforeTax": 425018000,
        "incomeBeforeTaxRatio": 0.4502853099,
        "incomeTaxExpense": -130401000,
        "netIncome": 555419000,
        "netIncomeRatio": 0.5884386462,
        "eps": 9.9,
        "epsdiluted": 9.9,
        "weightedAverageShsOut": 56102929,
        "weightedAverageShsOutDil": 56102929,
        "link": "",
        "finalLink": ""
    },
    {
        "date": "2009-12-31",
        "symbol": "PAC",
        "reportedCurrency": "MXN",
        "cik": "0001347557",
        "fillingDate": "2009-12-31",
        "acceptedDate": "2009-12-30 19:00:00",
        "calendarYear": "2009",
        "period": "Q4",
        "revenue": 832339000,
        "costOfRevenue": 223737000,
        "grossProfit": 608602000,
        "grossProfitRatio": 0.7311948617,
        "researchAndDevelopmentExpenses": 0,
        "generalAndAdministrativeExpenses": 0,
        "sellingAndMarketingExpenses": 0,
        "sellingGeneralAndAdministrativeExpenses": 28359000,
        "otherExpenses": 250230000,
        "operatingExpenses": 278589000,
        "costAndExpenses": 502326000,
        "interestIncome": 0,
        "interestExpense": 97267000,
        "depreciationAndAmortization": 208798000,
        "ebitda": 660874000,
        "ebitdaratio": 0.7939961963,
        "operatingIncome": 452076000,
        "operatingIncomeRatio": 0.5431392738,
        "totalOtherIncomeExpensesNet": 24796000,
        "incomeBeforeTax": 354809000,
        "incomeBeforeTaxRatio": 0.4262794366,
        "incomeTaxExpense": 23467000,
        "netIncome": 331342000,
        "netIncomeRatio": 0.3980853955,
        "eps": 5.9,
        "epsdiluted": 5.9,
        "weightedAverageShsOut": 56051020,
        "weightedAverageShsOutDil": 56051020,
        "link": "",
        "finalLink": ""
    },
    {
        "date": "2009-09-30",
        "symbol": "PAC",
        "reportedCurrency": "MXN",
        "cik": "0001347557",
        "fillingDate": "2009-09-30",
        "acceptedDate": "2009-09-29 20:00:00",
        "calendarYear": "2009",
        "period": "Q3",
        "revenue": 791211000,
        "costOfRevenue": 194590000,
        "grossProfit": 596621000,
        "grossProfitRatio": 0.7540605477,
        "researchAndDevelopmentExpenses": 0,
        "generalAndAdministrativeExpenses": 27862000,
        "sellingAndMarketingExpenses": 0,
        "sellingGeneralAndAdministrativeExpenses": 27862000,
        "otherExpenses": 250432000,
        "operatingExpenses": 278294000,
        "costAndExpenses": 472884000,
        "interestIncome": 0,
        "interestExpense": 0,
        "depreciationAndAmortization": 211057000,
        "ebitda": 529384000,
        "ebitdaratio": 0.6690806877,
        "operatingIncome": 318327000,
        "operatingIncomeRatio": 0.4023288352,
        "totalOtherIncomeExpensesNet": 18147000,
        "incomeBeforeTax": 336474000,
        "incomeBeforeTaxRatio": 0.4252645628,
        "incomeTaxExpense": 22568000,
        "netIncome": 313906000,
        "netIncomeRatio": 0.396741198,
        "eps": 5.6,
        "epsdiluted": 5.6,
        "weightedAverageShsOut": 56054642,
        "weightedAverageShsOutDil": 56054642,
        "link": "",
        "finalLink": ""
    },
    {
        "date": "2009-06-30",
        "symbol": "PAC",
        "reportedCurrency": "MXN",
        "cik": "0001347557",
        "fillingDate": "2009-06-30",
        "acceptedDate": "2009-06-29 20:00:00",
        "calendarYear": "2009",
        "period": "Q2",
        "revenue": 749836000,
        "costOfRevenue": 237036000,
        "grossProfit": 512800000,
        "grossProfitRatio": 0.6838828757,
        "researchAndDevelopmentExpenses": 0,
        "generalAndAdministrativeExpenses": 23776000,
        "sellingAndMarketingExpenses": 0,
        "sellingGeneralAndAdministrativeExpenses": 23776000,
        "otherExpenses": 243198000,
        "operatingExpenses": 266974000,
        "costAndExpenses": 504010000,
        "interestIncome": 2256000,
        "interestExpense": 47509000,
        "depreciationAndAmortization": 205923000,
        "ebitda": 451749000,
        "ebitdaratio": 0.6024637387,
        "operatingIncome": 245826000,
        "operatingIncomeRatio": 0.3278396876,
        "totalOtherIncomeExpensesNet": -47510000,
        "incomeBeforeTax": 198316000,
        "incomeBeforeTaxRatio": 0.2644791661,
        "incomeTaxExpense": 49882000,
        "netIncome": 148435000,
        "netIncomeRatio": 0.1979566198,
        "eps": 2.6,
        "epsdiluted": 2.6,
        "weightedAverageShsOut": 56097883,
        "weightedAverageShsOutDil": 56097883,
        "link": "",
        "finalLink": ""
    },
    {
        "date": "2009-03-31",
        "symbol": "PAC",
        "reportedCurrency": "MXN",
        "cik": "0001347557",
        "fillingDate": "2009-03-31",
        "acceptedDate": "2009-03-30 20:00:00",
        "calendarYear": "2009",
        "period": "Q1",
        "revenue": 892854000,
        "costOfRevenue": 213952000,
        "grossProfit": 678902000,
        "grossProfitRatio": 0.7603729165,
        "researchAndDevelopmentExpenses": 0,
        "generalAndAdministrativeExpenses": 31724000,
        "sellingAndMarketingExpenses": 0,
        "sellingGeneralAndAdministrativeExpenses": 31724000,
        "otherExpenses": 247482000,
        "operatingExpenses": 279206000,
        "costAndExpenses": 493158000,
        "interestIncome": 0,
        "interestExpense": 0,
        "depreciationAndAmortization": 203057000,
        "ebitda": 602753000,
        "ebitdaratio": 0.6750857363,
        "operatingIncome": 399696000,
        "operatingIncomeRatio": 0.4476610958,
        "totalOtherIncomeExpensesNet": 51065000,
        "incomeBeforeTax": 450761000,
        "incomeBeforeTaxRatio": 0.5048540971,
        "incomeTaxExpense": 45000000,
        "netIncome": 405762000,
        "netIncomeRatio": 0.4544550397,
        "eps": 7.2,
        "epsdiluted": 7.2,
        "weightedAverageShsOut": 56098714,
        "weightedAverageShsOutDil": 56098714,
        "link": "",
        "finalLink": ""
    }
]