[
    {
        "date": "2021-12-31",
        "symbol": "PBCT",
        "reportedCurrency": "USD",
        "cik": "0001378946",
        "fillingDate": "2022-03-01",
        "acceptedDate": "2022-03-01 11:21:13",
        "calendarYear": "2021",
        "period": "Q4",
        "revenue": 461600000,
        "costOfRevenue": 0,
        "grossProfit": 461600000,
        "grossProfitRatio": 1,
        "researchAndDevelopmentExpenses": 0,
        "generalAndAdministrativeExpenses": 174100000,
        "sellingAndMarketingExpenses": 0,
        "sellingGeneralAndAdministrativeExpenses": 174100000,
        "otherExpenses": -423600000,
        "operatingExpenses": -249500000,
        "costAndExpenses": -249500000,
        "interestIncome": 384200000,
        "interestExpense": 22200000,
        "depreciationAndAmortization": 8300000,
        "ebitda": 220400000,
        "ebitdaratio": 0.4774696707,
        "operatingIncome": 212100000,
        "operatingIncomeRatio": 0.4594887348,
        "totalOtherIncomeExpensesNet": -22200000,
        "incomeBeforeTax": 189900000,
        "incomeBeforeTaxRatio": 0.4113951473,
        "incomeTaxExpense": 40000000,
        "netIncome": 149900000,
        "netIncomeRatio": 0.3247400347,
        "eps": 0.36,
        "epsdiluted": 0.35,
        "weightedAverageShsOut": 418286000,
        "weightedAverageShsOutDil": 425450000,
        "link": "https://www.sec.gov/Archives/edgar/data/1378946/000162828022004389/0001628280-22-004389-index.htm",
        "finalLink": "https://www.sec.gov/Archives/edgar/data/1378946/000162828022004389/pbct-20211231.htm"
    },
    {
        "date": "2021-09-30",
        "symbol": "PBCT",
        "reportedCurrency": "USD",
        "cik": "0001378946",
        "fillingDate": "2021-11-09",
        "acceptedDate": "2021-11-09 10:31:33",
        "calendarYear": "2021",
        "period": "Q3",
        "revenue": 470700000,
        "costOfRevenue": 0,
        "grossProfit": 470700000,
        "grossProfitRatio": 1,
        "researchAndDevelopmentExpenses": 0,
        "generalAndAdministrativeExpenses": 185900000,
        "sellingAndMarketingExpenses": 4600000,
        "sellingGeneralAndAdministrativeExpenses": 190500000,
        "otherExpenses": -468300000,
        "operatingExpenses": -277800000,
        "costAndExpenses": -277800000,
        "interestIncome": 393800000,
        "interestExpense": 23500000,
        "depreciationAndAmortization": 20100000,
        "ebitda": 213000000,
        "ebitdaratio": 0.4525175271,
        "operatingIncome": 192900000,
        "operatingIncomeRatio": 0.4098151689,
        "totalOtherIncomeExpensesNet": -23500000,
        "incomeBeforeTax": 169400000,
        "incomeBeforeTaxRatio": 0.3598895262,
        "incomeTaxExpense": 29700000,
        "netIncome": 139700000,
        "netIncomeRatio": 0.2967920119,
        "eps": 0.33,
        "epsdiluted": 0.33,
        "weightedAverageShsOut": 425625000,
        "weightedAverageShsOutDil": 425625000,
        "link": "https://www.sec.gov/Archives/edgar/data/1378946/000162828021022427/0001628280-21-022427-index.htm",
        "finalLink": "https://www.sec.gov/Archives/edgar/data/1378946/000162828021022427/pbct-20210930.htm"
    },
    {
        "date": "2021-06-30",
        "symbol": "PBCT",
        "reportedCurrency": "USD",
        "cik": "0001378946",
        "fillingDate": "2021-08-06",
        "acceptedDate": "2021-08-06 11:11:59",
        "calendarYear": "2021",
        "period": "Q2",
        "revenue": 479900000,
        "costOfRevenue": 0,
        "grossProfit": 479900000,
        "grossProfitRatio": 1,
        "researchAndDevelopmentExpenses": 0,
        "generalAndAdministrativeExpenses": 198300000,
        "sellingAndMarketingExpenses": 2700000,
        "sellingGeneralAndAdministrativeExpenses": 201000000,
        "otherExpenses": -439800000,
        "operatingExpenses": -238800000,
        "costAndExpenses": -238800000,
        "interestIncome": 406300000,
        "interestExpense": 25400000,
        "depreciationAndAmortization": 19900000,
        "ebitda": 261000000,
        "ebitdaratio": 0.5438633049,
        "operatingIncome": 241100000,
        "operatingIncomeRatio": 0.5023963326,
        "totalOtherIncomeExpensesNet": -25400000,
        "incomeBeforeTax": 215700000,
        "incomeBeforeTaxRatio": 0.4494686393,
        "incomeTaxExpense": 44900000,
        "netIncome": 170800000,
        "netIncomeRatio": 0.3559074807,
        "eps": 0.41,
        "epsdiluted": 0.4,
        "weightedAverageShsOut": 418250000,
        "weightedAverageShsOutDil": 425080000,
        "link": "https://www.sec.gov/Archives/edgar/data/1378946/000162828021016020/0001628280-21-016020-index.htm",
        "finalLink": "https://www.sec.gov/Archives/edgar/data/1378946/000162828021016020/pbct-20210630.htm"
    },
    {
        "date": "2021-03-31",
        "symbol": "PBCT",
        "reportedCurrency": "USD",
        "cik": "0001378946",
        "fillingDate": "2021-05-07",
        "acceptedDate": "2021-05-07 13:12:19",
        "calendarYear": "2021",
        "period": "Q1",
        "revenue": 480500000,
        "costOfRevenue": 0,
        "grossProfit": 480500000,
        "grossProfitRatio": 1,
        "researchAndDevelopmentExpenses": 0,
        "generalAndAdministrativeExpenses": 194800000,
        "sellingAndMarketingExpenses": 3100000,
        "sellingGeneralAndAdministrativeExpenses": 197900000,
        "otherExpenses": -465100000,
        "operatingExpenses": -267200000,
        "costAndExpenses": -267200000,
        "interestIncome": 417000000,
        "interestExpense": 31100000,
        "depreciationAndAmortization": 21800000,
        "ebitda": 235100000,
        "ebitdaratio": 0.4892819979,
        "operatingIncome": 213300000,
        "operatingIncomeRatio": 0.4439125911,
        "totalOtherIncomeExpensesNet": -31100000,
        "incomeBeforeTax": 182200000,
        "incomeBeforeTaxRatio": 0.3791883455,
        "incomeTaxExpense": 37700000,
        "netIncome": 144500000,
        "netIncomeRatio": 0.3007284079,
        "eps": 0.35,
        "epsdiluted": 0.34,
        "weightedAverageShsOut": 414706000,
        "weightedAverageShsOutDil": 422580000,
        "link": "https://www.sec.gov/Archives/edgar/data/1378946/000162828021009489/0001628280-21-009489-index.htm",
        "finalLink": "https://www.sec.gov/Archives/edgar/data/1378946/000162828021009489/pbct-20210331.htm"
    },
    {
        "date": "2020-12-31",
        "symbol": "PBCT",
        "reportedCurrency": "USD",
        "cik": "0001378946",
        "fillingDate": "2021-03-01",
        "acceptedDate": "2021-03-01 12:08:22",
        "calendarYear": "2020",
        "period": "Q4",
        "revenue": 485000000,
        "costOfRevenue": 0,
        "grossProfit": 485000000,
        "grossProfitRatio": 1,
        "researchAndDevelopmentExpenses": 0,
        "generalAndAdministrativeExpenses": 187900000,
        "sellingAndMarketingExpenses": 4400000,
        "sellingGeneralAndAdministrativeExpenses": 192300000,
        "otherExpenses": -738700000,
        "operatingExpenses": -546400000,
        "costAndExpenses": -546400000,
        "interestIncome": 421500000,
        "interestExpense": 38700000,
        "depreciationAndAmortization": 20400000,
        "ebitda": -41000000,
        "ebitdaratio": -0.0845360825,
        "operatingIncome": -61400000,
        "operatingIncomeRatio": -0.1265979381,
        "totalOtherIncomeExpensesNet": -38700000,
        "incomeBeforeTax": -100100000,
        "incomeBeforeTaxRatio": -0.2063917526,
        "incomeTaxExpense": 45200000,
        "netIncome": -145300000,
        "netIncomeRatio": -0.2995876289,
        "eps": -0.35,
        "epsdiluted": -0.35,
        "weightedAverageShsOut": 416735000,
        "weightedAverageShsOutDil": 420390000,
        "link": "https://www.sec.gov/Archives/edgar/data/1378946/000162828021003563/0001628280-21-003563-index.htm",
        "finalLink": "https://www.sec.gov/Archives/edgar/data/1378946/000162828021003563/pbct-20201231.htm"
    },
    {
        "date": "2020-09-30",
        "symbol": "PBCT",
        "reportedCurrency": "USD",
        "cik": "0001378946",
        "fillingDate": "2020-11-06",
        "acceptedDate": "2020-11-06 11:16:34",
        "calendarYear": "2020",
        "period": "Q3",
        "revenue": 492500000,
        "costOfRevenue": 0,
        "grossProfit": 492500000,
        "grossProfitRatio": 1,
        "researchAndDevelopmentExpenses": 0,
        "generalAndAdministrativeExpenses": 190800000,
        "sellingAndMarketingExpenses": 2600000,
        "sellingGeneralAndAdministrativeExpenses": 193400000,
        "otherExpenses": -468400000,
        "operatingExpenses": -275000000,
        "costAndExpenses": -275000000,
        "interestIncome": 436800000,
        "interestExpense": 45400000,
        "depreciationAndAmortization": 21100000,
        "ebitda": 238600000,
        "ebitdaratio": 0.4844670051,
        "operatingIncome": 217500000,
        "operatingIncomeRatio": 0.4416243655,
        "totalOtherIncomeExpensesNet": -45400000,
        "incomeBeforeTax": 172100000,
        "incomeBeforeTaxRatio": 0.3494416244,
        "incomeTaxExpense": 27500000,
        "netIncome": 144600000,
        "netIncomeRatio": 0.2936040609,
        "eps": 0.35,
        "epsdiluted": 0.34,
        "weightedAverageShsOut": 415000000,
        "weightedAverageShsOutDil": 420290000,
        "link": "https://www.sec.gov/Archives/edgar/data/1378946/000162828020015884/0001628280-20-015884-index.htm",
        "finalLink": "https://www.sec.gov/Archives/edgar/data/1378946/000162828020015884/pbct-20200930.htm"
    },
    {
        "date": "2020-06-30",
        "symbol": "PBCT",
        "reportedCurrency": "USD",
        "cik": "0001378946",
        "fillingDate": "2020-08-10",
        "acceptedDate": "2020-08-10 15:14:30",
        "calendarYear": "2020",
        "period": "Q2",
        "revenue": 495200000,
        "costOfRevenue": 0,
        "grossProfit": 495200000,
        "grossProfitRatio": 1,
        "researchAndDevelopmentExpenses": 0,
        "generalAndAdministrativeExpenses": 191900000,
        "sellingAndMarketingExpenses": 2500000,
        "sellingGeneralAndAdministrativeExpenses": 194400000,
        "otherExpenses": -527200000,
        "operatingExpenses": -332800000,
        "costAndExpenses": -332800000,
        "interestIncome": 457600000,
        "interestExpense": 52000000,
        "depreciationAndAmortization": 20800000,
        "ebitda": 183200000,
        "ebitdaratio": 0.3699515347,
        "operatingIncome": 162400000,
        "operatingIncomeRatio": 0.3279483037,
        "totalOtherIncomeExpensesNet": -52000000,
        "incomeBeforeTax": 110400000,
        "incomeBeforeTaxRatio": 0.2229402262,
        "incomeTaxExpense": 20500000,
        "netIncome": 89900000,
        "netIncomeRatio": 0.181542811,
        "eps": 0.22,
        "epsdiluted": 0.21,
        "weightedAverageShsOut": 411429000,
        "weightedAverageShsOutDil": 420150000,
        "link": "https://www.sec.gov/Archives/edgar/data/1378946/000162828020012315/0001628280-20-012315-index.htm",
        "finalLink": "https://www.sec.gov/Archives/edgar/data/1378946/000162828020012315/pbct-20200630.htm"
    },
    {
        "date": "2020-03-31",
        "symbol": "PBCT",
        "reportedCurrency": "USD",
        "cik": "0001378946",
        "fillingDate": "2020-05-11",
        "acceptedDate": "2020-05-11 15:50:23",
        "calendarYear": "2020",
        "period": "Q1",
        "revenue": 519800000,
        "costOfRevenue": 0,
        "grossProfit": 519800000,
        "grossProfitRatio": 1,
        "researchAndDevelopmentExpenses": 0,
        "generalAndAdministrativeExpenses": 199300000,
        "sellingAndMarketingExpenses": 3800000,
        "sellingGeneralAndAdministrativeExpenses": 203100000,
        "otherExpenses": -453600000,
        "operatingExpenses": -250500000,
        "costAndExpenses": -250500000,
        "interestIncome": 499100000,
        "interestExpense": 103100000,
        "depreciationAndAmortization": 21900000,
        "ebitda": 291200000,
        "ebitdaratio": 0.5602154675,
        "operatingIncome": 269300000,
        "operatingIncomeRatio": 0.5180838784,
        "totalOtherIncomeExpensesNet": -103100000,
        "incomeBeforeTax": 166200000,
        "incomeBeforeTaxRatio": 0.3197383609,
        "incomeTaxExpense": 35800000,
        "netIncome": 130400000,
        "netIncomeRatio": 0.2508657176,
        "eps": 0.31,
        "epsdiluted": 0.3,
        "weightedAverageShsOut": 423000000,
        "weightedAverageShsOutDil": 429770000,
        "link": "https://www.sec.gov/Archives/edgar/data/1378946/000162828020007419/0001628280-20-007419-index.htm",
        "finalLink": "https://www.sec.gov/Archives/edgar/data/1378946/000162828020002693/pbct-20191231.htm"
    },
    {
        "date": "2019-12-31",
        "symbol": "PBCT",
        "reportedCurrency": "USD",
        "cik": "0001378946",
        "fillingDate": "2020-03-02",
        "acceptedDate": "2020-03-02 16:16:33",
        "calendarYear": "2019",
        "period": "Q4",
        "revenue": 506900000,
        "costOfRevenue": 0,
        "grossProfit": 506900000,
        "grossProfitRatio": 1,
        "researchAndDevelopmentExpenses": 0,
        "generalAndAdministrativeExpenses": 195100000,
        "sellingAndMarketingExpenses": 4500000,
        "sellingGeneralAndAdministrativeExpenses": 199600000,
        "otherExpenses": -418500000,
        "operatingExpenses": -218900000,
        "costAndExpenses": -218900000,
        "interestIncome": 496800000,
        "interestExpense": 114100000,
        "depreciationAndAmortization": 22500000,
        "ebitda": 310500000,
        "ebitdaratio": 0.6125468534,
        "operatingIncome": 288000000,
        "operatingIncomeRatio": 0.5681594003,
        "totalOtherIncomeExpensesNet": -114100000,
        "incomeBeforeTax": 173900000,
        "incomeBeforeTaxRatio": 0.3430656934,
        "incomeTaxExpense": 36500000,
        "netIncome": 137400000,
        "netIncomeRatio": 0.2710593805,
        "eps": 0.32,
        "epsdiluted": 0.32,
        "weightedAverageShsOut": 432258000,
        "weightedAverageShsOutDil": 432258000,
        "link": "https://www.sec.gov/Archives/edgar/data/1378946/000162828020002693/0001628280-20-002693-index.htm",
        "finalLink": "https://www.sec.gov/Archives/edgar/data/1378946/000162828020002693/pbct-20191231.htm"
    },
    {
        "date": "2019-09-30",
        "symbol": "PBCT",
        "reportedCurrency": "USD",
        "cik": "0001378946",
        "fillingDate": "2019-11-12",
        "acceptedDate": "2019-11-12 13:37:12",
        "calendarYear": "2019",
        "period": "Q3",
        "revenue": 454700000,
        "costOfRevenue": 0,
        "grossProfit": 454700000,
        "grossProfitRatio": 1,
        "researchAndDevelopmentExpenses": 0,
        "generalAndAdministrativeExpenses": 180200000,
        "sellingAndMarketingExpenses": 4400000,
        "sellingGeneralAndAdministrativeExpenses": 184600000,
        "otherExpenses": -351600000,
        "operatingExpenses": -167000000,
        "costAndExpenses": -167000000,
        "interestIncome": 470900000,
        "interestExpense": 122200000,
        "depreciationAndAmortization": 17800000,
        "ebitda": 305500000,
        "ebitdaratio": 0.6718715637,
        "operatingIncome": 287700000,
        "operatingIncomeRatio": 0.6327248735,
        "totalOtherIncomeExpensesNet": -122200000,
        "incomeBeforeTax": 165500000,
        "incomeBeforeTaxRatio": 0.3639762481,
        "incomeTaxExpense": 30400000,
        "netIncome": 135100000,
        "netIncomeRatio": 0.2971189795,
        "eps": 0.35,
        "epsdiluted": 0.34,
        "weightedAverageShsOut": 387059000,
        "weightedAverageShsOutDil": 394450000,
        "link": "https://www.sec.gov/Archives/edgar/data/1378946/000162828019013934/0001628280-19-013934-index.htm",
        "finalLink": "https://www.sec.gov/Archives/edgar/data/1378946/000162828019013934/pbct-20190930.htm"
    },
    {
        "date": "2019-06-30",
        "symbol": "PBCT",
        "reportedCurrency": "USD",
        "cik": "0001378946",
        "fillingDate": "2019-08-09",
        "acceptedDate": "2019-08-09 12:24:43",
        "calendarYear": "2019",
        "period": "Q2",
        "revenue": 454400000,
        "costOfRevenue": 0,
        "grossProfit": 454400000,
        "grossProfitRatio": 1,
        "researchAndDevelopmentExpenses": 0,
        "generalAndAdministrativeExpenses": 177700000,
        "sellingAndMarketingExpenses": 0,
        "sellingGeneralAndAdministrativeExpenses": 177700000,
        "otherExpenses": -339000000,
        "operatingExpenses": -161300000,
        "costAndExpenses": -161300000,
        "interestIncome": 472800000,
        "interestExpense": 124700000,
        "depreciationAndAmortization": 17700000,
        "ebitda": 310800000,
        "ebitdaratio": 0.6839788732,
        "operatingIncome": 293100000,
        "operatingIncomeRatio": 0.6450264085,
        "totalOtherIncomeExpensesNet": -124700000,
        "incomeBeforeTax": 168400000,
        "incomeBeforeTaxRatio": 0.3705985915,
        "incomeTaxExpense": 35200000,
        "netIncome": 133200000,
        "netIncomeRatio": 0.2931338028,
        "eps": 0.34,
        "epsdiluted": 0.34,
        "weightedAverageShsOut": 393030000,
        "weightedAverageShsOutDil": 394570000,
        "link": "https://www.sec.gov/Archives/edgar/data/1378946/000162828019010552/0001628280-19-010552-index.htm",
        "finalLink": "https://www.sec.gov/Archives/edgar/data/1378946/000162828019010552/pbct-20190630.htm"
    },
    {
        "date": "2019-03-31",
        "symbol": "PBCT",
        "reportedCurrency": "USD",
        "cik": "0001378946",
        "fillingDate": "2019-05-10",
        "acceptedDate": "2019-05-10 12:37:24",
        "calendarYear": "2019",
        "period": "Q1",
        "revenue": 427400000,
        "costOfRevenue": 0,
        "grossProfit": 427400000,
        "grossProfitRatio": 1,
        "researchAndDevelopmentExpenses": 0,
        "generalAndAdministrativeExpenses": 178300000,
        "sellingAndMarketingExpenses": 3300000,
        "sellingGeneralAndAdministrativeExpenses": 181600000,
        "otherExpenses": -356700000,
        "operatingExpenses": -175100000,
        "costAndExpenses": -175100000,
        "interestIncome": 440500000,
        "interestExpense": 107700000,
        "depreciationAndAmortization": 16200000,
        "ebitda": 268500000,
        "ebitdaratio": 0.6282171268,
        "operatingIncome": 252300000,
        "operatingIncomeRatio": 0.5903135236,
        "totalOtherIncomeExpensesNet": -107700000,
        "incomeBeforeTax": 144600000,
        "incomeBeforeTaxRatio": 0.3383247543,
        "incomeTaxExpense": 30000000,
        "netIncome": 114600000,
        "netIncomeRatio": 0.2681328966,
        "eps": 0.31,
        "epsdiluted": 0.31,
        "weightedAverageShsOut": 370333000,
        "weightedAverageShsOutDil": 374090000,
        "link": "https://www.sec.gov/Archives/edgar/data/1378946/000162828019006511/0001628280-19-006511-index.htm",
        "finalLink": "https://www.sec.gov/Archives/edgar/data/1378946/000119312519060912/d688796d10k.htm"
    },
    {
        "date": "2018-12-31",
        "symbol": "PBCT",
        "reportedCurrency": "USD",
        "cik": "0001378946",
        "fillingDate": "2019-03-01",
        "acceptedDate": "2019-03-01 16:11:42",
        "calendarYear": "2018",
        "period": "Q4",
        "revenue": 421400000,
        "costOfRevenue": 0,
        "grossProfit": 421400000,
        "grossProfitRatio": 1,
        "researchAndDevelopmentExpenses": 0,
        "generalAndAdministrativeExpenses": 175000000,
        "sellingAndMarketingExpenses": 5100000,
        "sellingGeneralAndAdministrativeExpenses": 180100000,
        "otherExpenses": -353500000,
        "operatingExpenses": -173400000,
        "costAndExpenses": -173400000,
        "interestIncome": 431800000,
        "interestExpense": 99200000,
        "depreciationAndAmortization": 16400000,
        "ebitda": 264400000,
        "ebitdaratio": 0.6274323683,
        "operatingIncome": 248000000,
        "operatingIncomeRatio": 0.5885144756,
        "totalOtherIncomeExpensesNet": -99200000,
        "incomeBeforeTax": 148800000,
        "incomeBeforeTaxRatio": 0.3531086853,
        "incomeTaxExpense": 15800000,
        "netIncome": 133000000,
        "netIncomeRatio": 0.3156146179,
        "eps": 0.36,
        "epsdiluted": 0.36,
        "weightedAverageShsOut": 369714000,
        "weightedAverageShsOutDil": 372830000,
        "link": "https://www.sec.gov/Archives/edgar/data/1378946/000119312519060912/0001193125-19-060912-index.htm",
        "finalLink": "https://www.sec.gov/Archives/edgar/data/1378946/000119312519060912/d688796d10k.htm"
    },
    {
        "date": "2018-09-30",
        "symbol": "PBCT",
        "reportedCurrency": "USD",
        "cik": "0001378946",
        "fillingDate": "2018-11-09",
        "acceptedDate": "2018-11-09 12:59:29",
        "calendarYear": "2018",
        "period": "Q3",
        "revenue": 398700000,
        "costOfRevenue": 0,
        "grossProfit": 398700000,
        "grossProfitRatio": 1,
        "researchAndDevelopmentExpenses": 0,
        "generalAndAdministrativeExpenses": 160800000,
        "sellingAndMarketingExpenses": 3900000,
        "sellingGeneralAndAdministrativeExpenses": 164700000,
        "otherExpenses": -330600000,
        "operatingExpenses": -165900000,
        "costAndExpenses": -165900000,
        "interestIncome": 390000000,
        "interestExpense": 83600000,
        "depreciationAndAmortization": 13700000,
        "ebitda": 246500000,
        "ebitdaratio": 0.6182593429,
        "operatingIncome": 232800000,
        "operatingIncomeRatio": 0.5838976674,
        "totalOtherIncomeExpensesNet": -83600000,
        "incomeBeforeTax": 149200000,
        "incomeBeforeTaxRatio": 0.3742162027,
        "incomeTaxExpense": 32200000,
        "netIncome": 117000000,
        "netIncomeRatio": 0.2934537246,
        "eps": 0.34,
        "epsdiluted": 0.34,
        "weightedAverageShsOut": 343939000,
        "weightedAverageShsOutDil": 345040000,
        "link": "https://www.sec.gov/Archives/edgar/data/1378946/000119312518323479/0001193125-18-323479-index.htm",
        "finalLink": "https://www.sec.gov/Archives/edgar/data/1378946/000119312518323479/d633860d10q.htm"
    },
    {
        "date": "2018-06-30",
        "symbol": "PBCT",
        "reportedCurrency": "USD",
        "cik": "0001378946",
        "fillingDate": "2018-08-09",
        "acceptedDate": "2018-08-09 11:26:12",
        "calendarYear": "2018",
        "period": "Q2",
        "revenue": 396100000,
        "costOfRevenue": 0,
        "grossProfit": 396100000,
        "grossProfitRatio": 1,
        "researchAndDevelopmentExpenses": 0,
        "generalAndAdministrativeExpenses": 159800000,
        "sellingAndMarketingExpenses": 4200000,
        "sellingGeneralAndAdministrativeExpenses": 164000000,
        "otherExpenses": -344900000,
        "operatingExpenses": -180900000,
        "costAndExpenses": -180900000,
        "interestIncome": 375400000,
        "interestExpense": 74200000,
        "depreciationAndAmortization": 13800000,
        "ebitda": 229000000,
        "ebitdaratio": 0.5781368341,
        "operatingIncome": 215200000,
        "operatingIncomeRatio": 0.5432971472,
        "totalOtherIncomeExpensesNet": -74200000,
        "incomeBeforeTax": 141000000,
        "incomeBeforeTaxRatio": 0.3559707145,
        "incomeTaxExpense": 30800000,
        "netIncome": 110200000,
        "netIncomeRatio": 0.2782125726,
        "eps": 0.32,
        "epsdiluted": 0.32,
        "weightedAverageShsOut": 344194000,
        "weightedAverageShsOutDil": 344470000,
        "link": "https://www.sec.gov/Archives/edgar/data/1378946/000119312518243842/0001193125-18-243842-index.htm",
        "finalLink": "https://www.sec.gov/Archives/edgar/data/1378946/000119312518243842/d645386d10q.htm"
    },
    {
        "date": "2018-03-31",
        "symbol": "PBCT",
        "reportedCurrency": "USD",
        "cik": "0001378946",
        "fillingDate": "2018-05-10",
        "acceptedDate": "2018-05-10 14:24:29",
        "calendarYear": "2018",
        "period": "Q1",
        "revenue": 386200000,
        "costOfRevenue": 0,
        "grossProfit": 386200000,
        "grossProfitRatio": 1,
        "researchAndDevelopmentExpenses": 0,
        "generalAndAdministrativeExpenses": 166300000,
        "sellingAndMarketingExpenses": 2600000,
        "sellingGeneralAndAdministrativeExpenses": 168900000,
        "otherExpenses": -354500000,
        "operatingExpenses": -185600000,
        "costAndExpenses": -185600000,
        "interestIncome": 359100000,
        "interestExpense": 63300000,
        "depreciationAndAmortization": 14200000,
        "ebitda": 214800000,
        "ebitdaratio": 0.5561885034,
        "operatingIncome": 200600000,
        "operatingIncomeRatio": 0.5194199896,
        "totalOtherIncomeExpensesNet": -63300000,
        "incomeBeforeTax": 137300000,
        "incomeBeforeTaxRatio": 0.3555152771,
        "incomeTaxExpense": 29400000,
        "netIncome": 107900000,
        "netIncomeRatio": 0.2793889177,
        "eps": 0.32,
        "epsdiluted": 0.31,
        "weightedAverageShsOut": 336774000,
        "weightedAverageShsOutDil": 344000000,
        "link": "https://www.sec.gov/Archives/edgar/data/1378946/000119312518158976/0001193125-18-158976-index.htm",
        "finalLink": "https://www.sec.gov/Archives/edgar/data/1378946/000119312518067489/d474272d10k.htm"
    },
    {
        "date": "2017-12-31",
        "symbol": "PBCT",
        "reportedCurrency": "USD",
        "cik": "0001378946",
        "fillingDate": "2018-03-01",
        "acceptedDate": "2018-03-01 17:01:54",
        "calendarYear": "2017",
        "period": "Q4",
        "revenue": 379700000,
        "costOfRevenue": 0,
        "grossProfit": 379700000,
        "grossProfitRatio": 1,
        "researchAndDevelopmentExpenses": 0,
        "generalAndAdministrativeExpenses": 157300000,
        "sellingAndMarketingExpenses": 3900000,
        "sellingGeneralAndAdministrativeExpenses": 161200000,
        "otherExpenses": -350200000,
        "operatingExpenses": -189000000,
        "costAndExpenses": -189000000,
        "interestIncome": 350700000,
        "interestExpense": 58300000,
        "depreciationAndAmortization": 17700000,
        "ebitda": 208400000,
        "ebitdaratio": 0.5488543587,
        "operatingIncome": 190700000,
        "operatingIncomeRatio": 0.5022386094,
        "totalOtherIncomeExpensesNet": -58300000,
        "incomeBeforeTax": 132400000,
        "incomeBeforeTaxRatio": 0.3486963392,
        "incomeTaxExpense": 26100000,
        "netIncome": 106300000,
        "netIncomeRatio": 0.2799578615,
        "eps": 0.31,
        "epsdiluted": 0.31,
        "weightedAverageShsOut": 342333000,
        "weightedAverageShsOutDil": 342333000,
        "link": "https://www.sec.gov/Archives/edgar/data/1378946/000119312518067489/0001193125-18-067489-index.htm",
        "finalLink": "https://www.sec.gov/Archives/edgar/data/1378946/000119312518067489/d474272d10k.htm"
    },
    {
        "date": "2017-09-30",
        "symbol": "PBCT",
        "reportedCurrency": "USD",
        "cik": "0001378946",
        "fillingDate": "2017-11-09",
        "acceptedDate": "2017-11-09 10:52:31",
        "calendarYear": "2017",
        "period": "Q3",
        "revenue": 373900000,
        "costOfRevenue": 0,
        "grossProfit": 373900000,
        "grossProfitRatio": 1,
        "researchAndDevelopmentExpenses": 0,
        "generalAndAdministrativeExpenses": 152100000,
        "sellingAndMarketingExpenses": 3100000,
        "sellingGeneralAndAdministrativeExpenses": 155200000,
        "otherExpenses": -344700000,
        "operatingExpenses": -189500000,
        "costAndExpenses": -189500000,
        "interestIncome": 339200000,
        "interestExpense": 54600000,
        "depreciationAndAmortization": 17800000,
        "ebitda": 202200000,
        "ebitdaratio": 0.5407863065,
        "operatingIncome": 184400000,
        "operatingIncomeRatio": 0.4931799947,
        "totalOtherIncomeExpensesNet": -54600000,
        "incomeBeforeTax": 129800000,
        "incomeBeforeTaxRatio": 0.3471516448,
        "incomeTaxExpense": 39000000,
        "netIncome": 90800000,
        "netIncomeRatio": 0.2428456807,
        "eps": 0.27,
        "epsdiluted": 0.27,
        "weightedAverageShsOut": 335769000,
        "weightedAverageShsOutDil": 338820000,
        "link": "https://www.sec.gov/Archives/edgar/data/1378946/000119312517338304/0001193125-17-338304-index.htm",
        "finalLink": "https://www.sec.gov/Archives/edgar/data/1378946/000119312517338304/d462847d10q.htm"
    },
    {
        "date": "2017-06-30",
        "symbol": "PBCT",
        "reportedCurrency": "USD",
        "cik": "0001378946",
        "fillingDate": "2017-08-09",
        "acceptedDate": "2017-08-09 13:59:12",
        "calendarYear": "2017",
        "period": "Q2",
        "revenue": 366500000,
        "costOfRevenue": 0,
        "grossProfit": 366500000,
        "grossProfitRatio": 1,
        "researchAndDevelopmentExpenses": 0,
        "generalAndAdministrativeExpenses": 154700000,
        "sellingAndMarketingExpenses": 3100000,
        "sellingGeneralAndAdministrativeExpenses": 157800000,
        "otherExpenses": -375100000,
        "operatingExpenses": -217300000,
        "costAndExpenses": -217300000,
        "interestIncome": 322000000,
        "interestExpense": 47100000,
        "depreciationAndAmortization": 18000000,
        "ebitda": 167200000,
        "ebitdaratio": 0.456207367,
        "operatingIncome": 149200000,
        "operatingIncomeRatio": 0.4070941337,
        "totalOtherIncomeExpensesNet": -47100000,
        "incomeBeforeTax": 102100000,
        "incomeBeforeTaxRatio": 0.2785811733,
        "incomeTaxExpense": 32800000,
        "netIncome": 69300000,
        "netIncomeRatio": 0.1890859482,
        "eps": 0.2,
        "epsdiluted": 0.2,
        "weightedAverageShsOut": 346316000,
        "weightedAverageShsOutDil": 346316000,
        "link": "https://www.sec.gov/Archives/edgar/data/1378946/000119312517252528/0001193125-17-252528-index.htm",
        "finalLink": "https://www.sec.gov/Archives/edgar/data/1378946/000119312517252528/d420209d10q.htm"
    },
    {
        "date": "2017-03-31",
        "symbol": "PBCT",
        "reportedCurrency": "USD",
        "cik": "0001378946",
        "fillingDate": "2017-05-10",
        "acceptedDate": "2017-05-10 15:55:12",
        "calendarYear": "2017",
        "period": "Q1",
        "revenue": 333300000,
        "costOfRevenue": 0,
        "grossProfit": 333300000,
        "grossProfitRatio": 1,
        "researchAndDevelopmentExpenses": 0,
        "generalAndAdministrativeExpenses": 149600000,
        "sellingAndMarketingExpenses": 2500000,
        "sellingGeneralAndAdministrativeExpenses": 152100000,
        "otherExpenses": -340700000,
        "operatingExpenses": -188600000,
        "costAndExpenses": -188600000,
        "interestIncome": 290500000,
        "interestExpense": 41900000,
        "depreciationAndAmortization": 15600000,
        "ebitda": 160300000,
        "ebitdaratio": 0.4809480948,
        "operatingIncome": 144700000,
        "operatingIncomeRatio": 0.4341434143,
        "totalOtherIncomeExpensesNet": -41900000,
        "incomeBeforeTax": 102800000,
        "incomeBeforeTaxRatio": 0.3084308431,
        "incomeTaxExpense": 32000000,
        "netIncome": 70800000,
        "netIncomeRatio": 0.2124212421,
        "eps": 0.23,
        "epsdiluted": 0.23,
        "weightedAverageShsOut": 305909000,
        "weightedAverageShsOutDil": 311080000,
        "link": "https://www.sec.gov/Archives/edgar/data/1378946/000119312517165806/0001193125-17-165806-index.htm",
        "finalLink": "https://www.sec.gov/Archives/edgar/data/1378946/000119312517065121/d293576d10k.htm"
    },
    {
        "date": "2016-12-31",
        "symbol": "PBCT",
        "reportedCurrency": "USD",
        "cik": "0001378946",
        "fillingDate": "2017-03-01",
        "acceptedDate": "2017-03-01 14:38:37",
        "calendarYear": "2016",
        "period": "Q4",
        "revenue": 331000000,
        "costOfRevenue": 0,
        "grossProfit": 331000000,
        "grossProfitRatio": 1,
        "researchAndDevelopmentExpenses": 0,
        "generalAndAdministrativeExpenses": 141000000,
        "sellingAndMarketingExpenses": 3100000,
        "sellingGeneralAndAdministrativeExpenses": 144100000,
        "otherExpenses": -329500000,
        "operatingExpenses": -185400000,
        "costAndExpenses": -185400000,
        "interestIncome": 286300000,
        "interestExpense": 39500000,
        "depreciationAndAmortization": 15500000,
        "ebitda": 161100000,
        "ebitdaratio": 0.4867069486,
        "operatingIncome": 145600000,
        "operatingIncomeRatio": 0.4398791541,
        "totalOtherIncomeExpensesNet": -39500000,
        "incomeBeforeTax": 106100000,
        "incomeBeforeTaxRatio": 0.3205438066,
        "incomeTaxExpense": 30200000,
        "netIncome": 75900000,
        "netIncomeRatio": 0.229305136,
        "eps": 0.25,
        "epsdiluted": 0.25,
        "weightedAverageShsOut": 308750000,
        "weightedAverageShsOutDil": 308750000,
        "link": "https://www.sec.gov/Archives/edgar/data/1378946/000119312517065121/0001193125-17-065121-index.htm",
        "finalLink": "https://www.sec.gov/Archives/edgar/data/1378946/000119312517065121/d293576d10k.htm"
    },
    {
        "date": "2016-09-30",
        "symbol": "PBCT",
        "reportedCurrency": "USD",
        "cik": "0001378946",
        "fillingDate": "2016-11-09",
        "acceptedDate": "2016-11-09 13:32:13",
        "calendarYear": "2016",
        "period": "Q3",
        "revenue": 336100000,
        "costOfRevenue": 0,
        "grossProfit": 336100000,
        "grossProfitRatio": 1,
        "researchAndDevelopmentExpenses": 0,
        "generalAndAdministrativeExpenses": 140300000,
        "sellingAndMarketingExpenses": 3000000,
        "sellingGeneralAndAdministrativeExpenses": 143300000,
        "otherExpenses": -333900000,
        "operatingExpenses": -190600000,
        "costAndExpenses": -190600000,
        "interestIncome": 284500000,
        "interestExpense": 39200000,
        "depreciationAndAmortization": 15000000,
        "ebitda": 160500000,
        "ebitdaratio": 0.4775364475,
        "operatingIncome": 145500000,
        "operatingIncomeRatio": 0.432906873,
        "totalOtherIncomeExpensesNet": -39200000,
        "incomeBeforeTax": 106300000,
        "incomeBeforeTaxRatio": 0.3162749182,
        "incomeTaxExpense": 32600000,
        "netIncome": 73700000,
        "netIncomeRatio": 0.2192799762,
        "eps": 0.24,
        "epsdiluted": 0.24,
        "weightedAverageShsOut": 303240000,
        "weightedAverageShsOutDil": 303240000,
        "link": "https://www.sec.gov/Archives/edgar/data/1378946/000119312516764089/0001193125-16-764089-index.htm",
        "finalLink": "https://www.sec.gov/Archives/edgar/data/1378946/000119312516764089/d245465d10q.htm"
    },
    {
        "date": "2016-06-30",
        "symbol": "PBCT",
        "reportedCurrency": "USD",
        "cik": "0001378946",
        "fillingDate": "2016-08-09",
        "acceptedDate": "2016-08-09 15:05:42",
        "calendarYear": "2016",
        "period": "Q2",
        "revenue": 325400000,
        "costOfRevenue": 0,
        "grossProfit": 325400000,
        "grossProfitRatio": 1,
        "researchAndDevelopmentExpenses": 0,
        "generalAndAdministrativeExpenses": 134600000,
        "sellingAndMarketingExpenses": 2800000,
        "sellingGeneralAndAdministrativeExpenses": 137400000,
        "otherExpenses": -321800000,
        "operatingExpenses": -184400000,
        "costAndExpenses": -184400000,
        "interestIncome": 278500000,
        "interestExpense": 38500000,
        "depreciationAndAmortization": 15000000,
        "ebitda": 156000000,
        "ebitdaratio": 0.479409957,
        "operatingIncome": 141000000,
        "operatingIncomeRatio": 0.4333128457,
        "totalOtherIncomeExpensesNet": -38500000,
        "incomeBeforeTax": 102500000,
        "incomeBeforeTaxRatio": 0.3149969269,
        "incomeTaxExpense": 34000000,
        "netIncome": 68500000,
        "netIncomeRatio": 0.2105101414,
        "eps": 0.23,
        "epsdiluted": 0.23,
        "weightedAverageShsOut": 297826000,
        "weightedAverageShsOutDil": 302480000,
        "link": "https://www.sec.gov/Archives/edgar/data/1378946/000119312516676617/0001193125-16-676617-index.htm",
        "finalLink": "https://www.sec.gov/Archives/edgar/data/1378946/000119312516676617/d221059d10q.htm"
    },
    {
        "date": "2016-03-31",
        "symbol": "PBCT",
        "reportedCurrency": "USD",
        "cik": "0001378946",
        "fillingDate": "2016-05-10",
        "acceptedDate": "2016-05-10 15:46:25",
        "calendarYear": "2016",
        "period": "Q1",
        "revenue": 322400000,
        "costOfRevenue": 0,
        "grossProfit": 322400000,
        "grossProfitRatio": 1,
        "researchAndDevelopmentExpenses": 0,
        "generalAndAdministrativeExpenses": 135800000,
        "sellingAndMarketingExpenses": 2300000,
        "sellingGeneralAndAdministrativeExpenses": 138100000,
        "otherExpenses": -328000000,
        "operatingExpenses": -189900000,
        "costAndExpenses": -189900000,
        "interestIncome": 278000000,
        "interestExpense": 37900000,
        "depreciationAndAmortization": 15000000,
        "ebitda": 147500000,
        "ebitdaratio": 0.4575062035,
        "operatingIncome": 132500000,
        "operatingIncomeRatio": 0.4109801489,
        "totalOtherIncomeExpensesNet": -37900000,
        "incomeBeforeTax": 94600000,
        "incomeBeforeTaxRatio": 0.2934243176,
        "incomeTaxExpense": 31700000,
        "netIncome": 62900000,
        "netIncomeRatio": 0.1950992556,
        "eps": 0.21,
        "epsdiluted": 0.21,
        "weightedAverageShsOut": 299524000,
        "weightedAverageShsOutDil": 301860000,
        "link": "https://www.sec.gov/Archives/edgar/data/1378946/000119312516585535/0001193125-16-585535-index.htm",
        "finalLink": "https://www.sec.gov/Archives/edgar/data/1378946/000119312516485012/d30733d10k.htm"
    },
    {
        "date": "2015-12-31",
        "symbol": "PBCT",
        "reportedCurrency": "USD",
        "cik": "0001378946",
        "fillingDate": "2016-02-29",
        "acceptedDate": "2016-02-29 15:14:13",
        "calendarYear": "2015",
        "period": "Q4",
        "revenue": 322900000,
        "costOfRevenue": 0,
        "grossProfit": 322900000,
        "grossProfitRatio": 1,
        "researchAndDevelopmentExpenses": 0,
        "generalAndAdministrativeExpenses": 133400000,
        "sellingAndMarketingExpenses": 3000000,
        "sellingGeneralAndAdministrativeExpenses": 136400000,
        "otherExpenses": -318500000,
        "operatingExpenses": -182100000,
        "costAndExpenses": -182100000,
        "interestIncome": 274200000,
        "interestExpense": 35400000,
        "depreciationAndAmortization": 16000000,
        "ebitda": 156800000,
        "ebitdaratio": 0.4855992567,
        "operatingIncome": 140800000,
        "operatingIncomeRatio": 0.4360483122,
        "totalOtherIncomeExpensesNet": -35400000,
        "incomeBeforeTax": 105400000,
        "incomeBeforeTaxRatio": 0.3264168473,
        "incomeTaxExpense": 34600000,
        "netIncome": 70800000,
        "netIncomeRatio": 0.2192629297,
        "eps": 0.23,
        "epsdiluted": 0.23,
        "weightedAverageShsOut": 307826000,
        "weightedAverageShsOutDil": 307826000,
        "link": "https://www.sec.gov/Archives/edgar/data/1378946/000119312516485012/0001193125-16-485012-index.htm",
        "finalLink": "https://www.sec.gov/Archives/edgar/data/1378946/000119312516485012/d30733d10k.htm"
    },
    {
        "date": "2015-09-30",
        "symbol": "PBCT",
        "reportedCurrency": "USD",
        "cik": "0001378946",
        "fillingDate": "2015-11-09",
        "acceptedDate": "2015-11-09 15:14:00",
        "calendarYear": "2015",
        "period": "Q3",
        "revenue": 321900000,
        "costOfRevenue": 0,
        "grossProfit": 321900000,
        "grossProfitRatio": 1,
        "researchAndDevelopmentExpenses": 0,
        "generalAndAdministrativeExpenses": 136800000,
        "sellingAndMarketingExpenses": 3200000,
        "sellingGeneralAndAdministrativeExpenses": 140000000,
        "otherExpenses": -325300000,
        "operatingExpenses": -185300000,
        "costAndExpenses": -185300000,
        "interestIncome": 269900000,
        "interestExpense": 35100000,
        "depreciationAndAmortization": 15700000,
        "ebitda": 152300000,
        "ebitdaratio": 0.4731283007,
        "operatingIncome": 136600000,
        "operatingIncomeRatio": 0.4243553899,
        "totalOtherIncomeExpensesNet": -35100000,
        "incomeBeforeTax": 101500000,
        "incomeBeforeTaxRatio": 0.3153153153,
        "incomeTaxExpense": 33100000,
        "netIncome": 68400000,
        "netIncomeRatio": 0.2124883504,
        "eps": 0.23,
        "epsdiluted": 0.23,
        "weightedAverageShsOut": 297391000,
        "weightedAverageShsOutDil": 301000000,
        "link": "https://www.sec.gov/Archives/edgar/data/1378946/000119312515371797/0001193125-15-371797-index.htm",
        "finalLink": "https://www.sec.gov/Archives/edgar/data/1378946/000119312515371797/d33965d10q.htm"
    },
    {
        "date": "2015-06-30",
        "symbol": "PBCT",
        "reportedCurrency": "USD",
        "cik": "0001378946",
        "fillingDate": "2015-08-10",
        "acceptedDate": "2015-08-10 14:07:24",
        "calendarYear": "2015",
        "period": "Q2",
        "revenue": 313400000,
        "costOfRevenue": 0,
        "grossProfit": 313400000,
        "grossProfitRatio": 1,
        "researchAndDevelopmentExpenses": 0,
        "generalAndAdministrativeExpenses": 132300000,
        "sellingAndMarketingExpenses": 3500000,
        "sellingGeneralAndAdministrativeExpenses": 135800000,
        "otherExpenses": -321200000,
        "operatingExpenses": -185400000,
        "costAndExpenses": -185400000,
        "interestIncome": 264500000,
        "interestExpense": 34100000,
        "depreciationAndAmortization": 15900000,
        "ebitda": 143900000,
        "ebitdaratio": 0.459157626,
        "operatingIncome": 128000000,
        "operatingIncomeRatio": 0.4084237396,
        "totalOtherIncomeExpensesNet": -34100000,
        "incomeBeforeTax": 93900000,
        "incomeBeforeTaxRatio": 0.2996171027,
        "incomeTaxExpense": 32200000,
        "netIncome": 61700000,
        "netIncomeRatio": 0.1968730057,
        "eps": 0.2,
        "epsdiluted": 0.2,
        "weightedAverageShsOut": 308500000,
        "weightedAverageShsOutDil": 308500000,
        "link": "https://www.sec.gov/Archives/edgar/data/1378946/000119312515284533/0001193125-15-284533-index.htm",
        "finalLink": "https://www.sec.gov/Archives/edgar/data/1378946/000119312515284533/d949454d10q.htm"
    },
    {
        "date": "2015-03-31",
        "symbol": "PBCT",
        "reportedCurrency": "USD",
        "cik": "0001378946",
        "fillingDate": "2015-05-11",
        "acceptedDate": "2015-05-11 15:12:21",
        "calendarYear": "2015",
        "period": "Q1",
        "revenue": 317100000,
        "costOfRevenue": 0,
        "grossProfit": 317100000,
        "grossProfitRatio": 1,
        "researchAndDevelopmentExpenses": 0,
        "generalAndAdministrativeExpenses": 138200000,
        "sellingAndMarketingExpenses": 2300000,
        "sellingGeneralAndAdministrativeExpenses": 140500000,
        "otherExpenses": -335700000,
        "operatingExpenses": -195200000,
        "costAndExpenses": -195200000,
        "interestIncome": 260300000,
        "interestExpense": 32200000,
        "depreciationAndAmortization": 15600000,
        "ebitda": 137500000,
        "ebitdaratio": 0.4336171555,
        "operatingIncome": 121900000,
        "operatingIncomeRatio": 0.3844213182,
        "totalOtherIncomeExpensesNet": -32200000,
        "incomeBeforeTax": 89700000,
        "incomeBeforeTaxRatio": 0.2828760643,
        "incomeTaxExpense": 30500000,
        "netIncome": 59200000,
        "netIncomeRatio": 0.1866918953,
        "eps": 0.2,
        "epsdiluted": 0.2,
        "weightedAverageShsOut": 296000000,
        "weightedAverageShsOutDil": 299150000,
        "link": "https://www.sec.gov/Archives/edgar/data/1378946/000119312515181722/0001193125-15-181722-index.htm",
        "finalLink": "https://www.sec.gov/Archives/edgar/data/1378946/000119312515073217/d837282d10k.htm"
    },
    {
        "date": "2014-12-31",
        "symbol": "PBCT",
        "reportedCurrency": "USD",
        "cik": "0001378946",
        "fillingDate": "2015-03-02",
        "acceptedDate": "2015-03-02 16:02:53",
        "calendarYear": "2014",
        "period": "Q4",
        "revenue": 314900000,
        "costOfRevenue": 0,
        "grossProfit": 314900000,
        "grossProfitRatio": 1,
        "researchAndDevelopmentExpenses": 0,
        "generalAndAdministrativeExpenses": 131600000,
        "sellingAndMarketingExpenses": 3700000,
        "sellingGeneralAndAdministrativeExpenses": 135300000,
        "otherExpenses": -321400000,
        "operatingExpenses": -186100000,
        "costAndExpenses": -186100000,
        "interestIncome": 259600000,
        "interestExpense": 31500000,
        "depreciationAndAmortization": 16200000,
        "ebitda": 145000000,
        "ebitdaratio": 0.4604636393,
        "operatingIncome": 128800000,
        "operatingIncomeRatio": 0.4090187361,
        "totalOtherIncomeExpensesNet": -31500000,
        "incomeBeforeTax": 97300000,
        "incomeBeforeTaxRatio": 0.30898698,
        "incomeTaxExpense": 32600000,
        "netIncome": 64700000,
        "netIncomeRatio": 0.2054620514,
        "eps": 0.22,
        "epsdiluted": 0.22,
        "weightedAverageShsOut": 294091000,
        "weightedAverageShsOutDil": 298650000,
        "link": "https://www.sec.gov/Archives/edgar/data/1378946/000119312515073217/0001193125-15-073217-index.htm",
        "finalLink": "https://www.sec.gov/Archives/edgar/data/1378946/000119312515073217/d837282d10k.htm"
    },
    {
        "date": "2014-09-30",
        "symbol": "PBCT",
        "reportedCurrency": "USD",
        "cik": "0001378946",
        "fillingDate": "2014-11-10",
        "acceptedDate": "2014-11-10 14:54:54",
        "calendarYear": "2014",
        "period": "Q3",
        "revenue": 312500000,
        "costOfRevenue": 0,
        "grossProfit": 312500000,
        "grossProfitRatio": 1,
        "researchAndDevelopmentExpenses": 0,
        "generalAndAdministrativeExpenses": 130100000,
        "sellingAndMarketingExpenses": 3600000,
        "sellingGeneralAndAdministrativeExpenses": 133700000,
        "otherExpenses": -324500000,
        "operatingExpenses": -190800000,
        "costAndExpenses": -190800000,
        "interestIncome": 258900000,
        "interestExpense": 30400000,
        "depreciationAndAmortization": 16000000,
        "ebitda": 137700000,
        "ebitdaratio": 0.44064,
        "operatingIncome": 121700000,
        "operatingIncomeRatio": 0.38944,
        "totalOtherIncomeExpensesNet": -30400000,
        "incomeBeforeTax": 91300000,
        "incomeBeforeTaxRatio": 0.29216,
        "incomeTaxExpense": 29700000,
        "netIncome": 61600000,
        "netIncomeRatio": 0.19712,
        "eps": 0.21,
        "epsdiluted": 0.21,
        "weightedAverageShsOut": 293333000,
        "weightedAverageShsOutDil": 298440000,
        "link": "https://www.sec.gov/Archives/edgar/data/1378946/000119312514405654/0001193125-14-405654-index.htm",
        "finalLink": "https://www.sec.gov/Archives/edgar/data/1378946/000119312514405654/d778123d10q.htm"
    },
    {
        "date": "2014-06-30",
        "symbol": "PBCT",
        "reportedCurrency": "USD",
        "cik": "0001378946",
        "fillingDate": "2014-08-11",
        "acceptedDate": "2014-08-11 14:18:29",
        "calendarYear": "2014",
        "period": "Q2",
        "revenue": 307700000,
        "costOfRevenue": 0,
        "grossProfit": 307700000,
        "grossProfitRatio": 1,
        "researchAndDevelopmentExpenses": 0,
        "generalAndAdministrativeExpenses": 132000000,
        "sellingAndMarketingExpenses": 3200000,
        "sellingGeneralAndAdministrativeExpenses": 135200000,
        "otherExpenses": -303200000,
        "operatingExpenses": -168000000,
        "costAndExpenses": -168000000,
        "interestIncome": 256700000,
        "interestExpense": 28500000,
        "depreciationAndAmortization": 16000000,
        "ebitda": 155700000,
        "ebitdaratio": 0.5060123497,
        "operatingIncome": 139700000,
        "operatingIncomeRatio": 0.4540136497,
        "totalOtherIncomeExpensesNet": -28500000,
        "incomeBeforeTax": 111200000,
        "incomeBeforeTaxRatio": 0.3613909652,
        "incomeTaxExpense": 38900000,
        "netIncome": 72300000,
        "netIncomeRatio": 0.2349691258,
        "eps": 0.24,
        "epsdiluted": 0.24,
        "weightedAverageShsOut": 301250000,
        "weightedAverageShsOutDil": 301250000,
        "link": "https://www.sec.gov/Archives/edgar/data/1378946/000119312514304566/0001193125-14-304566-index.htm",
        "finalLink": "https://www.sec.gov/Archives/edgar/data/1378946/000119312514304566/d751158d10q.htm"
    },
    {
        "date": "2014-03-31",
        "symbol": "PBCT",
        "reportedCurrency": "USD",
        "cik": "0001378946",
        "fillingDate": "2014-05-12",
        "acceptedDate": "2014-05-12 15:32:55",
        "calendarYear": "2014",
        "period": "Q1",
        "revenue": 307000000,
        "costOfRevenue": 0,
        "grossProfit": 307000000,
        "grossProfitRatio": 1,
        "researchAndDevelopmentExpenses": 0,
        "generalAndAdministrativeExpenses": 126900000,
        "sellingAndMarketingExpenses": 2500000,
        "sellingGeneralAndAdministrativeExpenses": 129400000,
        "otherExpenses": -327300000,
        "operatingExpenses": -197900000,
        "costAndExpenses": -197900000,
        "interestIncome": 255400000,
        "interestExpense": 28300000,
        "depreciationAndAmortization": 16200000,
        "ebitda": 125300000,
        "ebitdaratio": 0.4081433225,
        "operatingIncome": 109100000,
        "operatingIncomeRatio": 0.3553745928,
        "totalOtherIncomeExpensesNet": -28300000,
        "incomeBeforeTax": 80800000,
        "incomeBeforeTaxRatio": 0.2631921824,
        "incomeTaxExpense": 27700000,
        "netIncome": 53100000,
        "netIncomeRatio": 0.1729641694,
        "eps": 0.18,
        "epsdiluted": 0.18,
        "weightedAverageShsOut": 295000000,
        "weightedAverageShsOutDil": 297720000,
        "link": "https://www.sec.gov/Archives/edgar/data/1378946/000119312514194681/0001193125-14-194681-index.htm",
        "finalLink": "https://www.sec.gov/Archives/edgar/data/1378946/000119312514079583/d644987d10k.htm"
    },
    {
        "date": "2013-12-31",
        "symbol": "PBCT",
        "reportedCurrency": "USD",
        "cik": "0001378946",
        "fillingDate": "2014-03-03",
        "acceptedDate": "2014-03-03 12:54:46",
        "calendarYear": "2013",
        "period": "Q4",
        "revenue": 305100000,
        "costOfRevenue": 0,
        "grossProfit": 305100000,
        "grossProfitRatio": 1,
        "researchAndDevelopmentExpenses": 0,
        "generalAndAdministrativeExpenses": 121000000,
        "sellingAndMarketingExpenses": 3600000,
        "sellingGeneralAndAdministrativeExpenses": 124600000,
        "otherExpenses": -314800000,
        "operatingExpenses": -190200000,
        "costAndExpenses": -190200000,
        "interestIncome": 253400000,
        "interestExpense": 28500000,
        "depreciationAndAmortization": 16600000,
        "ebitda": 131500000,
        "ebitdaratio": 0.4310062275,
        "operatingIncome": 114900000,
        "operatingIncomeRatio": 0.3765978368,
        "totalOtherIncomeExpensesNet": -28500000,
        "incomeBeforeTax": 86400000,
        "incomeBeforeTaxRatio": 0.2831858407,
        "incomeTaxExpense": 27100000,
        "netIncome": 59300000,
        "netIncomeRatio": 0.1943625041,
        "eps": 0.2,
        "epsdiluted": 0.2,
        "weightedAverageShsOut": 296500000,
        "weightedAverageShsOutDil": 302170000,
        "link": "https://www.sec.gov/Archives/edgar/data/1378946/000119312514079583/0001193125-14-079583-index.htm",
        "finalLink": "https://www.sec.gov/Archives/edgar/data/1378946/000119312514079583/d644987d10k.htm"
    },
    {
        "date": "2013-09-30",
        "symbol": "PBCT",
        "reportedCurrency": "USD",
        "cik": "0001378946",
        "fillingDate": "2013-11-12",
        "acceptedDate": "2013-11-12 13:20:20",
        "calendarYear": "2013",
        "period": "Q3",
        "revenue": 307500000,
        "costOfRevenue": 0,
        "grossProfit": 307500000,
        "grossProfitRatio": 1,
        "researchAndDevelopmentExpenses": 0,
        "generalAndAdministrativeExpenses": 120000000,
        "sellingAndMarketingExpenses": 4600000,
        "sellingGeneralAndAdministrativeExpenses": 124600000,
        "otherExpenses": -320500000,
        "operatingExpenses": -195900000,
        "costAndExpenses": -195900000,
        "interestIncome": 252200000,
        "interestExpense": 28700000,
        "depreciationAndAmortization": 16600000,
        "ebitda": 128200000,
        "ebitdaratio": 0.4169105691,
        "operatingIncome": 111600000,
        "operatingIncomeRatio": 0.3629268293,
        "totalOtherIncomeExpensesNet": -28700000,
        "incomeBeforeTax": 82900000,
        "incomeBeforeTaxRatio": 0.2695934959,
        "incomeTaxExpense": 24400000,
        "netIncome": 58500000,
        "netIncomeRatio": 0.1902439024,
        "eps": 0.19,
        "epsdiluted": 0.19,
        "weightedAverageShsOut": 307895000,
        "weightedAverageShsOutDil": 307895000,
        "link": "https://www.sec.gov/Archives/edgar/data/1378946/000119312513437796/0001193125-13-437796-index.htm",
        "finalLink": "https://www.sec.gov/Archives/edgar/data/1378946/000119312513437796/d598829d10q.htm"
    },
    {
        "date": "2013-06-30",
        "symbol": "PBCT",
        "reportedCurrency": "USD",
        "cik": "0001378946",
        "fillingDate": "2013-08-09",
        "acceptedDate": "2013-08-09 13:40:28",
        "calendarYear": "2013",
        "period": "Q2",
        "revenue": 307000000,
        "costOfRevenue": 0,
        "grossProfit": 307000000,
        "grossProfitRatio": 1,
        "researchAndDevelopmentExpenses": 0,
        "generalAndAdministrativeExpenses": 117400000,
        "sellingAndMarketingExpenses": 4500000,
        "sellingGeneralAndAdministrativeExpenses": 121900000,
        "otherExpenses": -307700000,
        "operatingExpenses": -185800000,
        "costAndExpenses": -185800000,
        "interestIncome": 250100000,
        "interestExpense": 29200000,
        "depreciationAndAmortization": 16700000,
        "ebitda": 137900000,
        "ebitdaratio": 0.4491856678,
        "operatingIncome": 121200000,
        "operatingIncomeRatio": 0.3947882736,
        "totalOtherIncomeExpensesNet": -29200000,
        "incomeBeforeTax": 92000000,
        "incomeBeforeTaxRatio": 0.2996742671,
        "incomeTaxExpense": 29900000,
        "netIncome": 62100000,
        "netIncomeRatio": 0.2022801303,
        "eps": 0.2,
        "epsdiluted": 0.2,
        "weightedAverageShsOut": 310500000,
        "weightedAverageShsOutDil": 313520000,
        "link": "https://www.sec.gov/Archives/edgar/data/1378946/000119312513328781/0001193125-13-328781-index.htm",
        "finalLink": "https://www.sec.gov/Archives/edgar/data/1378946/000119312513328781/d550050d10q.htm"
    },
    {
        "date": "2013-03-31",
        "symbol": "PBCT",
        "reportedCurrency": "USD",
        "cik": "0001378946",
        "fillingDate": "2013-05-10",
        "acceptedDate": "2013-05-10 11:47:22",
        "calendarYear": "2013",
        "period": "Q1",
        "revenue": 302200000,
        "costOfRevenue": 0,
        "grossProfit": 302200000,
        "grossProfitRatio": 1,
        "researchAndDevelopmentExpenses": 0,
        "generalAndAdministrativeExpenses": 120900000,
        "sellingAndMarketingExpenses": 2700000,
        "sellingGeneralAndAdministrativeExpenses": 123600000,
        "otherExpenses": -318600000,
        "operatingExpenses": -195000000,
        "costAndExpenses": -195000000,
        "interestIncome": 248700000,
        "interestExpense": 29400000,
        "depreciationAndAmortization": 16600000,
        "ebitda": 123800000,
        "ebitdaratio": 0.4096624752,
        "operatingIncome": 107200000,
        "operatingIncomeRatio": 0.3547319656,
        "totalOtherIncomeExpensesNet": -29400000,
        "incomeBeforeTax": 77800000,
        "incomeBeforeTaxRatio": 0.2574454004,
        "incomeTaxExpense": 25300000,
        "netIncome": 52500000,
        "netIncomeRatio": 0.1737260093,
        "eps": 0.16,
        "epsdiluted": 0.16,
        "weightedAverageShsOut": 328125000,
        "weightedAverageShsOutDil": 328125000,
        "link": "https://www.sec.gov/Archives/edgar/data/1378946/000119312513213084/0001193125-13-213084-index.htm",
        "finalLink": "https://www.sec.gov/Archives/edgar/data/1378946/000119312513087415/d453671d10k.htm"
    },
    {
        "date": "2012-12-31",
        "symbol": "PBCT",
        "reportedCurrency": "USD",
        "cik": "0001378946",
        "fillingDate": "2013-03-01",
        "acceptedDate": "2013-03-01 15:04:34",
        "calendarYear": "2012",
        "period": "Q4",
        "revenue": 309400000,
        "costOfRevenue": 0,
        "grossProfit": 309400000,
        "grossProfitRatio": 1,
        "researchAndDevelopmentExpenses": 0,
        "generalAndAdministrativeExpenses": 119900000,
        "sellingAndMarketingExpenses": 17700000,
        "sellingGeneralAndAdministrativeExpenses": 137600000,
        "otherExpenses": -330100000,
        "operatingExpenses": -192500000,
        "costAndExpenses": -192500000,
        "interestIncome": 252000000,
        "interestExpense": 26900000,
        "depreciationAndAmortization": 24200000,
        "ebitda": 141100000,
        "ebitdaratio": 0.456043956,
        "operatingIncome": 116900000,
        "operatingIncomeRatio": 0.3778280543,
        "totalOtherIncomeExpensesNet": -26900000,
        "incomeBeforeTax": 90000000,
        "incomeBeforeTaxRatio": 0.290885585,
        "incomeTaxExpense": 28800000,
        "netIncome": 61200000,
        "netIncomeRatio": 0.1978021978,
        "eps": 0.18,
        "epsdiluted": 0.18,
        "weightedAverageShsOut": 340000000,
        "weightedAverageShsOutDil": 340000000,
        "link": "https://www.sec.gov/Archives/edgar/data/1378946/000119312513087415/0001193125-13-087415-index.htm",
        "finalLink": "https://www.sec.gov/Archives/edgar/data/1378946/000119312513087415/d453671d10k.htm"
    },
    {
        "date": "2012-09-30",
        "symbol": "PBCT",
        "reportedCurrency": "USD",
        "cik": "0001378946",
        "fillingDate": "2012-11-02",
        "acceptedDate": "2012-11-02 12:42:27",
        "calendarYear": "2012",
        "period": "Q3",
        "revenue": 316200000,
        "costOfRevenue": 0,
        "grossProfit": 316200000,
        "grossProfitRatio": 1,
        "researchAndDevelopmentExpenses": 0,
        "generalAndAdministrativeExpenses": 106700000,
        "sellingAndMarketingExpenses": 0,
        "sellingGeneralAndAdministrativeExpenses": 106700000,
        "otherExpenses": -305200000,
        "operatingExpenses": -198500000,
        "costAndExpenses": -198500000,
        "interestIncome": 260300000,
        "interestExpense": 25500000,
        "depreciationAndAmortization": 23800000,
        "ebitda": 141500000,
        "ebitdaratio": 0.4475015813,
        "operatingIncome": 117700000,
        "operatingIncomeRatio": 0.3722327641,
        "totalOtherIncomeExpensesNet": -25500000,
        "incomeBeforeTax": 92200000,
        "incomeBeforeTaxRatio": 0.2915876028,
        "incomeTaxExpense": 30000000,
        "netIncome": 62200000,
        "netIncomeRatio": 0.1967109424,
        "eps": 0.18,
        "epsdiluted": 0.18,
        "weightedAverageShsOut": 336480000,
        "weightedAverageShsOutDil": 336480000,
        "link": "https://www.sec.gov/Archives/edgar/data/1378946/000119312512448582/0001193125-12-448582-index.htm",
        "finalLink": "https://www.sec.gov/Archives/edgar/data/1378946/000119312512448582/d410399d10q.htm"
    },
    {
        "date": "2012-06-30",
        "symbol": "PBCT",
        "reportedCurrency": "USD",
        "cik": "0001378946",
        "fillingDate": "2012-08-09",
        "acceptedDate": "2012-08-09 13:33:26",
        "calendarYear": "2012",
        "period": "Q2",
        "revenue": 311700000,
        "costOfRevenue": 0,
        "grossProfit": 311700000,
        "grossProfitRatio": 1,
        "researchAndDevelopmentExpenses": 0,
        "generalAndAdministrativeExpenses": 104500000,
        "sellingAndMarketingExpenses": 0,
        "sellingGeneralAndAdministrativeExpenses": 104500000,
        "otherExpenses": -294000000,
        "operatingExpenses": -189500000,
        "costAndExpenses": -189500000,
        "interestIncome": 262800000,
        "interestExpense": 26800000,
        "depreciationAndAmortization": 22800000,
        "ebitda": 145000000,
        "ebitdaratio": 0.4651908887,
        "operatingIncome": 122200000,
        "operatingIncomeRatio": 0.3920436317,
        "totalOtherIncomeExpensesNet": -26800000,
        "incomeBeforeTax": 95400000,
        "incomeBeforeTaxRatio": 0.3060635226,
        "incomeTaxExpense": 30600000,
        "netIncome": 64800000,
        "netIncomeRatio": 0.207892204,
        "eps": 0.19,
        "epsdiluted": 0.19,
        "weightedAverageShsOut": 340670000,
        "weightedAverageShsOutDil": 340670000,
        "link": "https://www.sec.gov/Archives/edgar/data/1378946/000119312512346749/0001193125-12-346749-index.htm",
        "finalLink": "https://www.sec.gov/Archives/edgar/data/1378946/000119312512346749/d366185d10q.htm"
    },
    {
        "date": "2012-03-31",
        "symbol": "PBCT",
        "reportedCurrency": "USD",
        "cik": "0001378946",
        "fillingDate": "2012-05-10",
        "acceptedDate": "2012-05-10 16:48:11",
        "calendarYear": "2012",
        "period": "Q1",
        "revenue": 307500000,
        "costOfRevenue": 0,
        "grossProfit": 307500000,
        "grossProfitRatio": 1,
        "researchAndDevelopmentExpenses": 0,
        "generalAndAdministrativeExpenses": 110300000,
        "sellingAndMarketingExpenses": 0,
        "sellingGeneralAndAdministrativeExpenses": 110300000,
        "otherExpenses": -303400000,
        "operatingExpenses": -193100000,
        "costAndExpenses": -193100000,
        "interestIncome": 262100000,
        "interestExpense": 27000000,
        "depreciationAndAmortization": 21500000,
        "ebitda": 135900000,
        "ebitdaratio": 0.4419512195,
        "operatingIncome": 114400000,
        "operatingIncomeRatio": 0.3720325203,
        "totalOtherIncomeExpensesNet": -27000000,
        "incomeBeforeTax": 87400000,
        "incomeBeforeTaxRatio": 0.2842276423,
        "incomeTaxExpense": 28800000,
        "netIncome": 58600000,
        "netIncomeRatio": 0.1905691057,
        "eps": 0.17,
        "epsdiluted": 0.17,
        "weightedAverageShsOut": 344970000,
        "weightedAverageShsOutDil": 344970000,
        "link": "https://www.sec.gov/Archives/edgar/data/1378946/000119312512225783/0001193125-12-225783-index.htm",
        "finalLink": "https://www.sec.gov/Archives/edgar/data/1378946/000119312512089553/d269032d10k.htm"
    },
    {
        "date": "2011-12-31",
        "symbol": "PBCT",
        "reportedCurrency": "USD",
        "cik": "0001378946",
        "fillingDate": "2012-02-29",
        "acceptedDate": "2012-02-29 17:09:42",
        "calendarYear": "2011",
        "period": "Q4",
        "revenue": 313800000,
        "costOfRevenue": 0,
        "grossProfit": 313800000,
        "grossProfitRatio": 1,
        "researchAndDevelopmentExpenses": 0,
        "generalAndAdministrativeExpenses": 111000000,
        "sellingAndMarketingExpenses": 0,
        "sellingGeneralAndAdministrativeExpenses": 111000000,
        "otherExpenses": -331500000,
        "operatingExpenses": -220500000,
        "costAndExpenses": -220500000,
        "interestIncome": 272500000,
        "interestExpense": 30400000,
        "depreciationAndAmortization": 22700000,
        "ebitda": 116000000,
        "ebitdaratio": 0.3696622052,
        "operatingIncome": 93300000,
        "operatingIncomeRatio": 0.2973231358,
        "totalOtherIncomeExpensesNet": -30400000,
        "incomeBeforeTax": 62900000,
        "incomeBeforeTaxRatio": 0.200446144,
        "incomeTaxExpense": 19900000,
        "netIncome": 43000000,
        "netIncomeRatio": 0.1370299554,
        "eps": 0.12,
        "epsdiluted": 0.12,
        "weightedAverageShsOut": 344970000,
        "weightedAverageShsOutDil": 344970000,
        "link": "https://www.sec.gov/Archives/edgar/data/1378946/000119312512089553/0001193125-12-089553-index.htm",
        "finalLink": "https://www.sec.gov/Archives/edgar/data/1378946/000119312512089553/d269032d10k.htm"
    },
    {
        "date": "2011-09-30",
        "symbol": "PBCT",
        "reportedCurrency": "USD",
        "cik": "0001378946",
        "fillingDate": "2011-11-09",
        "acceptedDate": "2011-11-09 16:32:31",
        "calendarYear": "2011",
        "period": "Q3",
        "revenue": 324700000,
        "costOfRevenue": 0,
        "grossProfit": 324700000,
        "grossProfitRatio": 1,
        "researchAndDevelopmentExpenses": 0,
        "generalAndAdministrativeExpenses": 110100000,
        "sellingAndMarketingExpenses": 0,
        "sellingGeneralAndAdministrativeExpenses": 110100000,
        "otherExpenses": -322400000,
        "operatingExpenses": -212300000,
        "costAndExpenses": -212300000,
        "interestIncome": 274000000,
        "interestExpense": 34000000,
        "depreciationAndAmortization": 22600000,
        "ebitda": 135000000,
        "ebitdaratio": 0.4157684016,
        "operatingIncome": 112400000,
        "operatingIncomeRatio": 0.3461656914,
        "totalOtherIncomeExpensesNet": -34000000,
        "incomeBeforeTax": 78400000,
        "incomeBeforeTaxRatio": 0.2414536495,
        "incomeTaxExpense": 25500000,
        "netIncome": 52900000,
        "netIncomeRatio": 0.1629196181,
        "eps": 0.15,
        "epsdiluted": 0.15,
        "weightedAverageShsOut": 358280000,
        "weightedAverageShsOutDil": 358280000,
        "link": "https://www.sec.gov/Archives/edgar/data/1378946/000119312511304637/0001193125-11-304637-index.htm",
        "finalLink": "https://www.sec.gov/Archives/edgar/data/1378946/000119312511304637/d235561d10q.htm"
    },
    {
        "date": "2011-06-30",
        "symbol": "PBCT",
        "reportedCurrency": "USD",
        "cik": "0001378946",
        "fillingDate": "2011-08-09",
        "acceptedDate": "2011-08-09 15:38:22",
        "calendarYear": "2011",
        "period": "Q2",
        "revenue": 297800000,
        "costOfRevenue": 0,
        "grossProfit": 297800000,
        "grossProfitRatio": 1,
        "researchAndDevelopmentExpenses": 0,
        "generalAndAdministrativeExpenses": 102500000,
        "sellingAndMarketingExpenses": 0,
        "sellingGeneralAndAdministrativeExpenses": 102500000,
        "otherExpenses": -291900000,
        "operatingExpenses": -189400000,
        "costAndExpenses": -189400000,
        "interestIncome": 252800000,
        "interestExpense": 31600000,
        "depreciationAndAmortization": 20500000,
        "ebitda": 128900000,
        "ebitdaratio": 0.4328408328,
        "operatingIncome": 108400000,
        "operatingIncomeRatio": 0.3640026864,
        "totalOtherIncomeExpensesNet": -31600000,
        "incomeBeforeTax": 76800000,
        "incomeBeforeTaxRatio": 0.2578912021,
        "incomeTaxExpense": 25600000,
        "netIncome": 51200000,
        "netIncomeRatio": 0.1719274681,
        "eps": 0.15,
        "epsdiluted": 0.15,
        "weightedAverageShsOut": 343880000,
        "weightedAverageShsOutDil": 343880000,
        "link": "https://www.sec.gov/Archives/edgar/data/1378946/000119312511216402/0001193125-11-216402-index.htm",
        "finalLink": "https://www.sec.gov/Archives/edgar/data/1378946/000119312511216402/d10q.htm"
    },
    {
        "date": "2011-03-31",
        "symbol": "PBCT",
        "reportedCurrency": "USD",
        "cik": "0001378946",
        "fillingDate": "2011-05-10",
        "acceptedDate": "2011-05-10 16:17:21",
        "calendarYear": "2011",
        "period": "Q1",
        "revenue": 294900000,
        "costOfRevenue": 0,
        "grossProfit": 294900000,
        "grossProfitRatio": 1,
        "researchAndDevelopmentExpenses": 0,
        "generalAndAdministrativeExpenses": 105400000,
        "sellingAndMarketingExpenses": 0,
        "sellingGeneralAndAdministrativeExpenses": 105400000,
        "otherExpenses": -290300000,
        "operatingExpenses": -184900000,
        "costAndExpenses": -184900000,
        "interestIncome": 252800000,
        "interestExpense": 32500000,
        "depreciationAndAmortization": 20100000,
        "ebitda": 130100000,
        "ebitdaratio": 0.4411664971,
        "operatingIncome": 110000000,
        "operatingIncomeRatio": 0.3730077993,
        "totalOtherIncomeExpensesNet": -32500000,
        "incomeBeforeTax": 77500000,
        "incomeBeforeTaxRatio": 0.2628009495,
        "incomeTaxExpense": 25800000,
        "netIncome": 51700000,
        "netIncomeRatio": 0.1753136656,
        "eps": 0.15,
        "epsdiluted": 0.15,
        "weightedAverageShsOut": 344667000,
        "weightedAverageShsOutDil": 346010000,
        "link": "https://www.sec.gov/Archives/edgar/data/1378946/000119312511134227/0001193125-11-134227-index.htm",
        "finalLink": "https://www.sec.gov/Archives/edgar/data/1378946/000119312511052040/d10k.htm"
    },
    {
        "date": "2010-12-31",
        "symbol": "PBCT",
        "reportedCurrency": "USD",
        "cik": "0001378946",
        "fillingDate": "2011-03-01",
        "acceptedDate": "2011-03-01 16:03:36",
        "calendarYear": "2010",
        "period": "Q4",
        "revenue": 265700000,
        "costOfRevenue": 0,
        "grossProfit": 265700000,
        "grossProfitRatio": 1,
        "researchAndDevelopmentExpenses": 0,
        "generalAndAdministrativeExpenses": 98300000,
        "sellingAndMarketingExpenses": 5300000,
        "sellingGeneralAndAdministrativeExpenses": 103600000,
        "otherExpenses": -290400000,
        "operatingExpenses": -186800000,
        "costAndExpenses": -186800000,
        "interestIncome": 220800000,
        "interestExpense": 31000000,
        "depreciationAndAmortization": 19200000,
        "ebitda": 98100000,
        "ebitdaratio": 0.3692133986,
        "operatingIncome": 78900000,
        "operatingIncomeRatio": 0.296951449,
        "totalOtherIncomeExpensesNet": -31000000,
        "incomeBeforeTax": 47900000,
        "incomeBeforeTaxRatio": 0.1802785096,
        "incomeTaxExpense": 15900000,
        "netIncome": 32000000,
        "netIncomeRatio": 0.1204365826,
        "eps": 0.0928,
        "epsdiluted": 0.0928,
        "weightedAverageShsOut": 344667000,
        "weightedAverageShsOutDil": 344667000,
        "link": "https://www.sec.gov/Archives/edgar/data/1378946/000119312511052040/0001193125-11-052040-index.htm",
        "finalLink": "https://www.sec.gov/Archives/edgar/data/1378946/000119312511052040/d10k.htm"
    },
    {
        "date": "2010-09-30",
        "symbol": "PBCT",
        "reportedCurrency": "USD",
        "cik": "0001378946",
        "fillingDate": "2010-11-09",
        "acceptedDate": "2010-11-09 13:42:10",
        "calendarYear": "2010",
        "period": "Q3",
        "revenue": 251700000,
        "costOfRevenue": 0,
        "grossProfit": 251700000,
        "grossProfitRatio": 1,
        "researchAndDevelopmentExpenses": 0,
        "generalAndAdministrativeExpenses": 93200000,
        "sellingAndMarketingExpenses": 5800000,
        "sellingGeneralAndAdministrativeExpenses": 99000000,
        "otherExpenses": -283300000,
        "operatingExpenses": -184300000,
        "costAndExpenses": -184300000,
        "interestIncome": 207500000,
        "interestExpense": 31700000,
        "depreciationAndAmortization": 19000000,
        "ebitda": 86400000,
        "ebitdaratio": 0.3432657926,
        "operatingIncome": 67400000,
        "operatingIncomeRatio": 0.2677791021,
        "totalOtherIncomeExpensesNet": -31700000,
        "incomeBeforeTax": 35700000,
        "incomeBeforeTaxRatio": 0.1418355185,
        "incomeTaxExpense": 11600000,
        "netIncome": 24100000,
        "netIncomeRatio": 0.0957489074,
        "eps": 0.0679,
        "epsdiluted": 0.0679,
        "weightedAverageShsOut": 354990000,
        "weightedAverageShsOutDil": 354990000,
        "link": "https://www.sec.gov/Archives/edgar/data/1378946/000119312510253803/0001193125-10-253803-index.htm",
        "finalLink": "https://www.sec.gov/Archives/edgar/data/1378946/000119312510253803/d10q.htm"
    },
    {
        "date": "2010-06-30",
        "symbol": "PBCT",
        "reportedCurrency": "USD",
        "cik": "0001378946",
        "fillingDate": "2010-08-09",
        "acceptedDate": "2010-08-09 13:56:09",
        "calendarYear": "2010",
        "period": "Q2",
        "revenue": 250600000,
        "costOfRevenue": 0,
        "grossProfit": 250600000,
        "grossProfitRatio": 1,
        "researchAndDevelopmentExpenses": 0,
        "generalAndAdministrativeExpenses": 92600000,
        "sellingAndMarketingExpenses": 5300000,
        "sellingGeneralAndAdministrativeExpenses": 97900000,
        "otherExpenses": -292400000,
        "operatingExpenses": -194500000,
        "costAndExpenses": -194500000,
        "interestIncome": 206900000,
        "interestExpense": 33100000,
        "depreciationAndAmortization": 17500000,
        "ebitda": 73600000,
        "ebitdaratio": 0.2936951317,
        "operatingIncome": 56100000,
        "operatingIncomeRatio": 0.2238627294,
        "totalOtherIncomeExpensesNet": -33100000,
        "incomeBeforeTax": 23000000,
        "incomeBeforeTaxRatio": 0.0917797287,
        "incomeTaxExpense": 7000000,
        "netIncome": 16000000,
        "netIncomeRatio": 0.0638467678,
        "eps": 0.04,
        "epsdiluted": 0.04,
        "weightedAverageShsOut": 400000000,
        "weightedAverageShsOutDil": 400000000,
        "link": "https://www.sec.gov/Archives/edgar/data/1378946/000119312510183054/0001193125-10-183054-index.htm",
        "finalLink": "https://www.sec.gov/Archives/edgar/data/1378946/000119312510183054/d10q.htm"
    },
    {
        "date": "2010-03-31",
        "symbol": "PBCT",
        "reportedCurrency": "USD",
        "cik": "0001378946",
        "fillingDate": "2010-05-10",
        "acceptedDate": "2010-05-10 15:10:06",
        "calendarYear": "2010",
        "period": "Q1",
        "revenue": 230200000,
        "costOfRevenue": 0,
        "grossProfit": 230200000,
        "grossProfitRatio": 1,
        "researchAndDevelopmentExpenses": 0,
        "generalAndAdministrativeExpenses": 96300000,
        "sellingAndMarketingExpenses": 4800000,
        "sellingGeneralAndAdministrativeExpenses": 101100000,
        "otherExpenses": -276900000,
        "operatingExpenses": -175800000,
        "costAndExpenses": -175800000,
        "interestIncome": 193600000,
        "interestExpense": 34000000,
        "depreciationAndAmortization": 17400000,
        "ebitda": 71800000,
        "ebitdaratio": 0.3119026933,
        "operatingIncome": 54400000,
        "operatingIncomeRatio": 0.2363162467,
        "totalOtherIncomeExpensesNet": -34000000,
        "incomeBeforeTax": 20400000,
        "incomeBeforeTaxRatio": 0.0886185925,
        "incomeTaxExpense": 6800000,
        "netIncome": 13600000,
        "netIncomeRatio": 0.0590790617,
        "eps": 0.04,
        "epsdiluted": 0.04,
        "weightedAverageShsOut": 340000000,
        "weightedAverageShsOutDil": 340000000,
        "link": "https://www.sec.gov/Archives/edgar/data/1378946/000119312510114443/0001193125-10-114443-index.htm",
        "finalLink": "https://www.sec.gov/Archives/edgar/data/1378946/000119312510044584/d10k.htm"
    },
    {
        "date": "2009-12-31",
        "symbol": "PBCT",
        "reportedCurrency": "USD",
        "cik": "0001378946",
        "fillingDate": "2010-03-01",
        "acceptedDate": "2010-03-01 15:28:14",
        "calendarYear": "2009",
        "period": "Q4",
        "revenue": 219200000,
        "costOfRevenue": 0,
        "grossProfit": 219200000,
        "grossProfitRatio": 1,
        "researchAndDevelopmentExpenses": 0,
        "generalAndAdministrativeExpenses": 89200000,
        "sellingAndMarketingExpenses": 5200000,
        "sellingGeneralAndAdministrativeExpenses": 94400000,
        "otherExpenses": -240200000,
        "operatingExpenses": -145800000,
        "costAndExpenses": -145800000,
        "interestIncome": 187500000,
        "interestExpense": 40000000,
        "depreciationAndAmortization": 16400000,
        "ebitda": 89800000,
        "ebitdaratio": 0.4096715328,
        "operatingIncome": 73400000,
        "operatingIncomeRatio": 0.3348540146,
        "totalOtherIncomeExpensesNet": -40000000,
        "incomeBeforeTax": 33400000,
        "incomeBeforeTaxRatio": 0.1523722628,
        "incomeTaxExpense": 8500000,
        "netIncome": 24900000,
        "netIncomeRatio": 0.1135948905,
        "eps": 0.0732,
        "epsdiluted": 0.0732,
        "weightedAverageShsOut": 340000000,
        "weightedAverageShsOutDil": 340000000,
        "link": "https://www.sec.gov/Archives/edgar/data/1378946/000119312510044584/0001193125-10-044584-index.htm",
        "finalLink": "https://www.sec.gov/Archives/edgar/data/1378946/000119312510044584/d10k.htm"
    },
    {
        "date": "2009-09-30",
        "symbol": "PBCT",
        "reportedCurrency": "USD",
        "cik": "0001378946",
        "fillingDate": "2009-11-09",
        "acceptedDate": "2009-11-09 13:45:13",
        "calendarYear": "2009",
        "period": "Q3",
        "revenue": 225500000,
        "costOfRevenue": 0,
        "grossProfit": 225500000,
        "grossProfitRatio": 1,
        "researchAndDevelopmentExpenses": 0,
        "generalAndAdministrativeExpenses": 86000000,
        "sellingAndMarketingExpenses": 5700000,
        "sellingGeneralAndAdministrativeExpenses": 91700000,
        "otherExpenses": -231700000,
        "operatingExpenses": -140000000,
        "costAndExpenses": -140000000,
        "interestIncome": 191900000,
        "interestExpense": 46600000,
        "depreciationAndAmortization": 17700000,
        "ebitda": 103200000,
        "ebitdaratio": 0.4576496674,
        "operatingIncome": 85500000,
        "operatingIncomeRatio": 0.3791574279,
        "totalOtherIncomeExpensesNet": -46600000,
        "incomeBeforeTax": 38900000,
        "incomeBeforeTaxRatio": 0.1725055432,
        "incomeTaxExpense": 12100000,
        "netIncome": 26800000,
        "netIncomeRatio": 0.1188470067,
        "eps": 0.0808,
        "epsdiluted": 0.0804,
        "weightedAverageShsOut": 331700000,
        "weightedAverageShsOutDil": 333380000,
        "link": "https://www.sec.gov/Archives/edgar/data/1378946/000119312509229024/0001193125-09-229024-index.htm",
        "finalLink": "https://www.sec.gov/Archives/edgar/data/1378946/000119312509229024/d10q.htm"
    },
    {
        "date": "2009-06-30",
        "symbol": "PBCT",
        "reportedCurrency": "USD",
        "cik": "0001378946",
        "fillingDate": "2009-08-10",
        "acceptedDate": "2009-08-10 14:21:18",
        "calendarYear": "2009",
        "period": "Q2",
        "revenue": 226200000,
        "costOfRevenue": 0,
        "grossProfit": 226200000,
        "grossProfitRatio": 1,
        "researchAndDevelopmentExpenses": 0,
        "generalAndAdministrativeExpenses": 86600000,
        "sellingAndMarketingExpenses": 0,
        "sellingGeneralAndAdministrativeExpenses": 86600000,
        "otherExpenses": -222700000,
        "operatingExpenses": -136100000,
        "costAndExpenses": -136100000,
        "interestIncome": 192200000,
        "interestExpense": 51000000,
        "depreciationAndAmortization": 15900000,
        "ebitda": 106000000,
        "ebitdaratio": 0.4686118479,
        "operatingIncome": 90100000,
        "operatingIncomeRatio": 0.3983200707,
        "totalOtherIncomeExpensesNet": -51000000,
        "incomeBeforeTax": 39100000,
        "incomeBeforeTaxRatio": 0.1728558798,
        "incomeTaxExpense": 11700000,
        "netIncome": 27400000,
        "netIncomeRatio": 0.1211317418,
        "eps": 0.0826,
        "epsdiluted": 0.08,
        "weightedAverageShsOut": 331600000,
        "weightedAverageShsOutDil": 342500000,
        "link": "https://www.sec.gov/Archives/edgar/data/1378946/000119312509170393/0001193125-09-170393-index.htm",
        "finalLink": "https://www.sec.gov/Archives/edgar/data/1378946/000119312509170393/d10q.htm"
    },
    {
        "date": "2009-03-31",
        "symbol": "PBCT",
        "reportedCurrency": "USD",
        "cik": "0001378946",
        "fillingDate": "2009-05-11",
        "acceptedDate": "2009-05-11 17:19:25",
        "calendarYear": "2009",
        "period": "Q1",
        "revenue": 215000000,
        "costOfRevenue": 0,
        "grossProfit": 215000000,
        "grossProfitRatio": 1,
        "researchAndDevelopmentExpenses": 0,
        "generalAndAdministrativeExpenses": 88700000,
        "sellingAndMarketingExpenses": 0,
        "sellingGeneralAndAdministrativeExpenses": 88700000,
        "otherExpenses": -211800000,
        "operatingExpenses": -123100000,
        "costAndExpenses": -123100000,
        "interestIncome": 195200000,
        "interestExpense": 52400000,
        "depreciationAndAmortization": 15700000,
        "ebitda": 107600000,
        "ebitdaratio": 0.5004651163,
        "operatingIncome": 91900000,
        "operatingIncomeRatio": 0.4274418605,
        "totalOtherIncomeExpensesNet": -52400000,
        "incomeBeforeTax": 39500000,
        "incomeBeforeTaxRatio": 0.1837209302,
        "incomeTaxExpense": 12800000,
        "netIncome": 26700000,
        "netIncomeRatio": 0.1241860465,
        "eps": 0.0805,
        "epsdiluted": 0.0802,
        "weightedAverageShsOut": 331600000,
        "weightedAverageShsOutDil": 332800000,
        "link": "https://www.sec.gov/Archives/edgar/data/1378946/000119312509107359/0001193125-09-107359-index.htm",
        "finalLink": "https://www.sec.gov/Archives/edgar/data/1378946/000119312509042663/d10k.htm"
    },
    {
        "date": "2008-12-31",
        "symbol": "PBCT",
        "reportedCurrency": "USD",
        "cik": "0001378946",
        "fillingDate": "2009-03-02",
        "acceptedDate": "2009-03-02 16:48:30",
        "calendarYear": "2008",
        "period": "Q4",
        "revenue": 227000000,
        "costOfRevenue": 0,
        "grossProfit": 227000000,
        "grossProfitRatio": 1,
        "researchAndDevelopmentExpenses": 0,
        "generalAndAdministrativeExpenses": 83200000,
        "sellingAndMarketingExpenses": 0,
        "sellingGeneralAndAdministrativeExpenses": 83200000,
        "otherExpenses": -198300000,
        "operatingExpenses": -115100000,
        "costAndExpenses": -115100000,
        "interestIncome": 212400000,
        "interestExpense": 59100000,
        "depreciationAndAmortization": 15600000,
        "ebitda": 127500000,
        "ebitdaratio": 0.5616740088,
        "operatingIncome": 111900000,
        "operatingIncomeRatio": 0.4929515419,
        "totalOtherIncomeExpensesNet": -59100000,
        "incomeBeforeTax": 52800000,
        "incomeBeforeTaxRatio": 0.2325991189,
        "incomeTaxExpense": 17400000,
        "netIncome": 35400000,
        "netIncomeRatio": 0.1559471366,
        "eps": 0.11,
        "epsdiluted": 0.11,
        "weightedAverageShsOut": 331600000,
        "weightedAverageShsOutDil": 331600000,
        "link": "https://www.sec.gov/Archives/edgar/data/1378946/000119312509042663/0001193125-09-042663-index.htm",
        "finalLink": "https://www.sec.gov/Archives/edgar/data/1378946/000119312509042663/d10k.htm"
    },
    {
        "date": "2008-09-30",
        "symbol": "PBCT",
        "reportedCurrency": "USD",
        "cik": "0001378946",
        "fillingDate": "2008-11-07",
        "acceptedDate": "2008-11-07 16:06:33",
        "calendarYear": "2008",
        "period": "Q3",
        "revenue": 234000000,
        "costOfRevenue": 0,
        "grossProfit": 234000000,
        "grossProfitRatio": 1,
        "researchAndDevelopmentExpenses": 0,
        "generalAndAdministrativeExpenses": 85600000,
        "sellingAndMarketingExpenses": 0,
        "sellingGeneralAndAdministrativeExpenses": 85600000,
        "otherExpenses": -188500000,
        "operatingExpenses": -102900000,
        "costAndExpenses": -102900000,
        "interestIncome": 222400000,
        "interestExpense": 62600000,
        "depreciationAndAmortization": 15300000,
        "ebitda": 146400000,
        "ebitdaratio": 0.6256410256,
        "operatingIncome": 131100000,
        "operatingIncomeRatio": 0.5602564103,
        "totalOtherIncomeExpensesNet": -62600000,
        "incomeBeforeTax": 68500000,
        "incomeBeforeTaxRatio": 0.2927350427,
        "incomeTaxExpense": 22500000,
        "netIncome": 46000000,
        "netIncomeRatio": 0.1965811966,
        "eps": 0.14,
        "epsdiluted": 0.14,
        "weightedAverageShsOut": 329700000,
        "weightedAverageShsOutDil": 331300000,
        "link": "https://www.sec.gov/Archives/edgar/data/1378946/000119312508229999/0001193125-08-229999-index.htm",
        "finalLink": "https://www.sec.gov/Archives/edgar/data/1378946/000119312508229999/d10q.htm"
    },
    {
        "date": "2008-06-30",
        "symbol": "PBCT",
        "reportedCurrency": "USD",
        "cik": "0001378946",
        "fillingDate": "2008-08-08",
        "acceptedDate": "2008-08-08 14:56:31",
        "calendarYear": "2008",
        "period": "Q2",
        "revenue": 230400000,
        "costOfRevenue": 0,
        "grossProfit": 230400000,
        "grossProfitRatio": 1,
        "researchAndDevelopmentExpenses": 0,
        "generalAndAdministrativeExpenses": 86700000,
        "sellingAndMarketingExpenses": 0,
        "sellingGeneralAndAdministrativeExpenses": 86700000,
        "otherExpenses": -181500000,
        "operatingExpenses": -94800000,
        "costAndExpenses": -94800000,
        "interestIncome": 227500000,
        "interestExpense": 70500000,
        "depreciationAndAmortization": 15200000,
        "ebitda": 150800000,
        "ebitdaratio": 0.6545138889,
        "operatingIncome": 135600000,
        "operatingIncomeRatio": 0.5885416667,
        "totalOtherIncomeExpensesNet": -70500000,
        "incomeBeforeTax": 65100000,
        "incomeBeforeTaxRatio": 0.2825520833,
        "incomeTaxExpense": 22100000,
        "netIncome": 43000000,
        "netIncomeRatio": 0.1866319444,
        "eps": 0.13,
        "epsdiluted": 0.13,
        "weightedAverageShsOut": 328700000,
        "weightedAverageShsOutDil": 330200000,
        "link": "https://www.sec.gov/Archives/edgar/data/1378946/000119312508171771/0001193125-08-171771-index.htm",
        "finalLink": "https://www.sec.gov/Archives/edgar/data/1378946/000119312508171771/d10q.htm"
    },
    {
        "date": "2008-03-31",
        "symbol": "PBCT",
        "reportedCurrency": "USD",
        "cik": "0001378946",
        "fillingDate": "2008-05-12",
        "acceptedDate": "2008-05-12 16:46:35",
        "calendarYear": "2008",
        "period": "Q1",
        "revenue": 248600000,
        "costOfRevenue": 0,
        "grossProfit": 248600000,
        "grossProfitRatio": 1,
        "researchAndDevelopmentExpenses": 0,
        "generalAndAdministrativeExpenses": 89100000,
        "sellingAndMarketingExpenses": 0,
        "sellingGeneralAndAdministrativeExpenses": 89100000,
        "otherExpenses": -228000000,
        "operatingExpenses": -138900000,
        "costAndExpenses": -138900000,
        "interestIncome": 255300000,
        "interestExpense": 88600000,
        "depreciationAndAmortization": 15200000,
        "ebitda": 124900000,
        "ebitdaratio": 0.5024135157,
        "operatingIncome": 109700000,
        "operatingIncomeRatio": 0.4412711183,
        "totalOtherIncomeExpensesNet": -88600000,
        "incomeBeforeTax": 21100000,
        "incomeBeforeTaxRatio": 0.0848753017,
        "incomeTaxExpense": 6000000,
        "netIncome": 15100000,
        "netIncomeRatio": 0.0607401448,
        "eps": 0.05,
        "epsdiluted": 0.05,
        "weightedAverageShsOut": 302000000,
        "weightedAverageShsOutDil": 302000000,
        "link": "https://www.sec.gov/Archives/edgar/data/1378946/000119312508111647/0001193125-08-111647-index.htm",
        "finalLink": "https://www.sec.gov/Archives/edgar/data/1378946/000119312508043707/d10k.htm"
    },
    {
        "date": "2007-12-31",
        "symbol": "PBCT",
        "reportedCurrency": "USD",
        "cik": "0001378946",
        "fillingDate": "2008-02-29",
        "acceptedDate": "2008-02-29 16:23:59",
        "calendarYear": "2007",
        "period": "Q4",
        "revenue": 171100000,
        "costOfRevenue": 0,
        "grossProfit": 171100000,
        "grossProfitRatio": 1,
        "researchAndDevelopmentExpenses": 0,
        "generalAndAdministrativeExpenses": 56300000,
        "sellingAndMarketingExpenses": 0,
        "sellingGeneralAndAdministrativeExpenses": 56300000,
        "otherExpenses": -104700000,
        "operatingExpenses": -48400000,
        "costAndExpenses": -48400000,
        "interestIncome": 180700000,
        "interestExpense": 55700000,
        "depreciationAndAmortization": 6600000,
        "ebitda": 129300000,
        "ebitdaratio": 0.755698422,
        "operatingIncome": 122700000,
        "operatingIncomeRatio": 0.7171244886,
        "totalOtherIncomeExpensesNet": -54500000,
        "incomeBeforeTax": 68200000,
        "incomeBeforeTaxRatio": 0.3985973115,
        "incomeTaxExpense": 22500000,
        "netIncome": 44500000,
        "netIncomeRatio": 0.2600818235,
        "eps": 0.15,
        "epsdiluted": 0.15,
        "weightedAverageShsOut": 302000000,
        "weightedAverageShsOutDil": 302000000,
        "link": "https://www.sec.gov/Archives/edgar/data/1378946/000119312508043707/0001193125-08-043707-index.htm",
        "finalLink": "https://www.sec.gov/Archives/edgar/data/1378946/000119312508043707/d10k.htm"
    },
    {
        "date": "2007-09-30",
        "symbol": "PBCT",
        "reportedCurrency": "USD",
        "cik": "0001378946",
        "fillingDate": "2007-11-09",
        "acceptedDate": "2007-11-09 14:38:14",
        "calendarYear": "2007",
        "period": "Q3",
        "revenue": 184500000,
        "costOfRevenue": 0,
        "grossProfit": 184500000,
        "grossProfitRatio": 1,
        "researchAndDevelopmentExpenses": 0,
        "generalAndAdministrativeExpenses": 53100000,
        "sellingAndMarketingExpenses": 0,
        "sellingGeneralAndAdministrativeExpenses": 53100000,
        "otherExpenses": -95700000,
        "operatingExpenses": -42600000,
        "costAndExpenses": -42600000,
        "interestIncome": 189400000,
        "interestExpense": 55100000,
        "depreciationAndAmortization": 6600000,
        "ebitda": 148500000,
        "ebitdaratio": 0.8048780488,
        "operatingIncome": 141900000,
        "operatingIncomeRatio": 0.7691056911,
        "totalOtherIncomeExpensesNet": -55400000,
        "incomeBeforeTax": 86500000,
        "incomeBeforeTaxRatio": 0.4688346883,
        "incomeTaxExpense": 29200000,
        "netIncome": 57600000,
        "netIncomeRatio": 0.312195122,
        "eps": 0.2,
        "epsdiluted": 0.2,
        "weightedAverageShsOut": 289700000,
        "weightedAverageShsOutDil": 290800000,
        "link": "https://www.sec.gov/Archives/edgar/data/1378946/000119312507242150/0001193125-07-242150-index.htm",
        "finalLink": "https://www.sec.gov/Archives/edgar/data/1378946/000119312507242150/d10q.htm"
    },
    {
        "date": "2007-06-30",
        "symbol": "PBCT",
        "reportedCurrency": "USD",
        "cik": "0001378946",
        "fillingDate": "2007-08-09",
        "acceptedDate": "2007-08-09 16:06:12",
        "calendarYear": "2007",
        "period": "Q2",
        "revenue": 177500000,
        "costOfRevenue": 0,
        "grossProfit": 177500000,
        "grossProfitRatio": 1,
        "researchAndDevelopmentExpenses": 0,
        "generalAndAdministrativeExpenses": 54900000,
        "sellingAndMarketingExpenses": 0,
        "sellingGeneralAndAdministrativeExpenses": 54900000,
        "otherExpenses": -156500000,
        "operatingExpenses": -101600000,
        "costAndExpenses": -101600000,
        "interestIncome": 187500000,
        "interestExpense": 55500000,
        "depreciationAndAmortization": 6400000,
        "ebitda": 82300000,
        "ebitdaratio": 0.4636619718,
        "operatingIncome": 75900000,
        "operatingIncomeRatio": 0.4276056338,
        "totalOtherIncomeExpensesNet": -55900000,
        "incomeBeforeTax": 20000000,
        "incomeBeforeTaxRatio": 0.1126760563,
        "incomeTaxExpense": 6900000,
        "netIncome": 13500000,
        "netIncomeRatio": 0.076056338,
        "eps": 0.05,
        "epsdiluted": 0.05,
        "weightedAverageShsOut": 270000000,
        "weightedAverageShsOutDil": 270000000,
        "link": "https://www.sec.gov/Archives/edgar/data/1378946/000119312507177453/0001193125-07-177453-index.htm",
        "finalLink": "https://www.sec.gov/Archives/edgar/data/1378946/000119312507177453/d10q.htm"
    },
    {
        "date": "2007-03-31",
        "symbol": "PBCT",
        "reportedCurrency": "USD",
        "cik": "0001378946",
        "fillingDate": "2007-05-10",
        "acceptedDate": "2007-05-10 15:01:24",
        "calendarYear": "2007",
        "period": "Q1",
        "revenue": 138900000,
        "costOfRevenue": 0,
        "grossProfit": 138900000,
        "grossProfitRatio": 1,
        "researchAndDevelopmentExpenses": 0,
        "generalAndAdministrativeExpenses": 51300000,
        "sellingAndMarketingExpenses": 0,
        "sellingGeneralAndAdministrativeExpenses": 51300000,
        "otherExpenses": -85600000,
        "operatingExpenses": -34300000,
        "costAndExpenses": -34300000,
        "interestIncome": 149400000,
        "interestExpense": 54100000,
        "depreciationAndAmortization": 5900000,
        "ebitda": 110500000,
        "ebitdaratio": 0.7955363571,
        "operatingIncome": 104600000,
        "operatingIncomeRatio": 0.7530597552,
        "totalOtherIncomeExpensesNet": -54600000,
        "incomeBeforeTax": 50000000,
        "incomeBeforeTaxRatio": 0.3599712023,
        "incomeTaxExpense": 16900000,
        "netIncome": 33600000,
        "netIncomeRatio": 0.2419006479,
        "eps": 0.24,
        "epsdiluted": 0.24,
        "weightedAverageShsOut": 141800000,
        "weightedAverageShsOutDil": 142500000,
        "link": "https://www.sec.gov/Archives/edgar/data/1378946/000119312507110030/0001193125-07-110030-index.htm",
        "finalLink": "https://www.sec.gov/Archives/edgar/data/1378946/000119312507110030/d10q.htm"
    },
    {
        "date": "2006-12-31",
        "symbol": "PBCT",
        "reportedCurrency": "USD",
        "cik": "0001378946",
        "fillingDate": "2007-04-13",
        "acceptedDate": "2007-04-13 17:07:10",
        "calendarYear": "2006",
        "period": "Q4",
        "revenue": 0,
        "costOfRevenue": 0,
        "grossProfit": 0,
        "grossProfitRatio": 0,
        "researchAndDevelopmentExpenses": 0,
        "generalAndAdministrativeExpenses": 0,
        "sellingAndMarketingExpenses": 0,
        "sellingGeneralAndAdministrativeExpenses": 0,
        "otherExpenses": 31000000,
        "operatingExpenses": 31000000,
        "costAndExpenses": 31000000,
        "interestIncome": 0,
        "interestExpense": 0,
        "depreciationAndAmortization": 0,
        "ebitda": 31000000,
        "ebitdaratio": 0,
        "operatingIncome": 31000000,
        "operatingIncomeRatio": 0,
        "totalOtherIncomeExpensesNet": 0,
        "incomeBeforeTax": 0,
        "incomeBeforeTaxRatio": 0,
        "incomeTaxExpense": -31000000,
        "netIncome": 31000000,
        "netIncomeRatio": 0,
        "eps": 0.22,
        "epsdiluted": 0.22,
        "weightedAverageShsOut": 141600000,
        "weightedAverageShsOutDil": 141600000,
        "link": "https://www.sec.gov/Archives/edgar/data/1378946/000119312507080878/0001193125-07-080878-index.htm",
        "finalLink": "https://www.sec.gov/Archives/edgar/data/1378946/000119312507080878/d10k.htm"
    },
    {
        "date": "2006-09-30",
        "symbol": "PBCT",
        "reportedCurrency": "USD",
        "cik": "0001378946",
        "fillingDate": "2006-09-30",
        "acceptedDate": "2006-09-29 20:00:00",
        "calendarYear": "2006",
        "period": "Q3",
        "revenue": 0,
        "costOfRevenue": 0,
        "grossProfit": 0,
        "grossProfitRatio": 0,
        "researchAndDevelopmentExpenses": 0,
        "generalAndAdministrativeExpenses": 0,
        "sellingAndMarketingExpenses": 0,
        "sellingGeneralAndAdministrativeExpenses": 0,
        "otherExpenses": 31000000,
        "operatingExpenses": 31000000,
        "costAndExpenses": 31000000,
        "interestIncome": 0,
        "interestExpense": 0,
        "depreciationAndAmortization": 0,
        "ebitda": 31000000,
        "ebitdaratio": 0,
        "operatingIncome": 31000000,
        "operatingIncomeRatio": 0,
        "totalOtherIncomeExpensesNet": 0,
        "incomeBeforeTax": 0,
        "incomeBeforeTaxRatio": 0,
        "incomeTaxExpense": -31000000,
        "netIncome": 31000000,
        "netIncomeRatio": 0,
        "eps": 0.22,
        "epsdiluted": 0.22,
        "weightedAverageShsOut": 141600000,
        "weightedAverageShsOutDil": 142200000,
        "link": "",
        "finalLink": ""
    },
    {
        "date": "2006-06-30",
        "symbol": "PBCT",
        "reportedCurrency": "USD",
        "cik": "0001378946",
        "fillingDate": "2006-06-30",
        "acceptedDate": "2006-06-29 20:00:00",
        "calendarYear": "2006",
        "period": "Q2",
        "revenue": 0,
        "costOfRevenue": 0,
        "grossProfit": 0,
        "grossProfitRatio": 0,
        "researchAndDevelopmentExpenses": 0,
        "generalAndAdministrativeExpenses": 0,
        "sellingAndMarketingExpenses": 0,
        "sellingGeneralAndAdministrativeExpenses": 0,
        "otherExpenses": 31000000,
        "operatingExpenses": 31000000,
        "costAndExpenses": 31000000,
        "interestIncome": 0,
        "interestExpense": 0,
        "depreciationAndAmortization": 0,
        "ebitda": 31000000,
        "ebitdaratio": 0,
        "operatingIncome": 31000000,
        "operatingIncomeRatio": 0,
        "totalOtherIncomeExpensesNet": 0,
        "incomeBeforeTax": 0,
        "incomeBeforeTaxRatio": 0,
        "incomeTaxExpense": -31000000,
        "netIncome": 31000000,
        "netIncomeRatio": 0,
        "eps": 0.22,
        "epsdiluted": 0.22,
        "weightedAverageShsOut": 141600000,
        "weightedAverageShsOutDil": 142200000,
        "link": "",
        "finalLink": ""
    },
    {
        "date": "2006-03-31",
        "symbol": "PBCT",
        "reportedCurrency": "USD",
        "cik": "0001378946",
        "fillingDate": "2006-03-31",
        "acceptedDate": "2006-03-30 19:00:00",
        "calendarYear": "2006",
        "period": "Q1",
        "revenue": 0,
        "costOfRevenue": 0,
        "grossProfit": 0,
        "grossProfitRatio": 0,
        "researchAndDevelopmentExpenses": 0,
        "generalAndAdministrativeExpenses": 0,
        "sellingAndMarketingExpenses": 0,
        "sellingGeneralAndAdministrativeExpenses": 0,
        "otherExpenses": 35000000,
        "operatingExpenses": 35000000,
        "costAndExpenses": 35000000,
        "interestIncome": 0,
        "interestExpense": 0,
        "depreciationAndAmortization": 5800000,
        "ebitda": 40800000,
        "ebitdaratio": 0,
        "operatingIncome": 35000000,
        "operatingIncomeRatio": 0,
        "totalOtherIncomeExpensesNet": 0,
        "incomeBeforeTax": 0,
        "incomeBeforeTaxRatio": 0,
        "incomeTaxExpense": 0,
        "netIncome": 35000000,
        "netIncomeRatio": 0,
        "eps": 0.25,
        "epsdiluted": 0.25,
        "weightedAverageShsOut": 142040000,
        "weightedAverageShsOutDil": 142040000,
        "link": "",
        "finalLink": ""
    },
    {
        "date": "2005-12-31",
        "symbol": "PBCT",
        "reportedCurrency": "USD",
        "cik": "0001378946",
        "fillingDate": "2005-12-31",
        "acceptedDate": "2005-12-30 19:00:00",
        "calendarYear": "2005",
        "period": "Q4",
        "revenue": 145000000,
        "costOfRevenue": 0,
        "grossProfit": 145000000,
        "grossProfitRatio": 1,
        "researchAndDevelopmentExpenses": 0,
        "generalAndAdministrativeExpenses": 49700000,
        "sellingAndMarketingExpenses": 0,
        "sellingGeneralAndAdministrativeExpenses": 49700000,
        "otherExpenses": -103700000,
        "operatingExpenses": -54000000,
        "costAndExpenses": -54000000,
        "interestIncome": 133800000,
        "interestExpense": 40500000,
        "depreciationAndAmortization": 5500000,
        "ebitda": 96500000,
        "ebitdaratio": 0.6655172414,
        "operatingIncome": 91000000,
        "operatingIncomeRatio": 0.6275862069,
        "totalOtherIncomeExpensesNet": -41400000,
        "incomeBeforeTax": 49600000,
        "incomeBeforeTaxRatio": 0.3420689655,
        "incomeTaxExpense": 15300000,
        "netIncome": 35200000,
        "netIncomeRatio": 0.2427586207,
        "eps": 0.25,
        "epsdiluted": 0.25,
        "weightedAverageShsOut": 141200000,
        "weightedAverageShsOutDil": 141200000,
        "link": "",
        "finalLink": ""
    },
    {
        "date": "2005-09-30",
        "symbol": "PBCT",
        "reportedCurrency": "USD",
        "cik": "0001378946",
        "fillingDate": "2005-09-30",
        "acceptedDate": "2005-09-29 20:00:00",
        "calendarYear": "2005",
        "period": "Q3",
        "revenue": 136600000,
        "costOfRevenue": 0,
        "grossProfit": 136600000,
        "grossProfitRatio": 1,
        "researchAndDevelopmentExpenses": 0,
        "generalAndAdministrativeExpenses": 49700000,
        "sellingAndMarketingExpenses": 0,
        "sellingGeneralAndAdministrativeExpenses": 49700000,
        "otherExpenses": -99400000,
        "operatingExpenses": -49700000,
        "costAndExpenses": -49700000,
        "interestIncome": 128600000,
        "interestExpense": 36100000,
        "depreciationAndAmortization": 5600000,
        "ebitda": 92500000,
        "ebitdaratio": 0.67715959,
        "operatingIncome": 86900000,
        "operatingIncomeRatio": 0.6361639824,
        "totalOtherIncomeExpensesNet": -37200000,
        "incomeBeforeTax": 49700000,
        "incomeBeforeTaxRatio": 0.3638360176,
        "incomeTaxExpense": 17300000,
        "netIncome": 33500000,
        "netIncomeRatio": 0.2452415813,
        "eps": 0.24,
        "epsdiluted": 0.24,
        "weightedAverageShsOut": 141200000,
        "weightedAverageShsOutDil": 141900000,
        "link": "",
        "finalLink": ""
    },
    {
        "date": "2005-06-30",
        "symbol": "PBCT",
        "reportedCurrency": "USD",
        "cik": "0001378946",
        "fillingDate": "2005-06-30",
        "acceptedDate": "2005-06-29 20:00:00",
        "calendarYear": "2005",
        "period": "Q2",
        "revenue": 131400000,
        "costOfRevenue": 0,
        "grossProfit": 131400000,
        "grossProfitRatio": 1,
        "researchAndDevelopmentExpenses": 0,
        "generalAndAdministrativeExpenses": 48400000,
        "sellingAndMarketingExpenses": 0,
        "sellingGeneralAndAdministrativeExpenses": 48400000,
        "otherExpenses": -94500000,
        "operatingExpenses": -46100000,
        "costAndExpenses": -46100000,
        "interestIncome": 125600000,
        "interestExpense": 32900000,
        "depreciationAndAmortization": 5800000,
        "ebitda": 91100000,
        "ebitdaratio": 0.6933028919,
        "operatingIncome": 85300000,
        "operatingIncomeRatio": 0.6491628615,
        "totalOtherIncomeExpensesNet": -40500000,
        "incomeBeforeTax": 44800000,
        "incomeBeforeTaxRatio": 0.3409436834,
        "incomeTaxExpense": 15400000,
        "netIncome": 37000000,
        "netIncomeRatio": 0.2815829528,
        "eps": 0.26,
        "epsdiluted": 0.26,
        "weightedAverageShsOut": 141100000,
        "weightedAverageShsOutDil": 141800000,
        "link": "",
        "finalLink": ""
    },
    {
        "date": "2005-03-31",
        "symbol": "PBCT",
        "reportedCurrency": "USD",
        "cik": "0001378946",
        "fillingDate": "2005-03-31",
        "acceptedDate": "2005-03-30 19:00:00",
        "calendarYear": "2005",
        "period": "Q1",
        "revenue": 128500000,
        "costOfRevenue": 0,
        "grossProfit": 128500000,
        "grossProfitRatio": 1,
        "researchAndDevelopmentExpenses": 0,
        "generalAndAdministrativeExpenses": 47700000,
        "sellingAndMarketingExpenses": 0,
        "sellingGeneralAndAdministrativeExpenses": 47700000,
        "otherExpenses": -100000000,
        "operatingExpenses": -52300000,
        "costAndExpenses": -52300000,
        "interestIncome": 119900000,
        "interestExpense": 28700000,
        "depreciationAndAmortization": 5900000,
        "ebitda": 82100000,
        "ebitdaratio": 0.6389105058,
        "operatingIncome": 76200000,
        "operatingIncomeRatio": 0.5929961089,
        "totalOtherIncomeExpensesNet": -30300000,
        "incomeBeforeTax": 45900000,
        "incomeBeforeTaxRatio": 0.3571984436,
        "incomeTaxExpense": 16100000,
        "netIncome": 31400000,
        "netIncomeRatio": 0.2443579767,
        "eps": 0.22,
        "epsdiluted": 0.22,
        "weightedAverageShsOut": 140630000,
        "weightedAverageShsOutDil": 141379000,
        "link": "",
        "finalLink": ""
    },
    {
        "date": "2004-12-31",
        "symbol": "PBCT",
        "reportedCurrency": "USD",
        "cik": "0001378946",
        "fillingDate": "2004-12-31",
        "acceptedDate": "2004-12-30 19:00:00",
        "calendarYear": "2004",
        "period": "Q4",
        "revenue": 126600000,
        "costOfRevenue": 0,
        "grossProfit": 126600000,
        "grossProfitRatio": 1,
        "researchAndDevelopmentExpenses": 0,
        "generalAndAdministrativeExpenses": 45900000,
        "sellingAndMarketingExpenses": 0,
        "sellingGeneralAndAdministrativeExpenses": 45900000,
        "otherExpenses": -103700000,
        "operatingExpenses": -57800000,
        "costAndExpenses": -57800000,
        "interestIncome": 114400000,
        "interestExpense": 26300000,
        "depreciationAndAmortization": 6100000,
        "ebitda": 74900000,
        "ebitdaratio": 0.5916271722,
        "operatingIncome": 68800000,
        "operatingIncomeRatio": 0.5434439179,
        "totalOtherIncomeExpensesNet": -27700000,
        "incomeBeforeTax": 41100000,
        "incomeBeforeTaxRatio": 0.3246445498,
        "incomeTaxExpense": 14500000,
        "netIncome": 28000000,
        "netIncomeRatio": 0.2211690363,
        "eps": 0.2,
        "epsdiluted": 0.2,
        "weightedAverageShsOut": 140030000,
        "weightedAverageShsOutDil": 140030000,
        "link": "",
        "finalLink": ""
    },
    {
        "date": "2004-09-30",
        "symbol": "PBCT",
        "reportedCurrency": "USD",
        "cik": "0001378946",
        "fillingDate": "2004-09-30",
        "acceptedDate": "2004-09-29 20:00:00",
        "calendarYear": "2004",
        "period": "Q3",
        "revenue": 124400000,
        "costOfRevenue": 0,
        "grossProfit": 124400000,
        "grossProfitRatio": 1,
        "researchAndDevelopmentExpenses": 0,
        "generalAndAdministrativeExpenses": 46500000,
        "sellingAndMarketingExpenses": 0,
        "sellingGeneralAndAdministrativeExpenses": 46500000,
        "otherExpenses": -105400000,
        "operatingExpenses": -58900000,
        "costAndExpenses": -58900000,
        "interestIncome": 110900000,
        "interestExpense": 25200000,
        "depreciationAndAmortization": 6700000,
        "ebitda": 72200000,
        "ebitdaratio": 0.5803858521,
        "operatingIncome": 65500000,
        "operatingIncomeRatio": 0.5265273312,
        "totalOtherIncomeExpensesNet": -29200000,
        "incomeBeforeTax": 36300000,
        "incomeBeforeTaxRatio": 0.2918006431,
        "incomeTaxExpense": 12800000,
        "netIncome": 27500000,
        "netIncomeRatio": 0.2210610932,
        "eps": 0.2,
        "epsdiluted": 0.2,
        "weightedAverageShsOut": 140030000,
        "weightedAverageShsOutDil": 140930000,
        "link": "",
        "finalLink": ""
    },
    {
        "date": "2004-06-30",
        "symbol": "PBCT",
        "reportedCurrency": "USD",
        "cik": "0001378946",
        "fillingDate": "2004-06-30",
        "acceptedDate": "2004-06-29 20:00:00",
        "calendarYear": "2004",
        "period": "Q2",
        "revenue": 119000000,
        "costOfRevenue": 0,
        "grossProfit": 119000000,
        "grossProfitRatio": 1,
        "researchAndDevelopmentExpenses": 0,
        "generalAndAdministrativeExpenses": 46500000,
        "sellingAndMarketingExpenses": 0,
        "sellingGeneralAndAdministrativeExpenses": 46500000,
        "otherExpenses": -110000000,
        "operatingExpenses": -63500000,
        "costAndExpenses": -63500000,
        "interestIncome": 104700000,
        "interestExpense": 24700000,
        "depreciationAndAmortization": 6900000,
        "ebitda": 62400000,
        "ebitdaratio": 0.5243697479,
        "operatingIncome": 55500000,
        "operatingIncomeRatio": 0.4663865546,
        "totalOtherIncomeExpensesNet": -27300000,
        "incomeBeforeTax": 28200000,
        "incomeBeforeTaxRatio": 0.2369747899,
        "incomeTaxExpense": 5800000,
        "netIncome": 25000000,
        "netIncomeRatio": 0.2100840336,
        "eps": 0.18,
        "epsdiluted": 0.18,
        "weightedAverageShsOut": 140030000,
        "weightedAverageShsOutDil": 140780000,
        "link": "",
        "finalLink": ""
    },
    {
        "date": "2004-03-31",
        "symbol": "PBCT",
        "reportedCurrency": "USD",
        "cik": "0001378946",
        "fillingDate": "2004-03-31",
        "acceptedDate": "2004-03-30 19:00:00",
        "calendarYear": "2004",
        "period": "Q1",
        "revenue": 107800000,
        "costOfRevenue": 0,
        "grossProfit": 107800000,
        "grossProfitRatio": 1,
        "researchAndDevelopmentExpenses": 0,
        "generalAndAdministrativeExpenses": 55400000,
        "sellingAndMarketingExpenses": 2100000,
        "sellingGeneralAndAdministrativeExpenses": 57500000,
        "otherExpenses": -53900000,
        "operatingExpenses": 3600000,
        "costAndExpenses": 3600000,
        "interestIncome": 107200000,
        "interestExpense": 33900000,
        "depreciationAndAmortization": 7300000,
        "ebitda": 118700000,
        "ebitdaratio": 1.1011131725,
        "operatingIncome": 111400000,
        "operatingIncomeRatio": 1.0333951763,
        "totalOtherIncomeExpensesNet": -231200000,
        "incomeBeforeTax": -119800000,
        "incomeBeforeTaxRatio": -1.1113172542,
        "incomeTaxExpense": -41700000,
        "netIncome": 119200000,
        "netIncomeRatio": 1.1057513915,
        "eps": 0.85,
        "epsdiluted": 0.85,
        "weightedAverageShsOut": 140260000,
        "weightedAverageShsOutDil": 140260000,
        "link": "",
        "finalLink": ""
    },
    {
        "date": "2003-12-31",
        "symbol": "PBCT",
        "reportedCurrency": "USD",
        "cik": "0001378946",
        "fillingDate": "2003-12-31",
        "acceptedDate": "2003-12-30 19:00:00",
        "calendarYear": "2003",
        "period": "Q4",
        "revenue": 144400000,
        "costOfRevenue": 0,
        "grossProfit": 144400000,
        "grossProfitRatio": 1,
        "researchAndDevelopmentExpenses": 0,
        "generalAndAdministrativeExpenses": 54200000,
        "sellingAndMarketingExpenses": 5100000,
        "sellingGeneralAndAdministrativeExpenses": 59300000,
        "otherExpenses": -133400000,
        "operatingExpenses": -74100000,
        "costAndExpenses": -74100000,
        "interestIncome": 125500000,
        "interestExpense": 43600000,
        "depreciationAndAmortization": 9000000,
        "ebitda": 79300000,
        "ebitdaratio": 0.5491689751,
        "operatingIncome": 70300000,
        "operatingIncomeRatio": 0.4868421053,
        "totalOtherIncomeExpensesNet": -43600000,
        "incomeBeforeTax": 26700000,
        "incomeBeforeTaxRatio": 0.1849030471,
        "incomeTaxExpense": 9300000,
        "netIncome": 17400000,
        "netIncomeRatio": 0.120498615,
        "eps": 0.13,
        "epsdiluted": 0.13,
        "weightedAverageShsOut": 139136000,
        "weightedAverageShsOutDil": 139136000,
        "link": "",
        "finalLink": ""
    },
    {
        "date": "2003-09-30",
        "symbol": "PBCT",
        "reportedCurrency": "USD",
        "cik": "0001378946",
        "fillingDate": "2003-09-30",
        "acceptedDate": "2003-09-29 20:00:00",
        "calendarYear": "2003",
        "period": "Q3",
        "revenue": 136800000,
        "costOfRevenue": 0,
        "grossProfit": 136800000,
        "grossProfitRatio": 1,
        "researchAndDevelopmentExpenses": 0,
        "generalAndAdministrativeExpenses": 51500000,
        "sellingAndMarketingExpenses": 6300000,
        "sellingGeneralAndAdministrativeExpenses": 57800000,
        "otherExpenses": -127100000,
        "operatingExpenses": -69300000,
        "costAndExpenses": -69300000,
        "interestIncome": 121400000,
        "interestExpense": 44800000,
        "depreciationAndAmortization": 9300000,
        "ebitda": 76800000,
        "ebitdaratio": 0.5614035088,
        "operatingIncome": 67500000,
        "operatingIncomeRatio": 0.4934210526,
        "totalOtherIncomeExpensesNet": -44800000,
        "incomeBeforeTax": 22700000,
        "incomeBeforeTaxRatio": 0.1659356725,
        "incomeTaxExpense": 7800000,
        "netIncome": 14900000,
        "netIncomeRatio": 0.1089181287,
        "eps": 0.11,
        "epsdiluted": 0.11,
        "weightedAverageShsOut": 139136000,
        "weightedAverageShsOutDil": 139136000,
        "link": "",
        "finalLink": ""
    },
    {
        "date": "2003-06-30",
        "symbol": "PBCT",
        "reportedCurrency": "USD",
        "cik": "0001378946",
        "fillingDate": "2003-06-30",
        "acceptedDate": "2003-06-29 20:00:00",
        "calendarYear": "2003",
        "period": "Q2",
        "revenue": 144000000,
        "costOfRevenue": 0,
        "grossProfit": 144000000,
        "grossProfitRatio": 1,
        "researchAndDevelopmentExpenses": 0,
        "generalAndAdministrativeExpenses": 53600000,
        "sellingAndMarketingExpenses": 10300000,
        "sellingGeneralAndAdministrativeExpenses": 63900000,
        "otherExpenses": -135200000,
        "operatingExpenses": -71300000,
        "costAndExpenses": -71300000,
        "interestIncome": 131900000,
        "interestExpense": 49600000,
        "depreciationAndAmortization": 9600000,
        "ebitda": 82300000,
        "ebitdaratio": 0.5715277778,
        "operatingIncome": 72700000,
        "operatingIncomeRatio": 0.5048611111,
        "totalOtherIncomeExpensesNet": -49600000,
        "incomeBeforeTax": 23100000,
        "incomeBeforeTaxRatio": 0.1604166667,
        "incomeTaxExpense": 7600000,
        "netIncome": 15500000,
        "netIncomeRatio": 0.1076388889,
        "eps": 0.11,
        "epsdiluted": 0.11,
        "weightedAverageShsOut": 138911000,
        "weightedAverageShsOutDil": 138911000,
        "link": "",
        "finalLink": ""
    },
    {
        "date": "2003-03-31",
        "symbol": "PBCT",
        "reportedCurrency": "USD",
        "cik": "0001378946",
        "fillingDate": "2003-03-31",
        "acceptedDate": "2003-03-30 19:00:00",
        "calendarYear": "2003",
        "period": "Q1",
        "revenue": 146200000,
        "costOfRevenue": 0,
        "grossProfit": 146200000,
        "grossProfitRatio": 1,
        "researchAndDevelopmentExpenses": 0,
        "generalAndAdministrativeExpenses": 53600000,
        "sellingAndMarketingExpenses": 9900000,
        "sellingGeneralAndAdministrativeExpenses": 63500000,
        "otherExpenses": -139000000,
        "operatingExpenses": -75500000,
        "costAndExpenses": -75500000,
        "interestIncome": 135900000,
        "interestExpense": 56300000,
        "depreciationAndAmortization": 9800000,
        "ebitda": 80500000,
        "ebitdaratio": 0.5506155951,
        "operatingIncome": 70700000,
        "operatingIncomeRatio": 0.4835841313,
        "totalOtherIncomeExpensesNet": -56300000,
        "incomeBeforeTax": 14400000,
        "incomeBeforeTaxRatio": 0.098495212,
        "incomeTaxExpense": -1600000,
        "netIncome": 16000000,
        "netIncomeRatio": 0.1094391245,
        "eps": 0.12,
        "epsdiluted": 0.12,
        "weightedAverageShsOut": 138911000,
        "weightedAverageShsOutDil": 138911000,
        "link": "",
        "finalLink": ""
    },
    {
        "date": "2002-12-31",
        "symbol": "PBCT",
        "reportedCurrency": "USD",
        "cik": "0001378946",
        "fillingDate": "2002-12-31",
        "acceptedDate": "2002-12-30 19:00:00",
        "calendarYear": "2002",
        "period": "Q4",
        "revenue": 155200000,
        "costOfRevenue": 0,
        "grossProfit": 155200000,
        "grossProfitRatio": 1,
        "researchAndDevelopmentExpenses": 0,
        "generalAndAdministrativeExpenses": 53600000,
        "sellingAndMarketingExpenses": 9300000,
        "sellingGeneralAndAdministrativeExpenses": 62900000,
        "otherExpenses": -132700000,
        "operatingExpenses": -69800000,
        "costAndExpenses": -69800000,
        "interestIncome": 147100000,
        "interestExpense": 59800000,
        "depreciationAndAmortization": 10000000,
        "ebitda": 95400000,
        "ebitdaratio": 0.6146907216,
        "operatingIncome": 85400000,
        "operatingIncomeRatio": 0.550257732,
        "totalOtherIncomeExpensesNet": -59800000,
        "incomeBeforeTax": 25600000,
        "incomeBeforeTaxRatio": 0.1649484536,
        "incomeTaxExpense": 8500000,
        "netIncome": 17100000,
        "netIncomeRatio": 0.1101804124,
        "eps": 0.12,
        "epsdiluted": 0.12,
        "weightedAverageShsOut": 138911000,
        "weightedAverageShsOutDil": 138911000,
        "link": "",
        "finalLink": ""
    },
    {
        "date": "2002-09-30",
        "symbol": "PBCT",
        "reportedCurrency": "USD",
        "cik": "0001378946",
        "fillingDate": "2002-09-30",
        "acceptedDate": "2002-09-29 20:00:00",
        "calendarYear": "2002",
        "period": "Q3",
        "revenue": 149700000,
        "costOfRevenue": 0,
        "grossProfit": 149700000,
        "grossProfitRatio": 1,
        "researchAndDevelopmentExpenses": 0,
        "generalAndAdministrativeExpenses": 51700000,
        "sellingAndMarketingExpenses": 7700000,
        "sellingGeneralAndAdministrativeExpenses": 59400000,
        "otherExpenses": -124500000,
        "operatingExpenses": -65100000,
        "costAndExpenses": -65100000,
        "interestIncome": 154400000,
        "interestExpense": 64400000,
        "depreciationAndAmortization": 9900000,
        "ebitda": 94500000,
        "ebitdaratio": 0.6312625251,
        "operatingIncome": 84600000,
        "operatingIncomeRatio": 0.5651302605,
        "totalOtherIncomeExpensesNet": -64400000,
        "incomeBeforeTax": 20200000,
        "incomeBeforeTaxRatio": 0.1349365397,
        "incomeTaxExpense": 5400000,
        "netIncome": 14800000,
        "netIncomeRatio": 0.0988643955,
        "eps": 0.11,
        "epsdiluted": 0.11,
        "weightedAverageShsOut": 138686000,
        "weightedAverageShsOutDil": 138911000,
        "link": "",
        "finalLink": ""
    },
    {
        "date": "2002-06-30",
        "symbol": "PBCT",
        "reportedCurrency": "USD",
        "cik": "0001378946",
        "fillingDate": "2002-06-30",
        "acceptedDate": "2002-06-29 20:00:00",
        "calendarYear": "2002",
        "period": "Q2",
        "revenue": 141300000,
        "costOfRevenue": 0,
        "grossProfit": 141300000,
        "grossProfitRatio": 1,
        "researchAndDevelopmentExpenses": 0,
        "generalAndAdministrativeExpenses": 51800000,
        "sellingAndMarketingExpenses": 9100000,
        "sellingGeneralAndAdministrativeExpenses": 60900000,
        "otherExpenses": -117100000,
        "operatingExpenses": -56200000,
        "costAndExpenses": -56200000,
        "interestIncome": 149300000,
        "interestExpense": 67100000,
        "depreciationAndAmortization": 9300000,
        "ebitda": 94400000,
        "ebitdaratio": 0.6680820948,
        "operatingIncome": 85100000,
        "operatingIncomeRatio": 0.6022646851,
        "totalOtherIncomeExpensesNet": -67100000,
        "incomeBeforeTax": 18000000,
        "incomeBeforeTaxRatio": 0.127388535,
        "incomeTaxExpense": 5700000,
        "netIncome": 12300000,
        "netIncomeRatio": 0.0870488323,
        "eps": 0.0888,
        "epsdiluted": 0.0886,
        "weightedAverageShsOut": 138574000,
        "weightedAverageShsOutDil": 138754000,
        "link": "",
        "finalLink": ""
    },
    {
        "date": "2002-03-31",
        "symbol": "PBCT",
        "reportedCurrency": "USD",
        "cik": "0001378946",
        "fillingDate": "2002-03-31",
        "acceptedDate": "2002-03-30 19:00:00",
        "calendarYear": "2002",
        "period": "Q1",
        "revenue": 152900000,
        "costOfRevenue": 0,
        "grossProfit": 152900000,
        "grossProfitRatio": 1,
        "researchAndDevelopmentExpenses": 0,
        "generalAndAdministrativeExpenses": 51600000,
        "sellingAndMarketingExpenses": 10200000,
        "sellingGeneralAndAdministrativeExpenses": 61800000,
        "otherExpenses": -126400000,
        "operatingExpenses": -64600000,
        "costAndExpenses": -64600000,
        "interestIncome": 163400000,
        "interestExpense": 71700000,
        "depreciationAndAmortization": 11400000,
        "ebitda": 99700000,
        "ebitdaratio": 0.65206017,
        "operatingIncome": 88300000,
        "operatingIncomeRatio": 0.5775016351,
        "totalOtherIncomeExpensesNet": -71700000,
        "incomeBeforeTax": 16600000,
        "incomeBeforeTaxRatio": 0.1085676913,
        "incomeTaxExpense": 5400000,
        "netIncome": 11200000,
        "netIncomeRatio": 0.0732504905,
        "eps": 0.0809,
        "epsdiluted": 0.0808,
        "weightedAverageShsOut": 138462000,
        "weightedAverageShsOutDil": 138686000,
        "link": "",
        "finalLink": ""
    },
    {
        "date": "2001-12-31",
        "symbol": "PBCT",
        "reportedCurrency": "USD",
        "cik": "0001378946",
        "fillingDate": "2001-12-31",
        "acceptedDate": "2001-12-30 19:00:00",
        "calendarYear": "2001",
        "period": "Q4",
        "revenue": 143100000,
        "costOfRevenue": 0,
        "grossProfit": 143100000,
        "grossProfitRatio": 1,
        "researchAndDevelopmentExpenses": 0,
        "generalAndAdministrativeExpenses": 45500000,
        "sellingAndMarketingExpenses": 12100000,
        "sellingGeneralAndAdministrativeExpenses": 57600000,
        "otherExpenses": -109000000,
        "operatingExpenses": -51400000,
        "costAndExpenses": -51400000,
        "interestIncome": 165000000,
        "interestExpense": 80600000,
        "depreciationAndAmortization": 12100000,
        "ebitda": 103800000,
        "ebitdaratio": 0.7253668763,
        "operatingIncome": 91700000,
        "operatingIncomeRatio": 0.6408106219,
        "totalOtherIncomeExpensesNet": -80600000,
        "incomeBeforeTax": 11100000,
        "incomeBeforeTaxRatio": 0.0775681342,
        "incomeTaxExpense": 3900000,
        "netIncome": 7200000,
        "netIncomeRatio": 0.0503144654,
        "eps": 0.0521,
        "epsdiluted": 0.0521,
        "weightedAverageShsOut": 138169000,
        "weightedAverageShsOutDil": 138169000,
        "link": "",
        "finalLink": ""
    },
    {
        "date": "2001-09-30",
        "symbol": "PBCT",
        "reportedCurrency": "USD",
        "cik": "0001378946",
        "fillingDate": "2001-09-30",
        "acceptedDate": "2001-09-29 20:00:00",
        "calendarYear": "2001",
        "period": "Q3",
        "revenue": 142000000,
        "costOfRevenue": 0,
        "grossProfit": 142000000,
        "grossProfitRatio": 1,
        "researchAndDevelopmentExpenses": 0,
        "generalAndAdministrativeExpenses": 50400000,
        "sellingAndMarketingExpenses": 11100000,
        "sellingGeneralAndAdministrativeExpenses": 61500000,
        "otherExpenses": -90400000,
        "operatingExpenses": -28900000,
        "costAndExpenses": -28900000,
        "interestIncome": 177000000,
        "interestExpense": 89900000,
        "depreciationAndAmortization": 11600000,
        "ebitda": 124700000,
        "ebitdaratio": 0.8781690141,
        "operatingIncome": 113100000,
        "operatingIncomeRatio": 0.7964788732,
        "totalOtherIncomeExpensesNet": -81000000,
        "incomeBeforeTax": 32100000,
        "incomeBeforeTaxRatio": 0.226056338,
        "incomeTaxExpense": 11000000,
        "netIncome": 12200000,
        "netIncomeRatio": 0.085915493,
        "eps": 0.0883,
        "epsdiluted": 0.0881,
        "weightedAverageShsOut": 138169000,
        "weightedAverageShsOutDil": 138484000,
        "link": "",
        "finalLink": ""
    },
    {
        "date": "2001-06-30",
        "symbol": "PBCT",
        "reportedCurrency": "USD",
        "cik": "0001378946",
        "fillingDate": "2001-06-30",
        "acceptedDate": "2001-06-29 20:00:00",
        "calendarYear": "2001",
        "period": "Q2",
        "revenue": 204700000,
        "costOfRevenue": 0,
        "grossProfit": 204700000,
        "grossProfitRatio": 1,
        "researchAndDevelopmentExpenses": 0,
        "generalAndAdministrativeExpenses": 49100000,
        "sellingAndMarketingExpenses": 12200000,
        "sellingGeneralAndAdministrativeExpenses": 61300000,
        "otherExpenses": -104500000,
        "operatingExpenses": -43200000,
        "costAndExpenses": -43200000,
        "interestIncome": 180900000,
        "interestExpense": 95400000,
        "depreciationAndAmortization": 11900000,
        "ebitda": 173400000,
        "ebitdaratio": 0.8470933073,
        "operatingIncome": 161500000,
        "operatingIncomeRatio": 0.7889594529,
        "totalOtherIncomeExpensesNet": -95400000,
        "incomeBeforeTax": 66100000,
        "incomeBeforeTaxRatio": 0.3229115779,
        "incomeTaxExpense": 23000000,
        "netIncome": 43100000,
        "netIncomeRatio": 0.2105520274,
        "eps": 0.31,
        "epsdiluted": 0.31,
        "weightedAverageShsOut": 138079000,
        "weightedAverageShsOutDil": 138394000,
        "link": "",
        "finalLink": ""
    },
    {
        "date": "2001-03-31",
        "symbol": "PBCT",
        "reportedCurrency": "USD",
        "cik": "0001378946",
        "fillingDate": "2001-03-31",
        "acceptedDate": "2001-03-30 19:00:00",
        "calendarYear": "2001",
        "period": "Q1",
        "revenue": 161400000,
        "costOfRevenue": 0,
        "grossProfit": 161400000,
        "grossProfitRatio": 1,
        "researchAndDevelopmentExpenses": 0,
        "generalAndAdministrativeExpenses": 51300000,
        "sellingAndMarketingExpenses": 11700000,
        "sellingGeneralAndAdministrativeExpenses": 63000000,
        "otherExpenses": -96600000,
        "operatingExpenses": -33600000,
        "costAndExpenses": -33600000,
        "interestIncome": 204200000,
        "interestExpense": 107200000,
        "depreciationAndAmortization": 10700000,
        "ebitda": 138500000,
        "ebitdaratio": 0.8581164808,
        "operatingIncome": 127800000,
        "operatingIncomeRatio": 0.7918215613,
        "totalOtherIncomeExpensesNet": -107200000,
        "incomeBeforeTax": 20600000,
        "incomeBeforeTaxRatio": 0.1276332094,
        "incomeTaxExpense": 7300000,
        "netIncome": 13300000,
        "netIncomeRatio": 0.0824039653,
        "eps": 0.0963,
        "epsdiluted": 0.0963,
        "weightedAverageShsOut": 138066000,
        "weightedAverageShsOutDil": 138066000,
        "link": "",
        "finalLink": ""
    },
    {
        "date": "2000-12-31",
        "symbol": "PBCT",
        "reportedCurrency": "USD",
        "cik": "0001378946",
        "fillingDate": "2000-12-31",
        "acceptedDate": "2000-12-30 19:00:00",
        "calendarYear": "2000",
        "period": "Q4",
        "revenue": 177100000,
        "costOfRevenue": 0,
        "grossProfit": 177100000,
        "grossProfitRatio": 1,
        "researchAndDevelopmentExpenses": 0,
        "generalAndAdministrativeExpenses": 51600000,
        "sellingAndMarketingExpenses": 13600000,
        "sellingGeneralAndAdministrativeExpenses": 65200000,
        "otherExpenses": -92100000,
        "operatingExpenses": -26900000,
        "costAndExpenses": -26900000,
        "interestIncome": 207800000,
        "interestExpense": 106700000,
        "depreciationAndAmortization": 0,
        "ebitda": 150200000,
        "ebitdaratio": 0.8481084133,
        "operatingIncome": 150200000,
        "operatingIncomeRatio": 0.8481084133,
        "totalOtherIncomeExpensesNet": -106700000,
        "incomeBeforeTax": 43500000,
        "incomeBeforeTaxRatio": 0.2456239413,
        "incomeTaxExpense": 15100000,
        "netIncome": 28400000,
        "netIncomeRatio": 0.1603613778,
        "eps": 0.21,
        "epsdiluted": 0.21,
        "weightedAverageShsOut": 137670000,
        "weightedAverageShsOutDil": 137670000,
        "link": "",
        "finalLink": ""
    },
    {
        "date": "2000-09-30",
        "symbol": "PBCT",
        "reportedCurrency": "USD",
        "cik": "0001378946",
        "fillingDate": "2000-09-30",
        "acceptedDate": "2000-09-29 20:00:00",
        "calendarYear": "2000",
        "period": "Q3",
        "revenue": 171000000,
        "costOfRevenue": 0,
        "grossProfit": 171000000,
        "grossProfitRatio": 1,
        "researchAndDevelopmentExpenses": 0,
        "generalAndAdministrativeExpenses": 50000000,
        "sellingAndMarketingExpenses": 14000000,
        "sellingGeneralAndAdministrativeExpenses": 64000000,
        "otherExpenses": -96000000,
        "operatingExpenses": -32000000,
        "costAndExpenses": -32000000,
        "interestIncome": 198000000,
        "interestExpense": 99000000,
        "depreciationAndAmortization": 0,
        "ebitda": 139000000,
        "ebitdaratio": 0.8128654971,
        "operatingIncome": 139000000,
        "operatingIncomeRatio": 0.8128654971,
        "totalOtherIncomeExpensesNet": -99000000,
        "incomeBeforeTax": 40000000,
        "incomeBeforeTaxRatio": 0.2339181287,
        "incomeTaxExpense": 14000000,
        "netIncome": 26000000,
        "netIncomeRatio": 0.1520467836,
        "eps": 0.19,
        "epsdiluted": 0.19,
        "weightedAverageShsOut": 137670000,
        "weightedAverageShsOutDil": 137670000,
        "link": "",
        "finalLink": ""
    },
    {
        "date": "2000-06-30",
        "symbol": "PBCT",
        "reportedCurrency": "USD",
        "cik": "0001378946",
        "fillingDate": "2000-06-30",
        "acceptedDate": "2000-06-29 20:00:00",
        "calendarYear": "2000",
        "period": "Q2",
        "revenue": 164300000,
        "costOfRevenue": 0,
        "grossProfit": 164300000,
        "grossProfitRatio": 1,
        "researchAndDevelopmentExpenses": 0,
        "generalAndAdministrativeExpenses": 47900000,
        "sellingAndMarketingExpenses": 13500000,
        "sellingGeneralAndAdministrativeExpenses": 61400000,
        "otherExpenses": -96500000,
        "operatingExpenses": -35100000,
        "costAndExpenses": -35100000,
        "interestIncome": 183300000,
        "interestExpense": 88700000,
        "depreciationAndAmortization": 0,
        "ebitda": 129200000,
        "ebitdaratio": 0.7863664029,
        "operatingIncome": 129200000,
        "operatingIncomeRatio": 0.7863664029,
        "totalOtherIncomeExpensesNet": -88700000,
        "incomeBeforeTax": 40500000,
        "incomeBeforeTaxRatio": 0.2465003043,
        "incomeTaxExpense": 14000000,
        "netIncome": 26500000,
        "netIncomeRatio": 0.1612903226,
        "eps": 0.19,
        "epsdiluted": 0.19,
        "weightedAverageShsOut": 137585000,
        "weightedAverageShsOutDil": 137945000,
        "link": "",
        "finalLink": ""
    },
    {
        "date": "2000-03-31",
        "symbol": "PBCT",
        "reportedCurrency": "USD",
        "cik": "0001378946",
        "fillingDate": "2000-03-31",
        "acceptedDate": "2000-03-30 19:00:00",
        "calendarYear": "2000",
        "period": "Q1",
        "revenue": 165700000,
        "costOfRevenue": 0,
        "grossProfit": 165700000,
        "grossProfitRatio": 1,
        "researchAndDevelopmentExpenses": 0,
        "generalAndAdministrativeExpenses": 50100000,
        "sellingAndMarketingExpenses": 13600000,
        "sellingGeneralAndAdministrativeExpenses": 63700000,
        "otherExpenses": -98900000,
        "operatingExpenses": -35200000,
        "costAndExpenses": -35200000,
        "interestIncome": 179200000,
        "interestExpense": 88900000,
        "depreciationAndAmortization": 0,
        "ebitda": 130500000,
        "ebitdaratio": 0.7875678938,
        "operatingIncome": 130500000,
        "operatingIncomeRatio": 0.7875678938,
        "totalOtherIncomeExpensesNet": -88900000,
        "incomeBeforeTax": 41600000,
        "incomeBeforeTaxRatio": 0.2510561255,
        "incomeTaxExpense": 14600000,
        "netIncome": 27000000,
        "netIncomeRatio": 0.1629450815,
        "eps": 0.2,
        "epsdiluted": 0.2,
        "weightedAverageShsOut": 137225000,
        "weightedAverageShsOutDil": 137652000,
        "link": "",
        "finalLink": ""
    },
    {
        "date": "1999-12-31",
        "symbol": "PBCT",
        "reportedCurrency": "USD",
        "cik": "0001378946",
        "fillingDate": "1999-12-31",
        "acceptedDate": "1999-12-30 19:00:00",
        "calendarYear": "1999",
        "period": "Q4",
        "revenue": 159300000,
        "costOfRevenue": 0,
        "grossProfit": 159300000,
        "grossProfitRatio": 1,
        "researchAndDevelopmentExpenses": 0,
        "generalAndAdministrativeExpenses": 45600000,
        "sellingAndMarketingExpenses": 13900000,
        "sellingGeneralAndAdministrativeExpenses": 59500000,
        "otherExpenses": -94300000,
        "operatingExpenses": -34800000,
        "costAndExpenses": -34800000,
        "interestIncome": 168200000,
        "interestExpense": 84200000,
        "depreciationAndAmortization": 0,
        "ebitda": 124500000,
        "ebitdaratio": 0.7815442561,
        "operatingIncome": 124500000,
        "operatingIncomeRatio": 0.7815442561,
        "totalOtherIncomeExpensesNet": -84200000,
        "incomeBeforeTax": 40300000,
        "incomeBeforeTaxRatio": 0.2529817954,
        "incomeTaxExpense": 13500000,
        "netIncome": 26800000,
        "netIncomeRatio": 0.1682360326,
        "eps": 0.19,
        "epsdiluted": 0.19,
        "weightedAverageShsOut": 138286000,
        "weightedAverageShsOutDil": 138286000,
        "link": "",
        "finalLink": ""
    },
    {
        "date": "1999-09-30",
        "symbol": "PBCT",
        "reportedCurrency": "USD",
        "cik": "0001378946",
        "fillingDate": "1999-09-30",
        "acceptedDate": "1999-09-29 20:00:00",
        "calendarYear": "1999",
        "period": "Q3",
        "revenue": 159800000,
        "costOfRevenue": 0,
        "grossProfit": 159800000,
        "grossProfitRatio": 1,
        "researchAndDevelopmentExpenses": 0,
        "generalAndAdministrativeExpenses": 44300000,
        "sellingAndMarketingExpenses": 12700000,
        "sellingGeneralAndAdministrativeExpenses": 57000000,
        "otherExpenses": -89400000,
        "operatingExpenses": -32400000,
        "costAndExpenses": -32400000,
        "interestIncome": 170700000,
        "interestExpense": 83900000,
        "depreciationAndAmortization": 0,
        "ebitda": 127400000,
        "ebitdaratio": 0.7972465582,
        "operatingIncome": 127400000,
        "operatingIncomeRatio": 0.7972465582,
        "totalOtherIncomeExpensesNet": -83900000,
        "incomeBeforeTax": 43500000,
        "incomeBeforeTaxRatio": 0.2722152691,
        "incomeTaxExpense": 15200000,
        "netIncome": 28300000,
        "netIncomeRatio": 0.1770963705,
        "eps": 0.2,
        "epsdiluted": 0.2,
        "weightedAverageShsOut": 138286000,
        "weightedAverageShsOutDil": 138286000,
        "link": "",
        "finalLink": ""
    },
    {
        "date": "1999-06-30",
        "symbol": "PBCT",
        "reportedCurrency": "USD",
        "cik": "0001378946",
        "fillingDate": "1999-06-30",
        "acceptedDate": "1999-06-29 20:00:00",
        "calendarYear": "1999",
        "period": "Q2",
        "revenue": 159300000,
        "costOfRevenue": 0,
        "grossProfit": 159300000,
        "grossProfitRatio": 1,
        "researchAndDevelopmentExpenses": 0,
        "generalAndAdministrativeExpenses": 44300000,
        "sellingAndMarketingExpenses": 13300000,
        "sellingGeneralAndAdministrativeExpenses": 57600000,
        "otherExpenses": -91500000,
        "operatingExpenses": -33900000,
        "costAndExpenses": -33900000,
        "interestIncome": 165100000,
        "interestExpense": 81600000,
        "depreciationAndAmortization": 0,
        "ebitda": 125400000,
        "ebitdaratio": 0.7871939736,
        "operatingIncome": 125400000,
        "operatingIncomeRatio": 0.7871939736,
        "totalOtherIncomeExpensesNet": -81600000,
        "incomeBeforeTax": 43800000,
        "incomeBeforeTaxRatio": 0.274952919,
        "incomeTaxExpense": 14800000,
        "netIncome": 29000000,
        "netIncomeRatio": 0.1820464532,
        "eps": 0.21,
        "epsdiluted": 0.21,
        "weightedAverageShsOut": 138691000,
        "weightedAverageShsOutDil": 138691000,
        "link": "",
        "finalLink": ""
    },
    {
        "date": "1999-03-31",
        "symbol": "PBCT",
        "reportedCurrency": "USD",
        "cik": "0001378946",
        "fillingDate": "1999-03-31",
        "acceptedDate": "1999-03-30 19:00:00",
        "calendarYear": "1999",
        "period": "Q1",
        "revenue": 160300000,
        "costOfRevenue": 0,
        "grossProfit": 160300000,
        "grossProfitRatio": 1,
        "researchAndDevelopmentExpenses": 0,
        "generalAndAdministrativeExpenses": 44800000,
        "sellingAndMarketingExpenses": 11200000,
        "sellingGeneralAndAdministrativeExpenses": 56000000,
        "otherExpenses": -94300000,
        "operatingExpenses": -38300000,
        "costAndExpenses": -38300000,
        "interestIncome": 162800000,
        "interestExpense": 79200000,
        "depreciationAndAmortization": 0,
        "ebitda": 122000000,
        "ebitdaratio": 0.7610729881,
        "operatingIncome": 122000000,
        "operatingIncomeRatio": 0.7610729881,
        "totalOtherIncomeExpensesNet": -79200000,
        "incomeBeforeTax": 42800000,
        "incomeBeforeTaxRatio": 0.2669993762,
        "incomeTaxExpense": 14900000,
        "netIncome": 27900000,
        "netIncomeRatio": 0.1740486588,
        "eps": 0.2,
        "epsdiluted": 0.2,
        "weightedAverageShsOut": 142528000,
        "weightedAverageShsOutDil": 142528000,
        "link": "",
        "finalLink": ""
    },
    {
        "date": "1998-12-31",
        "symbol": "PBCT",
        "reportedCurrency": "USD",
        "cik": "0001378946",
        "fillingDate": "1998-12-31",
        "acceptedDate": "1998-12-30 19:00:00",
        "calendarYear": "1998",
        "period": "Q4",
        "revenue": 160500000,
        "costOfRevenue": 0,
        "grossProfit": 160500000,
        "grossProfitRatio": 1,
        "researchAndDevelopmentExpenses": 0,
        "generalAndAdministrativeExpenses": 43400000,
        "sellingAndMarketingExpenses": 11900000,
        "sellingGeneralAndAdministrativeExpenses": 55300000,
        "otherExpenses": -90600000,
        "operatingExpenses": -35300000,
        "costAndExpenses": -35300000,
        "interestIncome": 158100000,
        "interestExpense": 82100000,
        "depreciationAndAmortization": 0,
        "ebitda": 125200000,
        "ebitdaratio": 0.7800623053,
        "operatingIncome": 125200000,
        "operatingIncomeRatio": 0.7800623053,
        "totalOtherIncomeExpensesNet": -82100000,
        "incomeBeforeTax": 43100000,
        "incomeBeforeTaxRatio": 0.2685358255,
        "incomeTaxExpense": 33200000,
        "netIncome": 9900000,
        "netIncomeRatio": 0.061682243,
        "eps": 0.0684,
        "epsdiluted": 0.0684,
        "weightedAverageShsOut": 144797000,
        "weightedAverageShsOutDil": 144797000,
        "link": "",
        "finalLink": ""
    },
    {
        "date": "1998-09-30",
        "symbol": "PBCT",
        "reportedCurrency": "USD",
        "cik": "0001378946",
        "fillingDate": "1998-09-30",
        "acceptedDate": "1998-09-29 20:00:00",
        "calendarYear": "1998",
        "period": "Q3",
        "revenue": 145500000,
        "costOfRevenue": 0,
        "grossProfit": 145500000,
        "grossProfitRatio": 1,
        "researchAndDevelopmentExpenses": 0,
        "generalAndAdministrativeExpenses": 39400000,
        "sellingAndMarketingExpenses": 11000000,
        "sellingGeneralAndAdministrativeExpenses": 50400000,
        "otherExpenses": -72500000,
        "operatingExpenses": -22100000,
        "costAndExpenses": -22100000,
        "interestIncome": 152200000,
        "interestExpense": 78700000,
        "depreciationAndAmortization": 0,
        "ebitda": 123400000,
        "ebitdaratio": 0.8481099656,
        "operatingIncome": 123400000,
        "operatingIncomeRatio": 0.8481099656,
        "totalOtherIncomeExpensesNet": -78700000,
        "incomeBeforeTax": 44700000,
        "incomeBeforeTaxRatio": 0.3072164948,
        "incomeTaxExpense": 17000000,
        "netIncome": 27700000,
        "netIncomeRatio": 0.1903780069,
        "eps": 0.19,
        "epsdiluted": 0.19,
        "weightedAverageShsOut": 144797000,
        "weightedAverageShsOutDil": 144797000,
        "link": "",
        "finalLink": ""
    },
    {
        "date": "1998-06-30",
        "symbol": "PBCT",
        "reportedCurrency": "USD",
        "cik": "0001378946",
        "fillingDate": "1998-06-30",
        "acceptedDate": "1998-06-29 20:00:00",
        "calendarYear": "1998",
        "period": "Q2",
        "revenue": 149300000,
        "costOfRevenue": 0,
        "grossProfit": 149300000,
        "grossProfitRatio": 1,
        "researchAndDevelopmentExpenses": 0,
        "generalAndAdministrativeExpenses": 41700000,
        "sellingAndMarketingExpenses": 12000000,
        "sellingGeneralAndAdministrativeExpenses": 53700000,
        "otherExpenses": -82900000,
        "operatingExpenses": -29200000,
        "costAndExpenses": -29200000,
        "interestIncome": 141900000,
        "interestExpense": 73900000,
        "depreciationAndAmortization": 0,
        "ebitda": 120100000,
        "ebitdaratio": 0.8044206296,
        "operatingIncome": 120100000,
        "operatingIncomeRatio": 0.8044206296,
        "totalOtherIncomeExpensesNet": -73900000,
        "incomeBeforeTax": 46200000,
        "incomeBeforeTaxRatio": 0.3094440723,
        "incomeTaxExpense": 17500000,
        "netIncome": 28700000,
        "netIncomeRatio": 0.1922304086,
        "eps": 0.2,
        "epsdiluted": 0.2,
        "weightedAverageShsOut": 143357000,
        "weightedAverageShsOutDil": 143357000,
        "link": "",
        "finalLink": ""
    },
    {
        "date": "1998-03-31",
        "symbol": "PBCT",
        "reportedCurrency": "USD",
        "cik": "0001378946",
        "fillingDate": "1998-03-31",
        "acceptedDate": "1998-03-30 19:00:00",
        "calendarYear": "1998",
        "period": "Q1",
        "revenue": 142400000,
        "costOfRevenue": 0,
        "grossProfit": 142400000,
        "grossProfitRatio": 1,
        "researchAndDevelopmentExpenses": 0,
        "generalAndAdministrativeExpenses": 41700000,
        "sellingAndMarketingExpenses": 11000000,
        "sellingGeneralAndAdministrativeExpenses": 52700000,
        "otherExpenses": -84500000,
        "operatingExpenses": -31800000,
        "costAndExpenses": -31800000,
        "interestIncome": 140900000,
        "interestExpense": 71200000,
        "depreciationAndAmortization": 0,
        "ebitda": 110600000,
        "ebitdaratio": 0.7766853933,
        "operatingIncome": 110600000,
        "operatingIncomeRatio": 0.7766853933,
        "totalOtherIncomeExpensesNet": -71200000,
        "incomeBeforeTax": 39400000,
        "incomeBeforeTaxRatio": 0.2766853933,
        "incomeTaxExpense": 14000000,
        "netIncome": 25400000,
        "netIncomeRatio": 0.1783707865,
        "eps": 0.18,
        "epsdiluted": 0.18,
        "weightedAverageShsOut": 139251000,
        "weightedAverageShsOutDil": 139251000,
        "link": "",
        "finalLink": ""
    },
    {
        "date": "1997-12-31",
        "symbol": "PBCT",
        "reportedCurrency": "USD",
        "cik": "0001378946",
        "fillingDate": "1997-12-31",
        "acceptedDate": "1997-12-30 19:00:00",
        "calendarYear": "1997",
        "period": "Q4",
        "revenue": 133500000,
        "costOfRevenue": 0,
        "grossProfit": 133500000,
        "grossProfitRatio": 1,
        "researchAndDevelopmentExpenses": 0,
        "generalAndAdministrativeExpenses": 39200000,
        "sellingAndMarketingExpenses": 11400000,
        "sellingGeneralAndAdministrativeExpenses": 50600000,
        "otherExpenses": -78600000,
        "operatingExpenses": -28000000,
        "costAndExpenses": -28000000,
        "interestIncome": 127900000,
        "interestExpense": 67400000,
        "depreciationAndAmortization": 0,
        "ebitda": 105500000,
        "ebitdaratio": 0.7902621723,
        "operatingIncome": 105500000,
        "operatingIncomeRatio": 0.7902621723,
        "totalOtherIncomeExpensesNet": -67400000,
        "incomeBeforeTax": 38100000,
        "incomeBeforeTaxRatio": 0.2853932584,
        "incomeTaxExpense": 12900000,
        "netIncome": 25200000,
        "netIncomeRatio": 0.1887640449,
        "eps": 0.18,
        "epsdiluted": 0.18,
        "weightedAverageShsOut": 137823000,
        "weightedAverageShsOutDil": 137823000,
        "link": "",
        "finalLink": ""
    },
    {
        "date": "1997-09-30",
        "symbol": "PBCT",
        "reportedCurrency": "USD",
        "cik": "0001378946",
        "fillingDate": "1997-09-30",
        "acceptedDate": "1997-09-29 20:00:00",
        "calendarYear": "1997",
        "period": "Q3",
        "revenue": 134300000,
        "costOfRevenue": 0,
        "grossProfit": 134300000,
        "grossProfitRatio": 1,
        "researchAndDevelopmentExpenses": 0,
        "generalAndAdministrativeExpenses": 38100000,
        "sellingAndMarketingExpenses": 10300000,
        "sellingGeneralAndAdministrativeExpenses": 48400000,
        "otherExpenses": -74500000,
        "operatingExpenses": -26100000,
        "costAndExpenses": -26100000,
        "interestIncome": 136200000,
        "interestExpense": 70200000,
        "depreciationAndAmortization": 0,
        "ebitda": 108200000,
        "ebitdaratio": 0.8056589724,
        "operatingIncome": 108200000,
        "operatingIncomeRatio": 0.8056589724,
        "totalOtherIncomeExpensesNet": -70200000,
        "incomeBeforeTax": 38000000,
        "incomeBeforeTaxRatio": 0.2829486225,
        "incomeTaxExpense": 14700000,
        "netIncome": 23300000,
        "netIncomeRatio": 0.1734921817,
        "eps": 0.17,
        "epsdiluted": 0.17,
        "weightedAverageShsOut": 137823000,
        "weightedAverageShsOutDil": 137823000,
        "link": "",
        "finalLink": ""
    },
    {
        "date": "1997-06-30",
        "symbol": "PBCT",
        "reportedCurrency": "USD",
        "cik": "0001378946",
        "fillingDate": "1997-06-30",
        "acceptedDate": "1997-06-29 20:00:00",
        "calendarYear": "1997",
        "period": "Q2",
        "revenue": 118000000,
        "costOfRevenue": 0,
        "grossProfit": 118000000,
        "grossProfitRatio": 1,
        "researchAndDevelopmentExpenses": 0,
        "generalAndAdministrativeExpenses": 34300000,
        "sellingAndMarketingExpenses": 9600000,
        "sellingGeneralAndAdministrativeExpenses": 43900000,
        "otherExpenses": -61500000,
        "operatingExpenses": -17600000,
        "costAndExpenses": -17600000,
        "interestIncome": 128000000,
        "interestExpense": 67200000,
        "depreciationAndAmortization": 0,
        "ebitda": 100400000,
        "ebitdaratio": 0.8508474576,
        "operatingIncome": 100400000,
        "operatingIncomeRatio": 0.8508474576,
        "totalOtherIncomeExpensesNet": -67200000,
        "incomeBeforeTax": 33200000,
        "incomeBeforeTaxRatio": 0.2813559322,
        "incomeTaxExpense": 11300000,
        "netIncome": 21900000,
        "netIncomeRatio": 0.1855932203,
        "eps": 0.16,
        "epsdiluted": 0.16,
        "weightedAverageShsOut": 136738000,
        "weightedAverageShsOutDil": 136738000,
        "link": "",
        "finalLink": ""
    },
    {
        "date": "1997-03-31",
        "symbol": "PBCT",
        "reportedCurrency": "USD",
        "cik": "0001378946",
        "fillingDate": "1997-03-31",
        "acceptedDate": "1997-03-30 19:00:00",
        "calendarYear": "1997",
        "period": "Q1",
        "revenue": 117200000,
        "costOfRevenue": 0,
        "grossProfit": 117200000,
        "grossProfitRatio": 1,
        "researchAndDevelopmentExpenses": 0,
        "generalAndAdministrativeExpenses": 34100000,
        "sellingAndMarketingExpenses": 8800000,
        "sellingGeneralAndAdministrativeExpenses": 42900000,
        "otherExpenses": -58300000,
        "operatingExpenses": -15400000,
        "costAndExpenses": -15400000,
        "interestIncome": 132700000,
        "interestExpense": 67000000,
        "depreciationAndAmortization": 0,
        "ebitda": 101800000,
        "ebitdaratio": 0.8686006826,
        "operatingIncome": 101800000,
        "operatingIncomeRatio": 0.8686006826,
        "totalOtherIncomeExpensesNet": -67000000,
        "incomeBeforeTax": 34800000,
        "incomeBeforeTaxRatio": 0.2969283276,
        "incomeTaxExpense": 12800000,
        "netIncome": 22000000,
        "netIncomeRatio": 0.1877133106,
        "eps": 0.16,
        "epsdiluted": 0.16,
        "weightedAverageShsOut": 137363000,
        "weightedAverageShsOutDil": 137363000,
        "link": "",
        "finalLink": ""
    },
    {
        "date": "1996-12-31",
        "symbol": "PBCT",
        "reportedCurrency": "USD",
        "cik": "0001378946",
        "fillingDate": "1996-12-31",
        "acceptedDate": "1996-12-30 19:00:00",
        "calendarYear": "1996",
        "period": "Q4",
        "revenue": 109200000,
        "costOfRevenue": 0,
        "grossProfit": 109200000,
        "grossProfitRatio": 1,
        "researchAndDevelopmentExpenses": 0,
        "generalAndAdministrativeExpenses": 31800000,
        "sellingAndMarketingExpenses": 25400000,
        "sellingGeneralAndAdministrativeExpenses": 57200000,
        "otherExpenses": -73700000,
        "operatingExpenses": -16500000,
        "costAndExpenses": -16500000,
        "interestIncome": 125200000,
        "interestExpense": 62800000,
        "depreciationAndAmortization": 0,
        "ebitda": 92700000,
        "ebitdaratio": 0.8489010989,
        "operatingIncome": 92700000,
        "operatingIncomeRatio": 0.8489010989,
        "totalOtherIncomeExpensesNet": -62800000,
        "incomeBeforeTax": 29900000,
        "incomeBeforeTaxRatio": 0.2738095238,
        "incomeTaxExpense": 9300000,
        "netIncome": 20600000,
        "netIncomeRatio": 0.1886446886,
        "eps": 0.15,
        "epsdiluted": 0.15,
        "weightedAverageShsOut": 134204000,
        "weightedAverageShsOutDil": 134204000,
        "link": "",
        "finalLink": ""
    },
    {
        "date": "1996-09-30",
        "symbol": "PBCT",
        "reportedCurrency": "USD",
        "cik": "0001378946",
        "fillingDate": "1996-09-30",
        "acceptedDate": "1996-09-29 20:00:00",
        "calendarYear": "1996",
        "period": "Q3",
        "revenue": 98800000,
        "costOfRevenue": 0,
        "grossProfit": 98800000,
        "grossProfitRatio": 1,
        "researchAndDevelopmentExpenses": 0,
        "generalAndAdministrativeExpenses": 32100000,
        "sellingAndMarketingExpenses": 0,
        "sellingGeneralAndAdministrativeExpenses": 32100000,
        "otherExpenses": -58200000,
        "operatingExpenses": -26100000,
        "costAndExpenses": -26100000,
        "interestIncome": 116800000,
        "interestExpense": 61700000,
        "depreciationAndAmortization": 0,
        "ebitda": 72700000,
        "ebitdaratio": 0.7358299595,
        "operatingIncome": 72700000,
        "operatingIncomeRatio": 0.7358299595,
        "totalOtherIncomeExpensesNet": -61700000,
        "incomeBeforeTax": 11000000,
        "incomeBeforeTaxRatio": 0.1113360324,
        "incomeTaxExpense": -9500000,
        "netIncome": 20500000,
        "netIncomeRatio": 0.2074898785,
        "eps": 0.15,
        "epsdiluted": 0.15,
        "weightedAverageShsOut": 134204000,
        "weightedAverageShsOutDil": 138271000,
        "link": "",
        "finalLink": ""
    },
    {
        "date": "1996-06-30",
        "symbol": "PBCT",
        "reportedCurrency": "USD",
        "cik": "0001378946",
        "fillingDate": "1996-06-30",
        "acceptedDate": "1996-06-29 20:00:00",
        "calendarYear": "1996",
        "period": "Q2",
        "revenue": 100100000,
        "costOfRevenue": 0,
        "grossProfit": 100100000,
        "grossProfitRatio": 1,
        "researchAndDevelopmentExpenses": 0,
        "generalAndAdministrativeExpenses": 30300000,
        "sellingAndMarketingExpenses": 0,
        "sellingGeneralAndAdministrativeExpenses": 30300000,
        "otherExpenses": -42100000,
        "operatingExpenses": -11800000,
        "costAndExpenses": -11800000,
        "interestIncome": 120700000,
        "interestExpense": 61600000,
        "depreciationAndAmortization": 0,
        "ebitda": 88300000,
        "ebitdaratio": 0.8821178821,
        "operatingIncome": 88300000,
        "operatingIncomeRatio": 0.8821178821,
        "totalOtherIncomeExpensesNet": -61600000,
        "incomeBeforeTax": 26700000,
        "incomeBeforeTaxRatio": 0.2667332667,
        "incomeTaxExpense": 8500000,
        "netIncome": 18200000,
        "netIncomeRatio": 0.1818181818,
        "eps": 0.13,
        "epsdiluted": 0.13,
        "weightedAverageShsOut": 135614000,
        "weightedAverageShsOutDil": 135614000,
        "link": "",
        "finalLink": ""
    },
    {
        "date": "1996-03-31",
        "symbol": "PBCT",
        "reportedCurrency": "USD",
        "cik": "0001378946",
        "fillingDate": "1996-03-31",
        "acceptedDate": "1996-03-30 19:00:00",
        "calendarYear": "1996",
        "period": "Q1",
        "revenue": 103100000,
        "costOfRevenue": 0,
        "grossProfit": 103100000,
        "grossProfitRatio": 1,
        "researchAndDevelopmentExpenses": 0,
        "generalAndAdministrativeExpenses": 30000000,
        "sellingAndMarketingExpenses": 0,
        "sellingGeneralAndAdministrativeExpenses": 30000000,
        "otherExpenses": -40200000,
        "operatingExpenses": -10200000,
        "costAndExpenses": -10200000,
        "interestIncome": 117300000,
        "interestExpense": 59400000,
        "depreciationAndAmortization": 0,
        "ebitda": 92900000,
        "ebitdaratio": 0.9010669253,
        "operatingIncome": 92900000,
        "operatingIncomeRatio": 0.9010669253,
        "totalOtherIncomeExpensesNet": -59400000,
        "incomeBeforeTax": 33500000,
        "incomeBeforeTaxRatio": 0.3249272551,
        "incomeTaxExpense": 12700000,
        "netIncome": 20800000,
        "netIncomeRatio": 0.2017458778,
        "eps": 0.16,
        "epsdiluted": 0.15,
        "weightedAverageShsOut": 131654000,
        "weightedAverageShsOutDil": 135526000,
        "link": "",
        "finalLink": ""
    },
    {
        "date": "1995-12-31",
        "symbol": "PBCT",
        "reportedCurrency": "USD",
        "cik": "0001378946",
        "fillingDate": "1995-12-31",
        "acceptedDate": "1995-12-30 19:00:00",
        "calendarYear": "1995",
        "period": "Q4",
        "revenue": 95300000,
        "costOfRevenue": 0,
        "grossProfit": 95300000,
        "grossProfitRatio": 1,
        "researchAndDevelopmentExpenses": 0,
        "generalAndAdministrativeExpenses": 28100000,
        "sellingAndMarketingExpenses": 0,
        "sellingGeneralAndAdministrativeExpenses": 28100000,
        "otherExpenses": -36400000,
        "operatingExpenses": -8300000,
        "costAndExpenses": -8300000,
        "interestIncome": 116700000,
        "interestExpense": 59300000,
        "depreciationAndAmortization": 0,
        "ebitda": 87000000,
        "ebitdaratio": 0.9129066107,
        "operatingIncome": 87000000,
        "operatingIncomeRatio": 0.9129066107,
        "totalOtherIncomeExpensesNet": -59300000,
        "incomeBeforeTax": 27700000,
        "incomeBeforeTaxRatio": 0.2906610703,
        "incomeTaxExpense": 9000000,
        "netIncome": 18700000,
        "netIncomeRatio": 0.1962224554,
        "eps": 0.15,
        "epsdiluted": 0.15,
        "weightedAverageShsOut": 128735000,
        "weightedAverageShsOutDil": 128735000,
        "link": "",
        "finalLink": ""
    },
    {
        "date": "1995-09-30",
        "symbol": "PBCT",
        "reportedCurrency": "USD",
        "cik": "0001378946",
        "fillingDate": "1995-09-30",
        "acceptedDate": "1995-09-29 20:00:00",
        "calendarYear": "1995",
        "period": "Q3",
        "revenue": 97100000,
        "costOfRevenue": 0,
        "grossProfit": 97100000,
        "grossProfitRatio": 1,
        "researchAndDevelopmentExpenses": 0,
        "generalAndAdministrativeExpenses": 28400000,
        "sellingAndMarketingExpenses": 0,
        "sellingGeneralAndAdministrativeExpenses": 28400000,
        "otherExpenses": -35700000,
        "operatingExpenses": -7300000,
        "costAndExpenses": -7300000,
        "interestIncome": 114600000,
        "interestExpense": 58400000,
        "depreciationAndAmortization": 0,
        "ebitda": 89800000,
        "ebitdaratio": 0.9248197734,
        "operatingIncome": 89800000,
        "operatingIncomeRatio": 0.9248197734,
        "totalOtherIncomeExpensesNet": -58400000,
        "incomeBeforeTax": 31400000,
        "incomeBeforeTaxRatio": 0.3233779609,
        "incomeTaxExpense": 12000000,
        "netIncome": 19400000,
        "netIncomeRatio": 0.1997940268,
        "eps": 0.15,
        "epsdiluted": 0.15,
        "weightedAverageShsOut": 128735000,
        "weightedAverageShsOutDil": 132758000,
        "link": "",
        "finalLink": ""
    },
    {
        "date": "1995-06-30",
        "symbol": "PBCT",
        "reportedCurrency": "USD",
        "cik": "0001378946",
        "fillingDate": "1995-06-30",
        "acceptedDate": "1995-06-29 20:00:00",
        "calendarYear": "1995",
        "period": "Q2",
        "revenue": 97600000,
        "costOfRevenue": 0,
        "grossProfit": 97600000,
        "grossProfitRatio": 1,
        "researchAndDevelopmentExpenses": 0,
        "generalAndAdministrativeExpenses": 27300000,
        "sellingAndMarketingExpenses": 0,
        "sellingGeneralAndAdministrativeExpenses": 27300000,
        "otherExpenses": -42900000,
        "operatingExpenses": -15600000,
        "costAndExpenses": -15600000,
        "interestIncome": 109500000,
        "interestExpense": 53700000,
        "depreciationAndAmortization": 0,
        "ebitda": 82000000,
        "ebitdaratio": 0.8401639344,
        "operatingIncome": 82000000,
        "operatingIncomeRatio": 0.8401639344,
        "totalOtherIncomeExpensesNet": -53700000,
        "incomeBeforeTax": 28300000,
        "incomeBeforeTaxRatio": 0.2899590164,
        "incomeTaxExpense": 11200000,
        "netIncome": 17100000,
        "netIncomeRatio": 0.175204918,
        "eps": 0.13,
        "epsdiluted": 0.12,
        "weightedAverageShsOut": 132540000,
        "weightedAverageShsOutDil": 137273000,
        "link": "",
        "finalLink": ""
    },
    {
        "date": "1995-03-31",
        "symbol": "PBCT",
        "reportedCurrency": "USD",
        "cik": "0001378946",
        "fillingDate": "1995-03-31",
        "acceptedDate": "1995-03-30 19:00:00",
        "calendarYear": "1995",
        "period": "Q1",
        "revenue": 93900000,
        "costOfRevenue": 0,
        "grossProfit": 93900000,
        "grossProfitRatio": 1,
        "researchAndDevelopmentExpenses": 0,
        "generalAndAdministrativeExpenses": 27100000,
        "sellingAndMarketingExpenses": 0,
        "sellingGeneralAndAdministrativeExpenses": 27100000,
        "otherExpenses": -41800000,
        "operatingExpenses": -14700000,
        "costAndExpenses": -14700000,
        "interestIncome": 115000000,
        "interestExpense": 52700000,
        "depreciationAndAmortization": 0,
        "ebitda": 79200000,
        "ebitdaratio": 0.8434504792,
        "operatingIncome": 79200000,
        "operatingIncomeRatio": 0.8434504792,
        "totalOtherIncomeExpensesNet": -52700000,
        "incomeBeforeTax": 26500000,
        "incomeBeforeTaxRatio": 0.2822151225,
        "incomeTaxExpense": 10800000,
        "netIncome": 15700000,
        "netIncomeRatio": 0.167199148,
        "eps": 0.13,
        "epsdiluted": 0.12,
        "weightedAverageShsOut": 124875000,
        "weightedAverageShsOutDil": 129678000,
        "link": "",
        "finalLink": ""
    },
    {
        "date": "1994-12-31",
        "symbol": "PBCT",
        "reportedCurrency": "USD",
        "cik": "0001378946",
        "fillingDate": "1994-12-31",
        "acceptedDate": "1994-12-30 19:00:00",
        "calendarYear": "1994",
        "period": "Q4",
        "revenue": 91300000,
        "costOfRevenue": 0,
        "grossProfit": 91300000,
        "grossProfitRatio": 1,
        "researchAndDevelopmentExpenses": 0,
        "generalAndAdministrativeExpenses": 27600000,
        "sellingAndMarketingExpenses": 0,
        "sellingGeneralAndAdministrativeExpenses": 27600000,
        "otherExpenses": -47500000,
        "operatingExpenses": -19900000,
        "costAndExpenses": -19900000,
        "interestIncome": 110700000,
        "interestExpense": 47800000,
        "depreciationAndAmortization": 0,
        "ebitda": 71400000,
        "ebitdaratio": 0.7820372399,
        "operatingIncome": 71400000,
        "operatingIncomeRatio": 0.7820372399,
        "totalOtherIncomeExpensesNet": -47800000,
        "incomeBeforeTax": 23600000,
        "incomeBeforeTaxRatio": 0.2584884995,
        "incomeTaxExpense": 9500000,
        "netIncome": 14100000,
        "netIncomeRatio": 0.1544359255,
        "eps": 0.12,
        "epsdiluted": 0.12,
        "weightedAverageShsOut": 118252000,
        "weightedAverageShsOutDil": 118252000,
        "link": "",
        "finalLink": ""
    },
    {
        "date": "1994-09-30",
        "symbol": "PBCT",
        "reportedCurrency": "USD",
        "cik": "0001378946",
        "fillingDate": "1994-09-30",
        "acceptedDate": "1994-09-29 20:00:00",
        "calendarYear": "1994",
        "period": "Q3",
        "revenue": 88800000,
        "costOfRevenue": 0,
        "grossProfit": 88800000,
        "grossProfitRatio": 1,
        "researchAndDevelopmentExpenses": 0,
        "generalAndAdministrativeExpenses": 27200000,
        "sellingAndMarketingExpenses": 0,
        "sellingGeneralAndAdministrativeExpenses": 27200000,
        "otherExpenses": -51000000,
        "operatingExpenses": -23800000,
        "costAndExpenses": -23800000,
        "interestIncome": 105100000,
        "interestExpense": 43000000,
        "depreciationAndAmortization": 0,
        "ebitda": 65000000,
        "ebitdaratio": 0.731981982,
        "operatingIncome": 65000000,
        "operatingIncomeRatio": 0.731981982,
        "totalOtherIncomeExpensesNet": -43000000,
        "incomeBeforeTax": 22000000,
        "incomeBeforeTaxRatio": 0.2477477477,
        "incomeTaxExpense": 8700000,
        "netIncome": 13300000,
        "netIncomeRatio": 0.1497747748,
        "eps": 0.11,
        "epsdiluted": 0.11,
        "weightedAverageShsOut": 118252000,
        "weightedAverageShsOutDil": 123626000,
        "link": "",
        "finalLink": ""
    },
    {
        "date": "1994-06-30",
        "symbol": "PBCT",
        "reportedCurrency": "USD",
        "cik": "0001378946",
        "fillingDate": "1994-06-30",
        "acceptedDate": "1994-06-29 20:00:00",
        "calendarYear": "1994",
        "period": "Q2",
        "revenue": 84100000,
        "costOfRevenue": 0,
        "grossProfit": 84100000,
        "grossProfitRatio": 1,
        "researchAndDevelopmentExpenses": 0,
        "generalAndAdministrativeExpenses": 24200000,
        "sellingAndMarketingExpenses": 0,
        "sellingGeneralAndAdministrativeExpenses": 24200000,
        "otherExpenses": -66800000,
        "operatingExpenses": -42600000,
        "costAndExpenses": -42600000,
        "interestIncome": 98800000,
        "interestExpense": 38800000,
        "depreciationAndAmortization": 0,
        "ebitda": 41500000,
        "ebitdaratio": 0.4934601665,
        "operatingIncome": 41500000,
        "operatingIncomeRatio": 0.4934601665,
        "totalOtherIncomeExpensesNet": -38800000,
        "incomeBeforeTax": 2700000,
        "incomeBeforeTaxRatio": 0.0321046373,
        "incomeTaxExpense": -23300000,
        "netIncome": 26000000,
        "netIncomeRatio": 0.3091557669,
        "eps": 0.23,
        "epsdiluted": 0.2,
        "weightedAverageShsOut": 112846000,
        "weightedAverageShsOutDil": 128592000,
        "link": "",
        "finalLink": ""
    },
    {
        "date": "1994-03-31",
        "symbol": "PBCT",
        "reportedCurrency": "USD",
        "cik": "0001378946",
        "fillingDate": "1994-03-31",
        "acceptedDate": "1994-03-30 19:00:00",
        "calendarYear": "1994",
        "period": "Q1",
        "revenue": 88900000,
        "costOfRevenue": 0,
        "grossProfit": 88900000,
        "grossProfitRatio": 1,
        "researchAndDevelopmentExpenses": 0,
        "generalAndAdministrativeExpenses": 23300000,
        "sellingAndMarketingExpenses": 0,
        "sellingGeneralAndAdministrativeExpenses": 23300000,
        "otherExpenses": -57500000,
        "operatingExpenses": -34200000,
        "costAndExpenses": -34200000,
        "interestIncome": 99400000,
        "interestExpense": 37800000,
        "depreciationAndAmortization": 0,
        "ebitda": 54700000,
        "ebitdaratio": 0.6152980877,
        "operatingIncome": 54700000,
        "operatingIncomeRatio": 0.6152980877,
        "totalOtherIncomeExpensesNet": -38100000,
        "incomeBeforeTax": 16600000,
        "incomeBeforeTaxRatio": 0.1867266592,
        "incomeTaxExpense": 200000,
        "netIncome": 16700000,
        "netIncomeRatio": 0.1878515186,
        "eps": 0.15,
        "epsdiluted": 0.14,
        "weightedAverageShsOut": 110212000,
        "weightedAverageShsOutDil": 122021000,
        "link": "",
        "finalLink": ""
    },
    {
        "date": "1993-12-31",
        "symbol": "PBCT",
        "reportedCurrency": "USD",
        "cik": "0001378946",
        "fillingDate": "1993-12-31",
        "acceptedDate": "1993-12-30 19:00:00",
        "calendarYear": "1993",
        "period": "Q4",
        "revenue": 87300000,
        "costOfRevenue": 0,
        "grossProfit": 87300000,
        "grossProfitRatio": 1,
        "researchAndDevelopmentExpenses": 0,
        "generalAndAdministrativeExpenses": 23800000,
        "sellingAndMarketingExpenses": 0,
        "sellingGeneralAndAdministrativeExpenses": 23800000,
        "otherExpenses": -59200000,
        "operatingExpenses": -35400000,
        "costAndExpenses": -35400000,
        "interestIncome": 98100000,
        "interestExpense": 39900000,
        "depreciationAndAmortization": 0,
        "ebitda": 51900000,
        "ebitdaratio": 0.5945017182,
        "operatingIncome": 51900000,
        "operatingIncomeRatio": 0.5945017182,
        "totalOtherIncomeExpensesNet": -39900000,
        "incomeBeforeTax": 12000000,
        "incomeBeforeTaxRatio": 0.1374570447,
        "incomeTaxExpense": 700000,
        "netIncome": 11300000,
        "netIncomeRatio": 0.1294387171,
        "eps": 0.0838,
        "epsdiluted": 0.0838,
        "weightedAverageShsOut": 134866000,
        "weightedAverageShsOutDil": 134866000,
        "link": "",
        "finalLink": ""
    },
    {
        "date": "1993-09-30",
        "symbol": "PBCT",
        "reportedCurrency": "USD",
        "cik": "0001378946",
        "fillingDate": "1993-09-30",
        "acceptedDate": "1993-09-29 20:00:00",
        "calendarYear": "1993",
        "period": "Q3",
        "revenue": 83400000,
        "costOfRevenue": 0,
        "grossProfit": 83400000,
        "grossProfitRatio": 1,
        "researchAndDevelopmentExpenses": 0,
        "generalAndAdministrativeExpenses": 23200000,
        "sellingAndMarketingExpenses": 0,
        "sellingGeneralAndAdministrativeExpenses": 23200000,
        "otherExpenses": -59000000,
        "operatingExpenses": -35800000,
        "costAndExpenses": -35800000,
        "interestIncome": 92200000,
        "interestExpense": 39200000,
        "depreciationAndAmortization": 0,
        "ebitda": 47600000,
        "ebitdaratio": 0.5707434053,
        "operatingIncome": 47600000,
        "operatingIncomeRatio": 0.5707434053,
        "totalOtherIncomeExpensesNet": -39200000,
        "incomeBeforeTax": 8400000,
        "incomeBeforeTaxRatio": 0.1007194245,
        "incomeTaxExpense": -600000,
        "netIncome": 9000000,
        "netIncomeRatio": 0.1079136691,
        "eps": 0.0667,
        "epsdiluted": 0.0667,
        "weightedAverageShsOut": 134866000,
        "weightedAverageShsOutDil": 134866000,
        "link": "",
        "finalLink": ""
    },
    {
        "date": "1993-06-30",
        "symbol": "PBCT",
        "reportedCurrency": "USD",
        "cik": "0001378946",
        "fillingDate": "1993-06-30",
        "acceptedDate": "1993-06-29 20:00:00",
        "calendarYear": "1993",
        "period": "Q2",
        "revenue": 83500000,
        "costOfRevenue": 0,
        "grossProfit": 83500000,
        "grossProfitRatio": 1,
        "researchAndDevelopmentExpenses": 0,
        "generalAndAdministrativeExpenses": 22100000,
        "sellingAndMarketingExpenses": 0,
        "sellingGeneralAndAdministrativeExpenses": 22100000,
        "otherExpenses": -57100000,
        "operatingExpenses": -35000000,
        "costAndExpenses": -35000000,
        "interestIncome": 95400000,
        "interestExpense": 39600000,
        "depreciationAndAmortization": 0,
        "ebitda": 48500000,
        "ebitdaratio": 0.5808383234,
        "operatingIncome": 48500000,
        "operatingIncomeRatio": 0.5808383234,
        "totalOtherIncomeExpensesNet": -39600000,
        "incomeBeforeTax": 8900000,
        "incomeBeforeTaxRatio": 0.1065868263,
        "incomeTaxExpense": 200000,
        "netIncome": 8700000,
        "netIncomeRatio": 0.1041916168,
        "eps": 0.0801,
        "epsdiluted": 0.0712,
        "weightedAverageShsOut": 108641000,
        "weightedAverageShsOutDil": 122222000,
        "link": "",
        "finalLink": ""
    },
    {
        "date": "1993-03-31",
        "symbol": "PBCT",
        "reportedCurrency": "USD",
        "cik": "0001378946",
        "fillingDate": "1993-03-31",
        "acceptedDate": "1993-03-30 19:00:00",
        "calendarYear": "1993",
        "period": "Q1",
        "revenue": 83500000,
        "costOfRevenue": 0,
        "grossProfit": 83500000,
        "grossProfitRatio": 1,
        "researchAndDevelopmentExpenses": 0,
        "generalAndAdministrativeExpenses": 21100000,
        "sellingAndMarketingExpenses": 0,
        "sellingGeneralAndAdministrativeExpenses": 21100000,
        "otherExpenses": -36100000,
        "operatingExpenses": -15000000,
        "costAndExpenses": -15000000,
        "interestIncome": 93600000,
        "interestExpense": 41000000,
        "depreciationAndAmortization": 0,
        "ebitda": 68500000,
        "ebitdaratio": 0.8203592814,
        "operatingIncome": 68500000,
        "operatingIncomeRatio": 0.8203592814,
        "totalOtherIncomeExpensesNet": -56000000,
        "incomeBeforeTax": 12500000,
        "incomeBeforeTaxRatio": 0.1497005988,
        "incomeTaxExpense": 200000,
        "netIncome": 27300000,
        "netIncomeRatio": 0.3269461078,
        "eps": 0.25,
        "epsdiluted": 0.25,
        "weightedAverageShsOut": 109578000,
        "weightedAverageShsOutDil": 109578000,
        "link": "",
        "finalLink": ""
    },
    {
        "date": "1992-12-31",
        "symbol": "PBCT",
        "reportedCurrency": "USD",
        "cik": "0001378946",
        "fillingDate": "1992-12-31",
        "acceptedDate": "1992-12-30 19:00:00",
        "calendarYear": "1992",
        "period": "Q4",
        "revenue": 74800000,
        "costOfRevenue": 0,
        "grossProfit": 74800000,
        "grossProfitRatio": 1,
        "researchAndDevelopmentExpenses": 0,
        "generalAndAdministrativeExpenses": 21200000,
        "sellingAndMarketingExpenses": 0,
        "sellingGeneralAndAdministrativeExpenses": 21200000,
        "otherExpenses": -44100000,
        "operatingExpenses": -22900000,
        "costAndExpenses": -22900000,
        "interestIncome": 99600000,
        "interestExpense": 45200000,
        "depreciationAndAmortization": 0,
        "ebitda": 51900000,
        "ebitdaratio": 0.6938502674,
        "operatingIncome": 51900000,
        "operatingIncomeRatio": 0.6938502674,
        "totalOtherIncomeExpensesNet": -47900000,
        "incomeBeforeTax": 4000000,
        "incomeBeforeTaxRatio": 0.0534759358,
        "incomeTaxExpense": 0,
        "netIncome": 4000000,
        "netIncomeRatio": 0.0534759358,
        "eps": 0.0371,
        "epsdiluted": 0.0371,
        "weightedAverageShsOut": 107894000,
        "weightedAverageShsOutDil": 107894000,
        "link": "",
        "finalLink": ""
    },
    {
        "date": "1992-09-30",
        "symbol": "PBCT",
        "reportedCurrency": "USD",
        "cik": "0001378946",
        "fillingDate": "1992-09-30",
        "acceptedDate": "1992-09-29 20:00:00",
        "calendarYear": "1992",
        "period": "Q3",
        "revenue": 81200000,
        "costOfRevenue": 0,
        "grossProfit": 81200000,
        "grossProfitRatio": 1,
        "researchAndDevelopmentExpenses": 0,
        "generalAndAdministrativeExpenses": 20300000,
        "sellingAndMarketingExpenses": 0,
        "sellingGeneralAndAdministrativeExpenses": 20300000,
        "otherExpenses": -47500000,
        "operatingExpenses": -27200000,
        "costAndExpenses": -27200000,
        "interestIncome": 103700000,
        "interestExpense": 51400000,
        "depreciationAndAmortization": 0,
        "ebitda": 54000000,
        "ebitdaratio": 0.6650246305,
        "operatingIncome": 54000000,
        "operatingIncomeRatio": 0.6650246305,
        "totalOtherIncomeExpensesNet": -51400000,
        "incomeBeforeTax": 2600000,
        "incomeBeforeTaxRatio": 0.0320197044,
        "incomeTaxExpense": 200000,
        "netIncome": 2400000,
        "netIncomeRatio": 0.0295566502,
        "eps": 0.0222,
        "epsdiluted": 0.0222,
        "weightedAverageShsOut": 107894000,
        "weightedAverageShsOutDil": 107894000,
        "link": "",
        "finalLink": ""
    },
    {
        "date": "1992-06-30",
        "symbol": "PBCT",
        "reportedCurrency": "USD",
        "cik": "0001378946",
        "fillingDate": "1992-06-30",
        "acceptedDate": "1992-06-29 20:00:00",
        "calendarYear": "1992",
        "period": "Q2",
        "revenue": 75000000,
        "costOfRevenue": 0,
        "grossProfit": 75000000,
        "grossProfitRatio": 1,
        "researchAndDevelopmentExpenses": 0,
        "generalAndAdministrativeExpenses": 19300000,
        "sellingAndMarketingExpenses": 0,
        "sellingGeneralAndAdministrativeExpenses": 19300000,
        "otherExpenses": -37700000,
        "operatingExpenses": -18400000,
        "costAndExpenses": -18400000,
        "interestIncome": 107500000,
        "interestExpense": 55900000,
        "depreciationAndAmortization": 0,
        "ebitda": 56600000,
        "ebitdaratio": 0.7546666667,
        "operatingIncome": 56600000,
        "operatingIncomeRatio": 0.7546666667,
        "totalOtherIncomeExpensesNet": -55900000,
        "incomeBeforeTax": 700000,
        "incomeBeforeTaxRatio": 0.0093333333,
        "incomeTaxExpense": 200000,
        "netIncome": 500000,
        "netIncomeRatio": 0.0066666667,
        "eps": 0.0044,
        "epsdiluted": 0.0044,
        "weightedAverageShsOut": 112385000,
        "weightedAverageShsOutDil": 112385000,
        "link": "",
        "finalLink": ""
    },
    {
        "date": "1992-03-31",
        "symbol": "PBCT",
        "reportedCurrency": "USD",
        "cik": "0001378946",
        "fillingDate": "1992-03-31",
        "acceptedDate": "1992-03-30 19:00:00",
        "calendarYear": "1992",
        "period": "Q1",
        "revenue": 78900000,
        "costOfRevenue": 0,
        "grossProfit": 78900000,
        "grossProfitRatio": 1,
        "researchAndDevelopmentExpenses": 0,
        "generalAndAdministrativeExpenses": 20200000,
        "sellingAndMarketingExpenses": 0,
        "sellingGeneralAndAdministrativeExpenses": 20200000,
        "otherExpenses": -37900000,
        "operatingExpenses": -17700000,
        "costAndExpenses": -17700000,
        "interestIncome": 109400000,
        "interestExpense": 60800000,
        "depreciationAndAmortization": 0,
        "ebitda": 61200000,
        "ebitdaratio": 0.7756653992,
        "operatingIncome": 61200000,
        "operatingIncomeRatio": 0.7756653992,
        "totalOtherIncomeExpensesNet": -60800000,
        "incomeBeforeTax": 400000,
        "incomeBeforeTaxRatio": 0.0050697085,
        "incomeTaxExpense": 200000,
        "netIncome": 200000,
        "netIncomeRatio": 0.0025348542,
        "eps": 0.0019,
        "epsdiluted": 0.0019,
        "weightedAverageShsOut": 108054000,
        "weightedAverageShsOutDil": 108054000,
        "link": "",
        "finalLink": ""
    },
    {
        "date": "1991-12-31",
        "symbol": "PBCT",
        "reportedCurrency": "USD",
        "cik": "0001378946",
        "fillingDate": "1991-12-31",
        "acceptedDate": "1991-12-30 19:00:00",
        "calendarYear": "1991",
        "period": "Q4",
        "revenue": 102900000,
        "costOfRevenue": 0,
        "grossProfit": 102900000,
        "grossProfitRatio": 1,
        "researchAndDevelopmentExpenses": 0,
        "generalAndAdministrativeExpenses": 24700000,
        "sellingAndMarketingExpenses": 0,
        "sellingGeneralAndAdministrativeExpenses": 24700000,
        "otherExpenses": -42700000,
        "operatingExpenses": -18000000,
        "costAndExpenses": -18000000,
        "interestIncome": 119200000,
        "interestExpense": 73400000,
        "depreciationAndAmortization": 0,
        "ebitda": 84900000,
        "ebitdaratio": 0.8250728863,
        "operatingIncome": 84900000,
        "operatingIncomeRatio": 0.8250728863,
        "totalOtherIncomeExpensesNet": -73400000,
        "incomeBeforeTax": 11500000,
        "incomeBeforeTaxRatio": 0.1117589893,
        "incomeTaxExpense": 200000,
        "netIncome": 11300000,
        "netIncomeRatio": 0.1098153547,
        "eps": 0.0955,
        "epsdiluted": 0.0955,
        "weightedAverageShsOut": 118351000,
        "weightedAverageShsOutDil": 118351000,
        "link": "",
        "finalLink": ""
    },
    {
        "date": "1991-09-30",
        "symbol": "PBCT",
        "reportedCurrency": "USD",
        "cik": "0001378946",
        "fillingDate": "1991-09-30",
        "acceptedDate": "1991-09-29 20:00:00",
        "calendarYear": "1991",
        "period": "Q3",
        "revenue": 69000000,
        "costOfRevenue": 0,
        "grossProfit": 69000000,
        "grossProfitRatio": 1,
        "researchAndDevelopmentExpenses": 0,
        "generalAndAdministrativeExpenses": 22200000,
        "sellingAndMarketingExpenses": 0,
        "sellingGeneralAndAdministrativeExpenses": 22200000,
        "otherExpenses": -32800000,
        "operatingExpenses": -10600000,
        "costAndExpenses": -10600000,
        "interestIncome": 129600000,
        "interestExpense": 83900000,
        "depreciationAndAmortization": 0,
        "ebitda": 58400000,
        "ebitdaratio": 0.8463768116,
        "operatingIncome": 58400000,
        "operatingIncomeRatio": 0.8463768116,
        "totalOtherIncomeExpensesNet": -83900000,
        "incomeBeforeTax": -25500000,
        "incomeBeforeTaxRatio": -0.3695652174,
        "incomeTaxExpense": 300000,
        "netIncome": -25800000,
        "netIncomeRatio": -0.3739130435,
        "eps": -0.22,
        "epsdiluted": -0.22,
        "weightedAverageShsOut": 118351000,
        "weightedAverageShsOutDil": 118351000,
        "link": "",
        "finalLink": ""
    },
    {
        "date": "1990-12-31",
        "symbol": "PBCT",
        "reportedCurrency": "USD",
        "cik": "0001378946",
        "fillingDate": "1990-12-31",
        "acceptedDate": "1990-12-30 19:00:00",
        "calendarYear": "1990",
        "period": "Q4",
        "revenue": 52700000,
        "costOfRevenue": 0,
        "grossProfit": 52700000,
        "grossProfitRatio": 1,
        "researchAndDevelopmentExpenses": 0,
        "generalAndAdministrativeExpenses": 20400000,
        "sellingAndMarketingExpenses": 0,
        "sellingGeneralAndAdministrativeExpenses": 20400000,
        "otherExpenses": -16100000,
        "operatingExpenses": 4300000,
        "costAndExpenses": 4300000,
        "interestIncome": 155800000,
        "interestExpense": 115500000,
        "depreciationAndAmortization": 0,
        "ebitda": 57000000,
        "ebitdaratio": 1.0815939279,
        "operatingIncome": 57000000,
        "operatingIncomeRatio": 1.0815939279,
        "totalOtherIncomeExpensesNet": -115500000,
        "incomeBeforeTax": -58500000,
        "incomeBeforeTaxRatio": -1.110056926,
        "incomeTaxExpense": -9600000,
        "netIncome": -48900000,
        "netIncomeRatio": -0.9278937381,
        "eps": -0.41,
        "epsdiluted": -0.41,
        "weightedAverageShsOut": 119335000,
        "weightedAverageShsOutDil": 119335000,
        "link": "",
        "finalLink": ""
    },
    {
        "date": "1990-09-30",
        "symbol": "PBCT",
        "reportedCurrency": "USD",
        "cik": "0001378946",
        "fillingDate": "1990-09-30",
        "acceptedDate": "1990-09-29 20:00:00",
        "calendarYear": "1990",
        "period": "Q3",
        "revenue": 53300000,
        "costOfRevenue": 0,
        "grossProfit": 53300000,
        "grossProfitRatio": 1,
        "researchAndDevelopmentExpenses": 0,
        "generalAndAdministrativeExpenses": 22400000,
        "sellingAndMarketingExpenses": 0,
        "sellingGeneralAndAdministrativeExpenses": 22400000,
        "otherExpenses": 4500000,
        "operatingExpenses": 26900000,
        "costAndExpenses": 26900000,
        "interestIncome": 157000000,
        "interestExpense": 119600000,
        "depreciationAndAmortization": 0,
        "ebitda": 80200000,
        "ebitdaratio": 1.5046904315,
        "operatingIncome": 80200000,
        "operatingIncomeRatio": 1.5046904315,
        "totalOtherIncomeExpensesNet": -119600000,
        "incomeBeforeTax": -39400000,
        "incomeBeforeTaxRatio": -0.7392120075,
        "incomeTaxExpense": -10200000,
        "netIncome": -29200000,
        "netIncomeRatio": -0.5478424015,
        "eps": -0.24,
        "epsdiluted": -0.24,
        "weightedAverageShsOut": 119335000,
        "weightedAverageShsOutDil": 119335000,
        "link": "",
        "finalLink": ""
    },
    {
        "date": "1990-06-30",
        "symbol": "PBCT",
        "reportedCurrency": "USD",
        "cik": "0001378946",
        "fillingDate": "1990-06-30",
        "acceptedDate": "1990-06-29 20:00:00",
        "calendarYear": "1990",
        "period": "Q2",
        "revenue": 54900000,
        "costOfRevenue": 0,
        "grossProfit": 54900000,
        "grossProfitRatio": 1,
        "researchAndDevelopmentExpenses": 0,
        "generalAndAdministrativeExpenses": 22500000,
        "sellingAndMarketingExpenses": 0,
        "sellingGeneralAndAdministrativeExpenses": 22500000,
        "otherExpenses": 25300000,
        "operatingExpenses": 47800000,
        "costAndExpenses": 47800000,
        "interestIncome": 159800000,
        "interestExpense": 118800000,
        "depreciationAndAmortization": 0,
        "ebitda": 102700000,
        "ebitdaratio": 1.8706739526,
        "operatingIncome": 102700000,
        "operatingIncomeRatio": 1.8706739526,
        "totalOtherIncomeExpensesNet": -118800000,
        "incomeBeforeTax": -16100000,
        "incomeBeforeTaxRatio": -0.2932604736,
        "incomeTaxExpense": -7600000,
        "netIncome": -8500000,
        "netIncomeRatio": -0.1548269581,
        "eps": -0.0712,
        "epsdiluted": -0.0712,
        "weightedAverageShsOut": 119412000,
        "weightedAverageShsOutDil": 119412000,
        "link": "",
        "finalLink": ""
    },
    {
        "date": "1990-03-31",
        "symbol": "PBCT",
        "reportedCurrency": "USD",
        "cik": "0001378946",
        "fillingDate": "1990-03-31",
        "acceptedDate": "1990-03-30 19:00:00",
        "calendarYear": "1990",
        "period": "Q1",
        "revenue": 61800000,
        "costOfRevenue": 0,
        "grossProfit": 61800000,
        "grossProfitRatio": 1,
        "researchAndDevelopmentExpenses": 0,
        "generalAndAdministrativeExpenses": 22600000,
        "sellingAndMarketingExpenses": 0,
        "sellingGeneralAndAdministrativeExpenses": 22600000,
        "otherExpenses": 35600000,
        "operatingExpenses": 58200000,
        "costAndExpenses": 58200000,
        "interestIncome": 161500000,
        "interestExpense": 120100000,
        "depreciationAndAmortization": 0,
        "ebitda": 120000000,
        "ebitdaratio": 1.9417475728,
        "operatingIncome": 120000000,
        "operatingIncomeRatio": 1.9417475728,
        "totalOtherIncomeExpensesNet": -120100000,
        "incomeBeforeTax": -100000,
        "incomeBeforeTaxRatio": -0.001618123,
        "incomeTaxExpense": -1900000,
        "netIncome": 1800000,
        "netIncomeRatio": 0.0291262136,
        "eps": 0.0133,
        "epsdiluted": 0.0133,
        "weightedAverageShsOut": 134862000,
        "weightedAverageShsOutDil": 134862000,
        "link": "",
        "finalLink": ""
    },
    {
        "date": "1989-12-31",
        "symbol": "PBCT",
        "reportedCurrency": "USD",
        "cik": "0001378946",
        "fillingDate": "1989-12-31",
        "acceptedDate": "1989-12-30 19:00:00",
        "calendarYear": "1989",
        "period": "Q4",
        "revenue": 67900000,
        "costOfRevenue": 0,
        "grossProfit": 67900000,
        "grossProfitRatio": 1,
        "researchAndDevelopmentExpenses": 0,
        "generalAndAdministrativeExpenses": 21000000,
        "sellingAndMarketingExpenses": 0,
        "sellingGeneralAndAdministrativeExpenses": 21000000,
        "otherExpenses": 35700000,
        "operatingExpenses": 56700000,
        "costAndExpenses": 56700000,
        "interestIncome": 163100000,
        "interestExpense": 122800000,
        "depreciationAndAmortization": 0,
        "ebitda": 124600000,
        "ebitdaratio": 1.8350515464,
        "operatingIncome": 124600000,
        "operatingIncomeRatio": 1.8350515464,
        "totalOtherIncomeExpensesNet": -122800000,
        "incomeBeforeTax": 1800000,
        "incomeBeforeTaxRatio": 0.0265095729,
        "incomeTaxExpense": -1800000,
        "netIncome": 3600000,
        "netIncomeRatio": 0.0530191458,
        "eps": 0.0303,
        "epsdiluted": 0.0303,
        "weightedAverageShsOut": 118999000,
        "weightedAverageShsOutDil": 118999000,
        "link": "",
        "finalLink": ""
    },
    {
        "date": "1989-09-30",
        "symbol": "PBCT",
        "reportedCurrency": "USD",
        "cik": "0001378946",
        "fillingDate": "1989-09-30",
        "acceptedDate": "1989-09-29 20:00:00",
        "calendarYear": "1989",
        "period": "Q3",
        "revenue": 61900000,
        "costOfRevenue": 0,
        "grossProfit": 61900000,
        "grossProfitRatio": 1,
        "researchAndDevelopmentExpenses": 0,
        "generalAndAdministrativeExpenses": 22200000,
        "sellingAndMarketingExpenses": 0,
        "sellingGeneralAndAdministrativeExpenses": 22200000,
        "otherExpenses": 48500000,
        "operatingExpenses": 70700000,
        "costAndExpenses": 70700000,
        "interestIncome": 160100000,
        "interestExpense": 120800000,
        "depreciationAndAmortization": 0,
        "ebitda": 132600000,
        "ebitdaratio": 2.1421647819,
        "operatingIncome": 132600000,
        "operatingIncomeRatio": 2.1421647819,
        "totalOtherIncomeExpensesNet": -120800000,
        "incomeBeforeTax": 11800000,
        "incomeBeforeTaxRatio": 0.1906300485,
        "incomeTaxExpense": 2800000,
        "netIncome": 9000000,
        "netIncomeRatio": 0.1453957997,
        "eps": 0.0756,
        "epsdiluted": 0.0756,
        "weightedAverageShsOut": 118999000,
        "weightedAverageShsOutDil": 118999000,
        "link": "",
        "finalLink": ""
    }
]