[
    {
        "date": "2025-06-30",
        "symbol": "PBY",
        "reportedCurrency": "USD",
        "cik": "0001287032",
        "fillingDate": "2025-08-26",
        "acceptedDate": "2025-08-26 17:25:29",
        "calendarYear": "2025",
        "period": "Q4",
        "revenue": -141533000,
        "costOfRevenue": 86724000,
        "grossProfit": 241231000,
        "grossProfitRatio": -1.7044152247,
        "researchAndDevelopmentExpenses": 0,
        "generalAndAdministrativeExpenses": 7654000,
        "sellingAndMarketingExpenses": 0,
        "sellingGeneralAndAdministrativeExpenses": 7654000,
        "otherExpenses": 45864000,
        "operatingExpenses": 53518000,
        "costAndExpenses": 19856000,
        "interestIncome": 512669000,
        "interestExpense": 48471000,
        "depreciationAndAmortization": -113428000,
        "ebitda": -195930000,
        "ebitdaratio": 1.384341461,
        "operatingIncome": -161389000,
        "operatingIncomeRatio": 1.14029237,
        "totalOtherIncomeExpensesNet": -34541000,
        "incomeBeforeTax": -195930000,
        "incomeBeforeTaxRatio": 1.384341461,
        "incomeTaxExpense": 0,
        "netIncome": 273994000,
        "netIncomeRatio": -1.9359018745,
        "eps": 0.84,
        "epsdiluted": -0.5,
        "weightedAverageShsOut": 455903000,
        "weightedAverageShsOutDil": 455903000,
        "link": "https://www.sec.gov/Archives/edgar/data/1287032/000128703225000232/0001287032-25-000232-index.htm",
        "finalLink": "https://www.sec.gov/Archives/edgar/data/1287032/000128703225000232/psec-20250630.htm"
    },
    {
        "date": "2025-03-31",
        "symbol": "PBY",
        "reportedCurrency": "USD",
        "cik": "0001287032",
        "fillingDate": "2025-05-08",
        "acceptedDate": "2025-05-08 16:19:42",
        "calendarYear": "2025",
        "period": "Q3",
        "revenue": -93118000,
        "costOfRevenue": 31367000,
        "grossProfit": -124485000,
        "grossProfitRatio": 1.3368521661,
        "researchAndDevelopmentExpenses": 0,
        "generalAndAdministrativeExpenses": 11291000,
        "sellingAndMarketingExpenses": 0,
        "sellingGeneralAndAdministrativeExpenses": 11291000,
        "otherExpenses": 4140000,
        "operatingExpenses": 15431000,
        "costAndExpenses": 46798000,
        "interestIncome": 159256000,
        "interestExpense": 31367000,
        "depreciationAndAmortization": -119640000,
        "ebitda": -139916000,
        "ebitdaratio": 1.5025666359,
        "operatingIncome": -139916000,
        "operatingIncomeRatio": 1.5025666359,
        "totalOtherIncomeExpensesNet": 0,
        "incomeBeforeTax": -139916000,
        "incomeBeforeTaxRatio": 1.5025666359,
        "incomeTaxExpense": 0,
        "netIncome": -139916000,
        "netIncomeRatio": 1.5025666359,
        "eps": -0.39,
        "epsdiluted": -0.39,
        "weightedAverageShsOut": 443432000,
        "weightedAverageShsOutDil": 443432000,
        "link": "https://www.sec.gov/Archives/edgar/data/1287032/000128703225000115/0001287032-25-000115-index.htm",
        "finalLink": "https://www.sec.gov/Archives/edgar/data/1287032/000128703225000115/psec-20250331.htm"
    },
    {
        "date": "2024-12-31",
        "symbol": "PBY",
        "reportedCurrency": "USD",
        "cik": "0001287032",
        "fillingDate": "2025-02-10",
        "acceptedDate": "2025-02-10 16:02:53",
        "calendarYear": "2025",
        "period": "Q2",
        "revenue": 185466000,
        "costOfRevenue": 0,
        "grossProfit": 185466000,
        "grossProfitRatio": 1,
        "researchAndDevelopmentExpenses": 0,
        "generalAndAdministrativeExpenses": 10355000,
        "sellingAndMarketingExpenses": 0,
        "sellingGeneralAndAdministrativeExpenses": 10355000,
        "otherExpenses": 50701000,
        "operatingExpenses": 61056000,
        "costAndExpenses": 61056000,
        "interestIncome": 168798000,
        "interestExpense": 33208000,
        "depreciationAndAmortization": -124410000,
        "ebitda": 37677000,
        "ebitdaratio": 0.2031477468,
        "operatingIncome": 124410000,
        "operatingIncomeRatio": 0.6707968037,
        "totalOtherIncomeExpensesNet": -124476000,
        "incomeBeforeTax": -66000,
        "incomeBeforeTaxRatio": -0.0003558604,
        "incomeTaxExpense": 0,
        "netIncome": -66000,
        "netIncomeRatio": -0.0003558604,
        "eps": -0.071,
        "epsdiluted": -0.071,
        "weightedAverageShsOut": 436687000,
        "weightedAverageShsOutDil": 436687000,
        "link": "https://www.sec.gov/Archives/edgar/data/1287032/000128703225000012/0001287032-25-000012-index.htm",
        "finalLink": "https://www.sec.gov/Archives/edgar/data/1287032/000128703225000012/psec-20241231.htm"
    },
    {
        "date": "2024-09-30",
        "symbol": "PBY",
        "reportedCurrency": "USD",
        "cik": "0001287032",
        "fillingDate": "2024-11-08",
        "acceptedDate": "2024-11-08 07:01:55",
        "calendarYear": "2025",
        "period": "Q1",
        "revenue": 196308000,
        "costOfRevenue": 0,
        "grossProfit": 196308000,
        "grossProfitRatio": 1,
        "researchAndDevelopmentExpenses": 0,
        "generalAndAdministrativeExpenses": 4807000,
        "sellingAndMarketingExpenses": 0,
        "sellingGeneralAndAdministrativeExpenses": 66671000,
        "otherExpenses": 0,
        "operatingExpenses": 66671000,
        "costAndExpenses": 66671000,
        "interestIncome": 184615000,
        "interestExpense": 35229000,
        "depreciationAndAmortization": -129637000,
        "ebitda": -134012000,
        "ebitdaratio": -0.6826619394,
        "operatingIncome": 129637000,
        "operatingIncomeRatio": 0.6603755323,
        "totalOtherIncomeExpensesNet": -263649000,
        "incomeBeforeTax": -134012000,
        "incomeBeforeTaxRatio": -0.6826619394,
        "incomeTaxExpense": 0,
        "netIncome": -134012000,
        "netIncomeRatio": -0.6826619394,
        "eps": -0.38,
        "epsdiluted": -0.38,
        "weightedAverageShsOut": 428873000,
        "weightedAverageShsOutDil": 428873000,
        "link": "https://www.sec.gov/Archives/edgar/data/1287032/000128703224000408/0001287032-24-000408-index.htm",
        "finalLink": "https://www.sec.gov/Archives/edgar/data/1287032/000128703224000408/psec-20240930.htm"
    },
    {
        "date": "2024-06-30",
        "symbol": "PBY",
        "reportedCurrency": "USD",
        "cik": "0001287032",
        "fillingDate": "2024-08-28",
        "acceptedDate": "2024-08-28 16:43:17",
        "calendarYear": "2024",
        "period": "Q4",
        "revenue": 71946000,
        "costOfRevenue": -270276000,
        "grossProfit": 668315000,
        "grossProfitRatio": 9.2891196175,
        "researchAndDevelopmentExpenses": 0,
        "generalAndAdministrativeExpenses": 10947000,
        "sellingAndMarketingExpenses": 0,
        "sellingGeneralAndAdministrativeExpenses": 10947000,
        "otherExpenses": 431254000,
        "operatingExpenses": 442201000,
        "costAndExpenses": 2586000,
        "interestIncome": 189302000,
        "interestExpense": 36080000,
        "depreciationAndAmortization": -142690000,
        "ebitda": 69360000,
        "ebitdaratio": 0.9640563756,
        "operatingIncome": 69360000,
        "operatingIncomeRatio": 0.9640563756,
        "totalOtherIncomeExpensesNet": -39804000,
        "incomeBeforeTax": 29556000,
        "incomeBeforeTaxRatio": 0.4108081061,
        "incomeTaxExpense": 0,
        "netIncome": 29556000,
        "netIncomeRatio": 0.4108081061,
        "eps": -0.0213,
        "epsdiluted": -0.0213,
        "weightedAverageShsOut": 424846963,
        "weightedAverageShsOutDil": 424846963,
        "link": "https://www.sec.gov/Archives/edgar/data/1287032/000128703224000280/0001287032-24-000280-index.htm",
        "finalLink": "https://www.sec.gov/Archives/edgar/data/1287032/000128703224000280/psec-20240630.htm"
    },
    {
        "date": "2024-03-31",
        "symbol": "PBY",
        "reportedCurrency": "USD",
        "cik": "0001287032",
        "fillingDate": "2024-05-08",
        "acceptedDate": "2024-05-08 16:24:23",
        "calendarYear": "2024",
        "period": "Q3",
        "revenue": 132452000,
        "costOfRevenue": 56608000,
        "grossProfit": 75844000,
        "grossProfitRatio": 0.5726149851,
        "researchAndDevelopmentExpenses": 0,
        "generalAndAdministrativeExpenses": 11391000,
        "sellingAndMarketingExpenses": 0,
        "sellingGeneralAndAdministrativeExpenses": 11391000,
        "otherExpenses": -119817000,
        "operatingExpenses": -108426000,
        "costAndExpenses": -51818000,
        "interestIncome": 183932000,
        "interestExpense": 36327000,
        "depreciationAndAmortization": -134216000,
        "ebitda": 184270000,
        "ebitdaratio": 1.3912209706,
        "operatingIncome": 184270000,
        "operatingIncomeRatio": 1.3912209706,
        "totalOtherIncomeExpensesNet": -39909000,
        "incomeBeforeTax": 144361000,
        "incomeBeforeTaxRatio": 1.0899118171,
        "incomeTaxExpense": 0,
        "netIncome": 144361000,
        "netIncomeRatio": 1.0899118171,
        "eps": 0.27,
        "epsdiluted": 0.2,
        "weightedAverageShsOut": 414461972,
        "weightedAverageShsOutDil": 417894888,
        "link": "https://www.sec.gov/Archives/edgar/data/1287032/000128703224000152/0001287032-24-000152-index.htm",
        "finalLink": "https://www.sec.gov/Archives/edgar/data/1287032/000128703224000152/psec-20240331.htm"
    },
    {
        "date": "2023-12-31",
        "symbol": "PBY",
        "reportedCurrency": "USD",
        "cik": "0001287032",
        "fillingDate": "2024-02-08",
        "acceptedDate": "2024-02-08 16:32:02",
        "calendarYear": "2024",
        "period": "Q2",
        "revenue": 211065000,
        "costOfRevenue": 57412000,
        "grossProfit": 153653000,
        "grossProfitRatio": 0.7279890081,
        "researchAndDevelopmentExpenses": 0,
        "generalAndAdministrativeExpenses": 16559000,
        "sellingAndMarketingExpenses": 0,
        "sellingGeneralAndAdministrativeExpenses": 16559000,
        "otherExpenses": 124741000,
        "operatingExpenses": 141300000,
        "costAndExpenses": 198712000,
        "interestIncome": 194631000,
        "interestExpense": 36509000,
        "depreciationAndAmortization": -136971000,
        "ebitda": 12353000,
        "ebitdaratio": 0.0585269941,
        "operatingIncome": 12353000,
        "operatingIncomeRatio": 0.0585269941,
        "totalOtherIncomeExpensesNet": -40097000,
        "incomeBeforeTax": -27744000,
        "incomeBeforeTaxRatio": -0.1314476583,
        "incomeTaxExpense": 0,
        "netIncome": -27744000,
        "netIncomeRatio": -0.1314476583,
        "eps": -0.13,
        "epsdiluted": -0.13,
        "weightedAverageShsOut": 410942812,
        "weightedAverageShsOutDil": 410942812,
        "link": "https://www.sec.gov/Archives/edgar/data/1287032/000128703224000043/0001287032-24-000043-index.htm",
        "finalLink": "https://www.sec.gov/Archives/edgar/data/1287032/000128703224000043/psec-20231231.htm"
    },
    {
        "date": "2023-09-30",
        "symbol": "PBY",
        "reportedCurrency": "USD",
        "cik": "0001287032",
        "fillingDate": "2023-11-08",
        "acceptedDate": "2023-11-08 16:27:00",
        "calendarYear": "2024",
        "period": "Q1",
        "revenue": 28756000,
        "costOfRevenue": 64906000,
        "grossProfit": -36150000,
        "grossProfitRatio": -1.257128947,
        "researchAndDevelopmentExpenses": 0,
        "generalAndAdministrativeExpenses": 5134000,
        "sellingAndMarketingExpenses": 0,
        "sellingGeneralAndAdministrativeExpenses": 5134000,
        "otherExpenses": -198629000,
        "operatingExpenses": -193495000,
        "costAndExpenses": -128589000,
        "interestIncome": 202447000,
        "interestExpense": 37531000,
        "depreciationAndAmortization": -166205000,
        "ebitda": 157345000,
        "ebitdaratio": 5.4717276394,
        "operatingIncome": 157345000,
        "operatingIncomeRatio": 5.4717276394,
        "totalOtherIncomeExpensesNet": -40684000,
        "incomeBeforeTax": 116661000,
        "incomeBeforeTaxRatio": 4.05692725,
        "incomeTaxExpense": 0,
        "netIncome": 116661000,
        "netIncomeRatio": 4.05692725,
        "eps": 0.23,
        "epsdiluted": 0.29,
        "weightedAverageShsOut": 406350619,
        "weightedAverageShsOutDil": 404728889,
        "link": "https://www.sec.gov/Archives/edgar/data/1287032/000128703223000355/0001287032-23-000355-index.htm",
        "finalLink": "https://www.sec.gov/Archives/edgar/data/1287032/000128703223000355/psec-20230930.htm"
    },
    {
        "date": "2023-06-30",
        "symbol": "PBY",
        "reportedCurrency": "USD",
        "cik": "0001287032",
        "fillingDate": "2023-09-08",
        "acceptedDate": "2023-09-08 16:13:55",
        "calendarYear": "2023",
        "period": "Q4",
        "revenue": 219549000,
        "costOfRevenue": 61651000,
        "grossProfit": 157898000,
        "grossProfitRatio": 0.7191925265,
        "researchAndDevelopmentExpenses": 0,
        "generalAndAdministrativeExpenses": 8039000,
        "sellingAndMarketingExpenses": 0,
        "sellingGeneralAndAdministrativeExpenses": 8039000,
        "otherExpenses": 61651000,
        "operatingExpenses": 69690000,
        "costAndExpenses": 172938000,
        "interestIncome": 197455000,
        "interestExpense": 39034000,
        "depreciationAndAmortization": -151813000,
        "ebitda": 46611000,
        "ebitdaratio": 0.2123034038,
        "operatingIncome": 46611000,
        "operatingIncomeRatio": 0.2123034038,
        "totalOtherIncomeExpensesNet": -39076000,
        "incomeBeforeTax": 7535000,
        "incomeBeforeTaxRatio": 0.0343203567,
        "incomeTaxExpense": 0,
        "netIncome": 7535000,
        "netIncomeRatio": 0.0343203567,
        "eps": 0.0186,
        "epsdiluted": 0.0186,
        "weightedAverageShsOut": 404033549,
        "weightedAverageShsOutDil": 404033549,
        "link": "https://www.sec.gov/Archives/edgar/data/1287032/000128703223000283/0001287032-23-000283-index.htm",
        "finalLink": "https://www.sec.gov/Archives/edgar/data/1287032/000128703223000283/psec-20230630.htm"
    },
    {
        "date": "2023-03-31",
        "symbol": "PBY",
        "reportedCurrency": "USD",
        "cik": "0001287032",
        "fillingDate": "2023-05-09",
        "acceptedDate": "2023-05-09 16:15:24",
        "calendarYear": "2023",
        "period": "Q3",
        "revenue": -69811000,
        "costOfRevenue": 0,
        "grossProfit": -69811000,
        "grossProfitRatio": 1,
        "researchAndDevelopmentExpenses": 0,
        "generalAndAdministrativeExpenses": 15882000,
        "sellingAndMarketingExpenses": 0,
        "sellingGeneralAndAdministrativeExpenses": 15882000,
        "otherExpenses": -85693000,
        "operatingExpenses": -69811000,
        "costAndExpenses": -69811000,
        "interestIncome": 198136000,
        "interestExpense": 34254000,
        "depreciationAndAmortization": -139697000,
        "ebitda": -51439000,
        "ebitdaratio": 0.7368323044,
        "operatingIncome": -51439000,
        "operatingIncomeRatio": 0.7368323044,
        "totalOtherIncomeExpensesNet": -37575000,
        "incomeBeforeTax": -89014000,
        "incomeBeforeTaxRatio": 1.2750712638,
        "incomeTaxExpense": 0,
        "netIncome": -89014000,
        "netIncomeRatio": 1.2750712638,
        "eps": -0.27,
        "epsdiluted": -0.27,
        "weightedAverageShsOut": 399732263,
        "weightedAverageShsOutDil": 399732263,
        "link": "https://www.sec.gov/Archives/edgar/data/1287032/000128703223000161/0001287032-23-000161-index.htm",
        "finalLink": "https://www.sec.gov/Archives/edgar/data/1287032/000128703223000161/psec-20230331.htm"
    },
    {
        "date": "2022-12-31",
        "symbol": "PBY",
        "reportedCurrency": "USD",
        "cik": "0001287032",
        "fillingDate": "2023-02-08",
        "acceptedDate": "2023-02-08 17:04:05",
        "calendarYear": "2023",
        "period": "Q2",
        "revenue": 229214000,
        "costOfRevenue": 61387000,
        "grossProfit": 212916000,
        "grossProfitRatio": 0.9288961407,
        "researchAndDevelopmentExpenses": 0,
        "generalAndAdministrativeExpenses": 7042000,
        "sellingAndMarketingExpenses": 0,
        "sellingGeneralAndAdministrativeExpenses": 7042000,
        "otherExpenses": 61387000,
        "operatingExpenses": 68429000,
        "costAndExpenses": 68429000,
        "interestIncome": 190876000,
        "interestExpense": 35027000,
        "depreciationAndAmortization": -144487000,
        "ebitda": 0,
        "ebitdaratio": 0,
        "operatingIncome": 144487000,
        "operatingIncomeRatio": 0.6303585296,
        "totalOtherIncomeExpensesNet": -72210000,
        "incomeBeforeTax": 72277000,
        "incomeBeforeTaxRatio": 0.3153254164,
        "incomeTaxExpense": 0,
        "netIncome": 72277000,
        "netIncomeRatio": 0.3153254164,
        "eps": 0.0867,
        "epsdiluted": 0.063,
        "weightedAverageShsOut": 397685022,
        "weightedAverageShsOutDil": 547368400,
        "link": "https://www.sec.gov/Archives/edgar/data/1287032/000128703223000036/0001287032-23-000036-index.htm",
        "finalLink": "https://www.sec.gov/Archives/edgar/data/1287032/000128703223000036/psec-20221231.htm"
    },
    {
        "date": "2022-09-30",
        "symbol": "PBY",
        "reportedCurrency": "USD",
        "cik": "0001287032",
        "fillingDate": "2022-11-09",
        "acceptedDate": "2022-11-09 16:06:22",
        "calendarYear": "2023",
        "period": "Q1",
        "revenue": 179497000,
        "costOfRevenue": 59940000,
        "grossProfit": 119557000,
        "grossProfitRatio": 0.6660668423,
        "researchAndDevelopmentExpenses": 0,
        "generalAndAdministrativeExpenses": 9598000,
        "sellingAndMarketingExpenses": 0,
        "sellingGeneralAndAdministrativeExpenses": 9598000,
        "otherExpenses": 59940000,
        "operatingExpenses": 69538000,
        "costAndExpenses": 238038000,
        "interestIncome": 174318000,
        "interestExpense": 33870000,
        "depreciationAndAmortization": -133136000,
        "ebitda": -949000,
        "ebitdaratio": -0.0052869964,
        "operatingIncome": -58541000,
        "operatingIncomeRatio": -0.3261391555,
        "totalOtherIncomeExpensesNet": -33898000,
        "incomeBeforeTax": -92439000,
        "incomeBeforeTaxRatio": -0.5149891085,
        "incomeTaxExpense": 0,
        "netIncome": -92439000,
        "netIncomeRatio": -0.5149891085,
        "eps": -0.36,
        "epsdiluted": -0.36,
        "weightedAverageShsOut": 389625925,
        "weightedAverageShsOutDil": 394337440,
        "link": "https://www.sec.gov/Archives/edgar/data/1287032/000128703222000375/0001287032-22-000375-index.htm",
        "finalLink": "https://www.sec.gov/Archives/edgar/data/1287032/000128703222000375/psec-20220930.htm"
    },
    {
        "date": "2022-06-30",
        "symbol": "PBY",
        "reportedCurrency": "USD",
        "cik": "0001287032",
        "fillingDate": "2022-09-06",
        "acceptedDate": "2022-09-06 16:03:35",
        "calendarYear": "2022",
        "period": "Q4",
        "revenue": 183521000,
        "costOfRevenue": 58093000,
        "grossProfit": -27412000,
        "grossProfitRatio": -0.1493671024,
        "researchAndDevelopmentExpenses": 0,
        "generalAndAdministrativeExpenses": 6097000,
        "sellingAndMarketingExpenses": 0,
        "sellingGeneralAndAdministrativeExpenses": 6097000,
        "otherExpenses": 58093000,
        "operatingExpenses": 64190000,
        "costAndExpenses": 200505000,
        "interestIncome": 153752000,
        "interestExpense": 30464000,
        "depreciationAndAmortization": -120433000,
        "ebitda": -16984000,
        "ebitdaratio": -0.0925452673,
        "operatingIncome": -16984000,
        "operatingIncomeRatio": -0.0925452673,
        "totalOtherIncomeExpensesNet": -30472000,
        "incomeBeforeTax": -47456000,
        "incomeBeforeTaxRatio": -0.2585862108,
        "incomeTaxExpense": 0,
        "netIncome": -47456000,
        "netIncomeRatio": -0.2585862108,
        "eps": -0.12,
        "epsdiluted": -0.12,
        "weightedAverageShsOut": 472025000,
        "weightedAverageShsOutDil": 472025000,
        "link": "https://www.sec.gov/Archives/edgar/data/1287032/000128703222000278/0001287032-22-000278-index.htm",
        "finalLink": "https://www.sec.gov/Archives/edgar/data/1287032/000128703222000278/psec10-kq42022.htm"
    },
    {
        "date": "2022-03-31",
        "symbol": "PBY",
        "reportedCurrency": "USD",
        "cik": "0001287032",
        "fillingDate": "2022-05-09",
        "acceptedDate": "2022-05-09 17:13:43",
        "calendarYear": "2022",
        "period": "Q3",
        "revenue": 179177000,
        "costOfRevenue": 56393000,
        "grossProfit": -25995000,
        "grossProfitRatio": -0.1450800047,
        "researchAndDevelopmentExpenses": 0,
        "generalAndAdministrativeExpenses": 8798000,
        "sellingAndMarketingExpenses": 0,
        "sellingGeneralAndAdministrativeExpenses": 8798000,
        "otherExpenses": 56393000,
        "operatingExpenses": 65191000,
        "costAndExpenses": -15295000,
        "interestIncome": 142489000,
        "interestExpense": 29235000,
        "depreciationAndAmortization": -116240000,
        "ebitda": 73931000,
        "ebitdaratio": 0.4126143422,
        "operatingIncome": 194472000,
        "operatingIncomeRatio": 1.0853625186,
        "totalOtherIncomeExpensesNet": -30176000,
        "incomeBeforeTax": 164296000,
        "incomeBeforeTaxRatio": 0.9169480458,
        "incomeTaxExpense": 0,
        "netIncome": 164296000,
        "netIncomeRatio": 0.9169480458,
        "eps": 0.89,
        "epsdiluted": 0.85,
        "weightedAverageShsOut": 414002486,
        "weightedAverageShsOutDil": 432808120,
        "link": "https://www.sec.gov/Archives/edgar/data/1287032/000128703222000159/0001287032-22-000159-index.htm",
        "finalLink": "https://www.sec.gov/Archives/edgar/data/1287032/000128703222000159/psec10-qq32022.htm"
    },
    {
        "date": "2021-12-31",
        "symbol": "PBY",
        "reportedCurrency": "USD",
        "cik": "0001287032",
        "fillingDate": "2022-02-08",
        "acceptedDate": "2022-02-08 16:13:31",
        "calendarYear": "2022",
        "period": "Q2",
        "revenue": 166149000,
        "costOfRevenue": 53432000,
        "grossProfit": 67103000,
        "grossProfitRatio": 0.4038724278,
        "researchAndDevelopmentExpenses": 0,
        "generalAndAdministrativeExpenses": 6708000,
        "sellingAndMarketingExpenses": 0,
        "sellingGeneralAndAdministrativeExpenses": 6708000,
        "otherExpenses": 53432000,
        "operatingExpenses": 60140000,
        "costAndExpenses": -120994000,
        "interestIncome": 142173000,
        "interestExpense": 29679000,
        "depreciationAndAmortization": -115236000,
        "ebitda": 287143000,
        "ebitdaratio": 1.7282258696,
        "operatingIncome": 287143000,
        "operatingIncomeRatio": 1.7282258696,
        "totalOtherIncomeExpensesNet": -33530000,
        "incomeBeforeTax": 253613000,
        "incomeBeforeTaxRatio": 1.5264190576,
        "incomeTaxExpense": 0,
        "netIncome": 253613000,
        "netIncomeRatio": 1.5264190576,
        "eps": 0.63,
        "epsdiluted": 0.61,
        "weightedAverageShsOut": 389991324,
        "weightedAverageShsOutDil": 417952347,
        "link": "https://www.sec.gov/Archives/edgar/data/1287032/000128703222000045/0001287032-22-000045-index.htm",
        "finalLink": "https://www.sec.gov/Archives/edgar/data/1287032/000128703222000045/psec10-qq22022.htm"
    },
    {
        "date": "2021-09-30",
        "symbol": "PBY",
        "reportedCurrency": "USD",
        "cik": "0001287032",
        "fillingDate": "2021-11-08",
        "acceptedDate": "2021-11-08 07:01:40",
        "calendarYear": "2022",
        "period": "Q1",
        "revenue": 169474000,
        "costOfRevenue": 0,
        "grossProfit": 169474000,
        "grossProfitRatio": 1,
        "researchAndDevelopmentExpenses": 0,
        "generalAndAdministrativeExpenses": 8124000,
        "sellingAndMarketingExpenses": 0,
        "sellingGeneralAndAdministrativeExpenses": 8124000,
        "otherExpenses": 51943000,
        "operatingExpenses": 60067000,
        "costAndExpenses": 60067000,
        "interestIncome": 146271000,
        "interestExpense": 24818000,
        "depreciationAndAmortization": -109407000,
        "ebitda": 127542000,
        "ebitdaratio": 0.7525756163,
        "operatingIncome": 245526000,
        "operatingIncomeRatio": 1.4487532011,
        "totalOtherIncomeExpensesNet": -33395000,
        "incomeBeforeTax": 212131000,
        "incomeBeforeTaxRatio": 1.251702326,
        "incomeTaxExpense": 0,
        "netIncome": 212131000,
        "netIncomeRatio": 1.251702326,
        "eps": 0.54,
        "epsdiluted": 0.52,
        "weightedAverageShsOut": 388886142,
        "weightedAverageShsOutDil": 409052821,
        "link": "https://www.sec.gov/Archives/edgar/data/1287032/000128703221000518/0001287032-21-000518-index.htm",
        "finalLink": "https://www.sec.gov/Archives/edgar/data/1287032/000128703221000518/psec10-qq12022.htm"
    },
    {
        "date": "2021-06-30",
        "symbol": "PBY",
        "reportedCurrency": "USD",
        "cik": "0001287032",
        "fillingDate": "2021-08-25",
        "acceptedDate": "2021-08-24 17:39:49",
        "calendarYear": "2021",
        "period": "Q4",
        "revenue": 157339000,
        "costOfRevenue": 0,
        "grossProfit": 157339000,
        "grossProfitRatio": 1,
        "researchAndDevelopmentExpenses": 0,
        "generalAndAdministrativeExpenses": 5412000,
        "sellingAndMarketingExpenses": 0,
        "sellingGeneralAndAdministrativeExpenses": 5412000,
        "otherExpenses": 48629000,
        "operatingExpenses": 54041000,
        "costAndExpenses": 54041000,
        "interestIncome": 137654000,
        "interestExpense": 30069000,
        "depreciationAndAmortization": -103298000,
        "ebitda": 278851000,
        "ebitdaratio": 1.7722942182,
        "operatingIncome": 278851000,
        "operatingIncomeRatio": 1.7722942182,
        "totalOtherIncomeExpensesNet": -35165000,
        "incomeBeforeTax": 243686000,
        "incomeBeforeTaxRatio": 1.548795912,
        "incomeTaxExpense": 0,
        "netIncome": 243686000,
        "netIncomeRatio": 1.548795912,
        "eps": 0.63,
        "epsdiluted": 0.63,
        "weightedAverageShsOut": 384795238,
        "weightedAverageShsOutDil": 384795238,
        "link": "https://www.sec.gov/Archives/edgar/data/1287032/000128703221000413/0001287032-21-000413-index.htm",
        "finalLink": "https://www.sec.gov/Archives/edgar/data/1287032/000128703221000413/psec10-kq42021.htm"
    },
    {
        "date": "2021-03-31",
        "symbol": "PBY",
        "reportedCurrency": "USD",
        "cik": "0001287032",
        "fillingDate": "2021-05-10",
        "acceptedDate": "2021-05-10 16:35:35",
        "calendarYear": "2021",
        "period": "Q3",
        "revenue": 160337000,
        "costOfRevenue": 47434000,
        "grossProfit": 112903000,
        "grossProfitRatio": 0.7041606117,
        "researchAndDevelopmentExpenses": 0,
        "generalAndAdministrativeExpenses": 5847000,
        "sellingAndMarketingExpenses": 0,
        "sellingGeneralAndAdministrativeExpenses": 5847000,
        "otherExpenses": 47434000,
        "operatingExpenses": 53281000,
        "costAndExpenses": -131679000,
        "interestIncome": 139583000,
        "interestExpense": 29214000,
        "depreciationAndAmortization": -106175000,
        "ebitda": 169447000,
        "ebitdaratio": 1.0568178275,
        "operatingIncome": 292016000,
        "operatingIncomeRatio": 1.8212639628,
        "totalOtherIncomeExpensesNet": -45608000,
        "incomeBeforeTax": 246408000,
        "incomeBeforeTaxRatio": 1.5368130874,
        "incomeTaxExpense": 0,
        "netIncome": 246408000,
        "netIncomeRatio": 1.5368130874,
        "eps": 0.64,
        "epsdiluted": 0.63,
        "weightedAverageShsOut": 385996921,
        "weightedAverageShsOutDil": 389420855,
        "link": "https://www.sec.gov/Archives/edgar/data/1287032/000128703221000237/0001287032-21-000237-index.htm",
        "finalLink": "https://www.sec.gov/Archives/edgar/data/1287032/000128703221000237/psec10-qq32021.htm"
    },
    {
        "date": "2020-12-31",
        "symbol": "PBY",
        "reportedCurrency": "USD",
        "cik": "0001287032",
        "fillingDate": "2021-02-09",
        "acceptedDate": "2021-02-09 17:01:02",
        "calendarYear": "2021",
        "period": "Q2",
        "revenue": 176019000,
        "costOfRevenue": 48550000,
        "grossProfit": 127469000,
        "grossProfitRatio": 0.7241775036,
        "researchAndDevelopmentExpenses": 0,
        "generalAndAdministrativeExpenses": 8454000,
        "sellingAndMarketingExpenses": 0,
        "sellingGeneralAndAdministrativeExpenses": 8454000,
        "otherExpenses": 48550000,
        "operatingExpenses": 57004000,
        "costAndExpenses": -168769000,
        "interestIncome": 144787000,
        "interestExpense": 30071000,
        "depreciationAndAmortization": -115288000,
        "ebitda": 344788000,
        "ebitdaratio": 1.9588112647,
        "operatingIncome": 344788000,
        "operatingIncomeRatio": 1.9588112647,
        "totalOtherIncomeExpensesNet": -38821000,
        "incomeBeforeTax": 305967000,
        "incomeBeforeTaxRatio": 1.7382612104,
        "incomeTaxExpense": 0,
        "netIncome": 305967000,
        "netIncomeRatio": 1.7382612104,
        "eps": 0.8,
        "epsdiluted": 0.8,
        "weightedAverageShsOut": 381157121,
        "weightedAverageShsOutDil": 381817317,
        "link": "https://www.sec.gov/Archives/edgar/data/1287032/000128703221000073/0001287032-21-000073-index.htm",
        "finalLink": "https://www.sec.gov/Archives/edgar/data/1287032/000128703221000073/psec10-qq22021.htm"
    },
    {
        "date": "2020-09-30",
        "symbol": "PBY",
        "reportedCurrency": "USD",
        "cik": "0001287032",
        "fillingDate": "2020-11-09",
        "acceptedDate": "2020-11-09 16:03:21",
        "calendarYear": "2021",
        "period": "Q1",
        "revenue": 145723000,
        "costOfRevenue": 41236000,
        "grossProfit": 104487000,
        "grossProfitRatio": 0.7170247662,
        "researchAndDevelopmentExpenses": 0,
        "generalAndAdministrativeExpenses": 10050000,
        "sellingAndMarketingExpenses": 0,
        "sellingGeneralAndAdministrativeExpenses": 10050000,
        "otherExpenses": 41236000,
        "operatingExpenses": 51286000,
        "costAndExpenses": -22509000,
        "interestIncome": 132239000,
        "interestExpense": 34049000,
        "depreciationAndAmortization": -91594000,
        "ebitda": -22024000,
        "ebitdaratio": -0.1511360595,
        "operatingIncome": 168232000,
        "operatingIncomeRatio": 1.1544642918,
        "totalOtherIncomeExpensesNet": -486000,
        "incomeBeforeTax": 167746000,
        "incomeBeforeTaxRatio": 1.1511291972,
        "incomeTaxExpense": 0,
        "netIncome": 167746000,
        "netIncomeRatio": 1.1511291972,
        "eps": 0.45,
        "epsdiluted": 0.45,
        "weightedAverageShsOut": 375910891,
        "weightedAverageShsOutDil": 375910891,
        "link": "https://www.sec.gov/Archives/edgar/data/1287032/000128703220000390/0001287032-20-000390-index.htm",
        "finalLink": "https://www.sec.gov/Archives/edgar/data/1287032/000128703220000390/psec10-qq12021.htm"
    },
    {
        "date": "2020-06-30",
        "symbol": "PBY",
        "reportedCurrency": "USD",
        "cik": "0001287032",
        "fillingDate": "2020-08-26",
        "acceptedDate": "2020-08-26 16:11:43",
        "calendarYear": "2020",
        "period": "Q4",
        "revenue": 137918000,
        "costOfRevenue": 42481000,
        "grossProfit": 95437000,
        "grossProfitRatio": 0.6919836425,
        "researchAndDevelopmentExpenses": 0,
        "generalAndAdministrativeExpenses": 7376000,
        "sellingAndMarketingExpenses": 0,
        "sellingGeneralAndAdministrativeExpenses": 7376000,
        "otherExpenses": 44815000,
        "operatingExpenses": 52191000,
        "costAndExpenses": -59515000,
        "interestIncome": 128955000,
        "interestExpense": 34765000,
        "depreciationAndAmortization": -93038000,
        "ebitda": 134521000,
        "ebitdaratio": 0.9753694224,
        "operatingIncome": 197433000,
        "operatingIncomeRatio": 1.4315245291,
        "totalOtherIncomeExpensesNet": -34820000,
        "incomeBeforeTax": 162613000,
        "incomeBeforeTaxRatio": 1.1790556708,
        "incomeTaxExpense": 0,
        "netIncome": 162613000,
        "netIncomeRatio": 1.1790556708,
        "eps": 0.44,
        "epsdiluted": 0.44,
        "weightedAverageShsOut": 369575000,
        "weightedAverageShsOutDil": 369575000,
        "link": "https://www.sec.gov/Archives/edgar/data/1287032/000128703220000290/0001287032-20-000290-index.htm",
        "finalLink": "https://www.sec.gov/Archives/edgar/data/1287032/000128703220000290/psec10-kq42020.htm"
    },
    {
        "date": "2020-03-31",
        "symbol": "PBY",
        "reportedCurrency": "USD",
        "cik": "0001287032",
        "fillingDate": "2020-05-11",
        "acceptedDate": "2020-05-11 16:03:50",
        "calendarYear": "2020",
        "period": "Q3",
        "revenue": 154501000,
        "costOfRevenue": 333152000,
        "grossProfit": -178651000,
        "grossProfitRatio": -1.1563096679,
        "researchAndDevelopmentExpenses": 0,
        "generalAndAdministrativeExpenses": 4635000,
        "sellingAndMarketingExpenses": 0,
        "sellingGeneralAndAdministrativeExpenses": 4635000,
        "otherExpenses": 43744000,
        "operatingExpenses": 48379000,
        "costAndExpenses": 48379000,
        "interestIncome": 138806000,
        "interestExpense": 32437000,
        "depreciationAndAmortization": -106122000,
        "ebitda": -111931000,
        "ebitdaratio": -0.7244678028,
        "operatingIncome": -188495000,
        "operatingIncomeRatio": -1.2200244659,
        "totalOtherIncomeExpensesNet": 2796000,
        "incomeBeforeTax": -185699000,
        "incomeBeforeTaxRatio": -1.2019274956,
        "incomeTaxExpense": 0,
        "netIncome": -185699000,
        "netIncomeRatio": -1.2019274956,
        "eps": -0.51,
        "epsdiluted": -0.51,
        "weightedAverageShsOut": 364115686,
        "weightedAverageShsOutDil": 367685511,
        "link": "https://www.sec.gov/Archives/edgar/data/1287032/000128703220000157/0001287032-20-000157-index.htm",
        "finalLink": "https://www.sec.gov/Archives/edgar/data/1287032/000128703220000157/psec10-qq32020.htm"
    },
    {
        "date": "2019-12-31",
        "symbol": "PBY",
        "reportedCurrency": "USD",
        "cik": "0001287032",
        "fillingDate": "2020-02-10",
        "acceptedDate": "2020-02-10 16:02:12",
        "calendarYear": "2020",
        "period": "Q2",
        "revenue": 161917000,
        "costOfRevenue": 44514000,
        "grossProfit": 119312000,
        "grossProfitRatio": 0.73687136,
        "researchAndDevelopmentExpenses": 0,
        "generalAndAdministrativeExpenses": 12459000,
        "sellingAndMarketingExpenses": 0,
        "sellingGeneralAndAdministrativeExpenses": 12459000,
        "otherExpenses": 44514000,
        "operatingExpenses": 56973000,
        "costAndExpenses": 56973000,
        "interestIncome": 140659000,
        "interestExpense": 31579000,
        "depreciationAndAmortization": -104944000,
        "ebitda": -47567000,
        "ebitdaratio": -0.2937739706,
        "operatingIncome": 104944000,
        "operatingIncomeRatio": 0.6481345381,
        "totalOtherIncomeExpensesNet": -116147000,
        "incomeBeforeTax": -11203000,
        "incomeBeforeTaxRatio": -0.0691897701,
        "incomeTaxExpense": 0,
        "netIncome": -11203000,
        "netIncomeRatio": -0.0691897701,
        "eps": -0.0305,
        "epsdiluted": -0.0305,
        "weightedAverageShsOut": 367459411,
        "weightedAverageShsOutDil": 367459411,
        "link": "https://www.sec.gov/Archives/edgar/data/1287032/000128703220000043/0001287032-20-000043-index.htm",
        "finalLink": "https://www.sec.gov/Archives/edgar/data/1287032/000128703220000043/psec10-qq22020.htm"
    },
    {
        "date": "2019-09-30",
        "symbol": "PBY",
        "reportedCurrency": "USD",
        "cik": "0001287032",
        "fillingDate": "2019-11-06",
        "acceptedDate": "2019-11-06 16:02:37",
        "calendarYear": "2020",
        "period": "Q1",
        "revenue": 159685000,
        "costOfRevenue": 46228000,
        "grossProfit": 113457000,
        "grossProfitRatio": 0.7105050568,
        "researchAndDevelopmentExpenses": 0,
        "generalAndAdministrativeExpenses": 5697000,
        "sellingAndMarketingExpenses": 0,
        "sellingGeneralAndAdministrativeExpenses": 5697000,
        "otherExpenses": 46228000,
        "operatingExpenses": 51925000,
        "costAndExpenses": 139282000,
        "interestIncome": 145956000,
        "interestExpense": 32703000,
        "depreciationAndAmortization": -109958000,
        "ebitda": -59190000,
        "ebitdaratio": -0.3706672512,
        "operatingIncome": 20403000,
        "operatingIncomeRatio": 0.1277702978,
        "totalOtherIncomeExpensesNet": -2338000,
        "incomeBeforeTax": 18065000,
        "incomeBeforeTaxRatio": 0.1131289727,
        "incomeTaxExpense": 0,
        "netIncome": 18065000,
        "netIncomeRatio": 0.1131289727,
        "eps": 0.05,
        "epsdiluted": 0.05,
        "weightedAverageShsOut": 367238762,
        "weightedAverageShsOutDil": 367238762,
        "link": "https://www.sec.gov/Archives/edgar/data/1287032/000128703219000370/0001287032-19-000370-index.htm",
        "finalLink": "https://www.sec.gov/Archives/edgar/data/1287032/000128703219000370/psec10-qq12020.htm"
    },
    {
        "date": "2019-06-30",
        "symbol": "PBY",
        "reportedCurrency": "USD",
        "cik": "0001287032",
        "fillingDate": "2019-08-27",
        "acceptedDate": "2019-08-27 16:12:28",
        "calendarYear": "2019",
        "period": "Q4",
        "revenue": 165520000,
        "costOfRevenue": 46556000,
        "grossProfit": 118964000,
        "grossProfitRatio": 0.7187288545,
        "researchAndDevelopmentExpenses": 0,
        "generalAndAdministrativeExpenses": 8449000,
        "sellingAndMarketingExpenses": 0,
        "sellingGeneralAndAdministrativeExpenses": 8449000,
        "otherExpenses": 46556000,
        "operatingExpenses": 55005000,
        "costAndExpenses": 85357000,
        "interestIncome": 151604000,
        "interestExpense": 39721000,
        "depreciationAndAmortization": 926219000,
        "ebitda": 371090000,
        "ebitdaratio": 2.2419647173,
        "operatingIncome": 80163000,
        "operatingIncomeRatio": 0.4843100532,
        "totalOtherIncomeExpensesNet": -41277000,
        "incomeBeforeTax": 38886000,
        "incomeBeforeTaxRatio": 0.2349323345,
        "incomeTaxExpense": 0,
        "netIncome": 38886000,
        "netIncomeRatio": 0.2349323345,
        "eps": 0.11,
        "epsdiluted": 0.11,
        "weightedAverageShsOut": 353509090,
        "weightedAverageShsOutDil": 353509091,
        "link": "https://www.sec.gov/Archives/edgar/data/1287032/000128703219000284/0001287032-19-000284-index.htm",
        "finalLink": "https://www.sec.gov/Archives/edgar/data/1287032/000128703219000284/psec10-kq42019.htm"
    },
    {
        "date": "2019-03-31",
        "symbol": "PBY",
        "reportedCurrency": "USD",
        "cik": "0001287032",
        "fillingDate": "2019-05-08",
        "acceptedDate": "2019-05-08 16:02:45",
        "calendarYear": "2019",
        "period": "Q3",
        "revenue": 180592000,
        "costOfRevenue": 48855000,
        "grossProfit": 131737000,
        "grossProfitRatio": 0.7294730664,
        "researchAndDevelopmentExpenses": 0,
        "generalAndAdministrativeExpenses": 6046000,
        "sellingAndMarketingExpenses": 0,
        "sellingGeneralAndAdministrativeExpenses": 6046000,
        "otherExpenses": 48855000,
        "operatingExpenses": 54901000,
        "costAndExpenses": 88417000,
        "interestIncome": 155076000,
        "interestExpense": 38946000,
        "depreciationAndAmortization": -116208000,
        "ebitda": -1857000,
        "ebitdaratio": -0.0102828475,
        "operatingIncome": 92175000,
        "operatingIncomeRatio": 0.5104046691,
        "totalOtherIncomeExpensesNet": -2980000,
        "incomeBeforeTax": 89195000,
        "incomeBeforeTaxRatio": 0.4939033844,
        "incomeTaxExpense": 0,
        "netIncome": 89195000,
        "netIncomeRatio": 0.4939033844,
        "eps": 0.24,
        "epsdiluted": 0.24,
        "weightedAverageShsOut": 366590492,
        "weightedAverageShsOutDil": 366590492,
        "link": "https://www.sec.gov/Archives/edgar/data/1287032/000128703219000148/0001287032-19-000148-index.htm",
        "finalLink": "https://www.sec.gov/Archives/edgar/data/1287032/000128703219000148/psec10-qq32019.htm"
    },
    {
        "date": "2018-12-31",
        "symbol": "PBY",
        "reportedCurrency": "USD",
        "cik": "0001287032",
        "fillingDate": "2019-02-06",
        "acceptedDate": "2019-02-06 16:24:59",
        "calendarYear": "2019",
        "period": "Q2",
        "revenue": 187883000,
        "costOfRevenue": 241749000,
        "grossProfit": -53866000,
        "grossProfitRatio": -0.2866997014,
        "researchAndDevelopmentExpenses": 0,
        "generalAndAdministrativeExpenses": 13026000,
        "sellingAndMarketingExpenses": 0,
        "sellingGeneralAndAdministrativeExpenses": 13026000,
        "otherExpenses": 53390000,
        "operatingExpenses": 66416000,
        "costAndExpenses": 66416000,
        "interestIncome": 157994000,
        "interestExpense": 40656000,
        "depreciationAndAmortization": -121467000,
        "ebitda": -66892000,
        "ebitdaratio": -0.3560300826,
        "operatingIncome": 121467000,
        "operatingIncomeRatio": 0.646503409,
        "totalOtherIncomeExpensesNet": -188856000,
        "incomeBeforeTax": -67389000,
        "incomeBeforeTaxRatio": -0.3586753458,
        "incomeTaxExpense": 0,
        "netIncome": -67389000,
        "netIncomeRatio": -0.3586753458,
        "eps": -0.18,
        "epsdiluted": -0.18,
        "weightedAverageShsOut": 365591722,
        "weightedAverageShsOutDil": 365591722,
        "link": "https://www.sec.gov/Archives/edgar/data/1287032/000128703219000039/0001287032-19-000039-index.htm",
        "finalLink": "https://www.sec.gov/Archives/edgar/data/1287032/000128703219000039/psec10-qq22019.htm"
    },
    {
        "date": "2018-09-30",
        "symbol": "PBY",
        "reportedCurrency": "USD",
        "cik": "0001287032",
        "fillingDate": "2018-11-06",
        "acceptedDate": "2018-11-06 17:04:36",
        "calendarYear": "2019",
        "period": "Q1",
        "revenue": 181463000,
        "costOfRevenue": 51247000,
        "grossProfit": 130216000,
        "grossProfitRatio": 0.7175898117,
        "researchAndDevelopmentExpenses": 0,
        "generalAndAdministrativeExpenses": 6108000,
        "sellingAndMarketingExpenses": 0,
        "sellingGeneralAndAdministrativeExpenses": 6108000,
        "otherExpenses": 51247000,
        "operatingExpenses": 57355000,
        "costAndExpenses": 94214000,
        "interestIncome": 159442000,
        "interestExpense": 37908000,
        "depreciationAndAmortization": -123067000,
        "ebitda": -623000,
        "ebitdaratio": -0.0034332068,
        "operatingIncome": 87249000,
        "operatingIncomeRatio": 0.4808087599,
        "totalOtherIncomeExpensesNet": -3454000,
        "incomeBeforeTax": 83795000,
        "incomeBeforeTaxRatio": 0.4617745766,
        "incomeTaxExpense": 0,
        "netIncome": 83795000,
        "netIncomeRatio": 0.4617745766,
        "eps": 0.23,
        "epsdiluted": 0.23,
        "weightedAverageShsOut": 364783137,
        "weightedAverageShsOutDil": 364783137,
        "link": "https://www.sec.gov/Archives/edgar/data/1287032/000128703218000438/0001287032-18-000438-index.htm",
        "finalLink": "https://www.sec.gov/Archives/edgar/data/1287032/000128703218000438/psec10-qq12019.htm"
    },
    {
        "date": "2018-06-30",
        "symbol": "PBY",
        "reportedCurrency": "USD",
        "cik": "0001287032",
        "fillingDate": "2018-08-28",
        "acceptedDate": "2018-08-28 16:23:18",
        "calendarYear": "2018",
        "period": "Q4",
        "revenue": 174031000,
        "costOfRevenue": 0,
        "grossProfit": 174031000,
        "grossProfitRatio": 1,
        "researchAndDevelopmentExpenses": 0,
        "generalAndAdministrativeExpenses": 8447000,
        "sellingAndMarketingExpenses": 0,
        "sellingGeneralAndAdministrativeExpenses": 8447000,
        "otherExpenses": 47563000,
        "operatingExpenses": 56010000,
        "costAndExpenses": 56010000,
        "interestIncome": 159683000,
        "interestExpense": 37178000,
        "depreciationAndAmortization": 9309000,
        "ebitda": 120452000,
        "ebitdaratio": 0.6921295631,
        "operatingIncome": 120452000,
        "operatingIncomeRatio": 0.6921295631,
        "totalOtherIncomeExpensesNet": -6148000,
        "incomeBeforeTax": 114304000,
        "incomeBeforeTaxRatio": 0.6568025237,
        "incomeTaxExpense": -35139000,
        "netIncome": 114304000,
        "netIncomeRatio": 0.6568025237,
        "eps": 0.31,
        "epsdiluted": 0.31,
        "weightedAverageShsOut": 363439789,
        "weightedAverageShsOutDil": 368722581,
        "link": "https://www.sec.gov/Archives/edgar/data/1287032/000128703218000316/0001287032-18-000316-index.htm",
        "finalLink": "https://www.sec.gov/Archives/edgar/data/1287032/000128703218000316/psec10-kq42018.htm"
    },
    {
        "date": "2018-03-31",
        "symbol": "PBY",
        "reportedCurrency": "USD",
        "cik": "0001287032",
        "fillingDate": "2018-05-09",
        "acceptedDate": "2018-05-09 16:04:01",
        "calendarYear": "2018",
        "period": "Q3",
        "revenue": 148617000,
        "costOfRevenue": 50075000,
        "grossProfit": 98542000,
        "grossProfitRatio": 0.6630600806,
        "researchAndDevelopmentExpenses": 0,
        "generalAndAdministrativeExpenses": 8030000,
        "sellingAndMarketingExpenses": 0,
        "sellingGeneralAndAdministrativeExpenses": 8030000,
        "otherExpenses": 46880000,
        "operatingExpenses": 54910000,
        "costAndExpenses": 96245000,
        "interestIncome": 145862000,
        "interestExpense": 37479000,
        "depreciationAndAmortization": -58888000,
        "ebitda": 52372000,
        "ebitdaratio": 0.3523957555,
        "operatingIncome": 52372000,
        "operatingIncomeRatio": 0.3523957555,
        "totalOtherIncomeExpensesNet": -513000,
        "incomeBeforeTax": 51859000,
        "incomeBeforeTaxRatio": 0.3489439297,
        "incomeTaxExpense": -8543000,
        "netIncome": 51859000,
        "netIncomeRatio": 0.3489439297,
        "eps": 0.14,
        "epsdiluted": 0.14,
        "weightedAverageShsOut": 361759954,
        "weightedAverageShsOutDil": 361759954,
        "link": "https://www.sec.gov/Archives/edgar/data/1287032/000128703218000137/0001287032-18-000137-index.htm",
        "finalLink": "https://www.sec.gov/Archives/edgar/data/1287032/000128703218000137/psec10-qq32018.htm"
    },
    {
        "date": "2017-12-31",
        "symbol": "PBY",
        "reportedCurrency": "USD",
        "cik": "0001287032",
        "fillingDate": "2018-02-07",
        "acceptedDate": "2018-02-07 17:21:03",
        "calendarYear": "2018",
        "period": "Q2",
        "revenue": 124218000,
        "costOfRevenue": 0,
        "grossProfit": 124218000,
        "grossProfitRatio": 1,
        "researchAndDevelopmentExpenses": 0,
        "generalAndAdministrativeExpenses": 2004000,
        "sellingAndMarketingExpenses": 0,
        "sellingGeneralAndAdministrativeExpenses": 2004000,
        "otherExpenses": 87204000,
        "operatingExpenses": 89208000,
        "costAndExpenses": 2491000,
        "interestIncome": 153382000,
        "interestExpense": 39347000,
        "depreciationAndAmortization": 163565000,
        "ebitda": 373174000,
        "ebitdaratio": 3.0041861888,
        "operatingIncome": 122214000,
        "operatingIncomeRatio": 0.9838670724,
        "totalOtherIncomeExpensesNet": -487000,
        "incomeBeforeTax": 121727000,
        "incomeBeforeTaxRatio": 0.9799465456,
        "incomeTaxExpense": -2491000,
        "netIncome": 121727000,
        "netIncomeRatio": 0.9799465456,
        "eps": 0.34,
        "epsdiluted": 0.34,
        "weightedAverageShsOut": 360473705,
        "weightedAverageShsOutDil": 360473705,
        "link": "https://www.sec.gov/Archives/edgar/data/1287032/000128703218000047/0001287032-18-000047-index.htm",
        "finalLink": "https://www.sec.gov/Archives/edgar/data/1287032/000128703218000047/psec10-qq22018.htm"
    },
    {
        "date": "2017-09-30",
        "symbol": "PBY",
        "reportedCurrency": "USD",
        "cik": "0001287032",
        "fillingDate": "2017-11-08",
        "acceptedDate": "2017-11-08 16:35:22",
        "calendarYear": "2018",
        "period": "Q1",
        "revenue": 20134000,
        "costOfRevenue": 0,
        "grossProfit": 158579000,
        "grossProfitRatio": 7.8761795967,
        "researchAndDevelopmentExpenses": 0,
        "generalAndAdministrativeExpenses": 7716000,
        "sellingAndMarketingExpenses": 0,
        "sellingGeneralAndAdministrativeExpenses": 7716000,
        "otherExpenses": 445000,
        "operatingExpenses": 8161000,
        "costAndExpenses": 8161000,
        "interestIncome": 148085000,
        "interestExpense": 41035000,
        "depreciationAndAmortization": 61169000,
        "ebitda": 21383000,
        "ebitdaratio": 1.0620343697,
        "operatingIncome": 12418000,
        "operatingIncomeRatio": 0.6167676567,
        "totalOtherIncomeExpensesNet": -445000,
        "incomeBeforeTax": 11973000,
        "incomeBeforeTaxRatio": 0.5946657395,
        "incomeTaxExpense": -8161000,
        "netIncome": 11973000,
        "netIncomeRatio": 0.5946657395,
        "eps": 0.03,
        "epsdiluted": 0.03,
        "weightedAverageShsOut": 360171834,
        "weightedAverageShsOutDil": 360171834,
        "link": "https://www.sec.gov/Archives/edgar/data/1287032/000128703217000320/0001287032-17-000320-index.htm",
        "finalLink": "https://www.sec.gov/Archives/edgar/data/1287032/000128703217000320/psec10-qq12018.htm"
    },
    {
        "date": "2017-06-30",
        "symbol": "PBY",
        "reportedCurrency": "USD",
        "cik": "0001287032",
        "fillingDate": "2017-08-28",
        "acceptedDate": "2017-08-28 16:04:02",
        "calendarYear": "2017",
        "period": "Q4",
        "revenue": 69586000,
        "costOfRevenue": 0,
        "grossProfit": 66065000,
        "grossProfitRatio": 0.9494007415,
        "researchAndDevelopmentExpenses": 0,
        "generalAndAdministrativeExpenses": 8091000,
        "sellingAndMarketingExpenses": 0,
        "sellingGeneralAndAdministrativeExpenses": 8091000,
        "otherExpenses": 45273000,
        "operatingExpenses": 53364000,
        "costAndExpenses": 11612000,
        "interestIncome": 160565000,
        "interestExpense": 40867000,
        "depreciationAndAmortization": -3732000,
        "ebitda": 297880000,
        "ebitdaratio": 4.2807461271,
        "operatingIncome": 57974000,
        "operatingIncomeRatio": 0.8331273532,
        "totalOtherIncomeExpensesNet": -6806000,
        "incomeBeforeTax": 51168000,
        "incomeBeforeTaxRatio": 0.7353203231,
        "incomeTaxExpense": -36657000,
        "netIncome": 51168000,
        "netIncomeRatio": 0.7353203231,
        "eps": 0.14,
        "epsdiluted": 0.14,
        "weightedAverageShsOut": 359962580,
        "weightedAverageShsOutDil": 365485714,
        "link": "https://www.sec.gov/Archives/edgar/data/1287032/000128703217000232/0001287032-17-000232-index.htm",
        "finalLink": "https://www.sec.gov/Archives/edgar/data/1287032/000128703217000232/psec10-kq42017.htm"
    },
    {
        "date": "2017-03-31",
        "symbol": "PBY",
        "reportedCurrency": "USD",
        "cik": "0001287032",
        "fillingDate": "2017-05-09",
        "acceptedDate": "2017-05-09 16:27:19",
        "calendarYear": "2017",
        "period": "Q3",
        "revenue": 27181000,
        "costOfRevenue": 0,
        "grossProfit": 171032000,
        "grossProfitRatio": 6.2923365586,
        "researchAndDevelopmentExpenses": 0,
        "generalAndAdministrativeExpenses": 7669000,
        "sellingAndMarketingExpenses": 0,
        "sellingGeneralAndAdministrativeExpenses": 7669000,
        "otherExpenses": 20000,
        "operatingExpenses": 7689000,
        "costAndExpenses": 7689000,
        "interestIncome": 161711000,
        "interestExpense": 41464000,
        "depreciationAndAmortization": 68645000,
        "ebitda": 34549000,
        "ebitdaratio": 1.2710717045,
        "operatingIncome": 19512000,
        "operatingIncomeRatio": 0.7178543836,
        "totalOtherIncomeExpensesNet": -20000,
        "incomeBeforeTax": 19492000,
        "incomeBeforeTaxRatio": 0.7171185755,
        "incomeTaxExpense": -7689000,
        "netIncome": 19492000,
        "netIncomeRatio": 0.7171185755,
        "eps": 0.05,
        "epsdiluted": 0.05,
        "weightedAverageShsOut": 359402527,
        "weightedAverageShsOutDil": 359402527,
        "link": "https://www.sec.gov/Archives/edgar/data/1287032/000128703217000134/0001287032-17-000134-index.htm",
        "finalLink": "https://www.sec.gov/Archives/edgar/data/1287032/000128703217000134/psec10-qq32017.htm"
    },
    {
        "date": "2016-12-31",
        "symbol": "PBY",
        "reportedCurrency": "USD",
        "cik": "0001287032",
        "fillingDate": "2017-02-08",
        "acceptedDate": "2017-02-08 16:14:00",
        "calendarYear": "2017",
        "period": "Q2",
        "revenue": 107244000,
        "costOfRevenue": 0,
        "grossProfit": 183480000,
        "grossProfitRatio": 1.7108649435,
        "researchAndDevelopmentExpenses": 0,
        "generalAndAdministrativeExpenses": 6240000,
        "sellingAndMarketingExpenses": 0,
        "sellingGeneralAndAdministrativeExpenses": 6240000,
        "otherExpenses": 124000,
        "operatingExpenses": 6364000,
        "costAndExpenses": 6364000,
        "interestIncome": 174791000,
        "interestExpense": 40848000,
        "depreciationAndAmortization": 148092000,
        "ebitda": 265447000,
        "ebitdaratio": 2.475168774,
        "operatingIncome": 101004000,
        "operatingIncomeRatio": 0.9418149267,
        "totalOtherIncomeExpensesNet": -124000,
        "incomeBeforeTax": 100880000,
        "incomeBeforeTaxRatio": 0.9406586849,
        "incomeTaxExpense": -6364000,
        "netIncome": 100880000,
        "netIncomeRatio": 0.9406586849,
        "eps": 0.28,
        "epsdiluted": 0.28,
        "weightedAverageShsOut": 358494783,
        "weightedAverageShsOutDil": 358494783,
        "link": "https://www.sec.gov/Archives/edgar/data/1287032/000128703217000039/0001287032-17-000039-index.htm",
        "finalLink": "https://www.sec.gov/Archives/edgar/data/1287032/000128703217000039/psec10-qq22017.htm"
    },
    {
        "date": "2016-09-30",
        "symbol": "PBY",
        "reportedCurrency": "USD",
        "cik": "0001287032",
        "fillingDate": "2016-11-08",
        "acceptedDate": "2016-11-08 17:01:43",
        "calendarYear": "2017",
        "period": "Q1",
        "revenue": 90149000,
        "costOfRevenue": 0,
        "grossProfit": 179832000,
        "grossProfitRatio": 1.9948307802,
        "researchAndDevelopmentExpenses": 0,
        "generalAndAdministrativeExpenses": 8722000,
        "sellingAndMarketingExpenses": 0,
        "sellingGeneralAndAdministrativeExpenses": 8722000,
        "otherExpenses": 61000,
        "operatingExpenses": 8783000,
        "costAndExpenses": 8783000,
        "interestIncome": 171650000,
        "interestExpense": 41669000,
        "depreciationAndAmortization": 131818000,
        "ebitda": 215631000,
        "ebitdaratio": 2.3919400104,
        "operatingIncome": 81401000,
        "operatingIncomeRatio": 0.902960654,
        "totalOtherIncomeExpensesNet": -35000,
        "incomeBeforeTax": 81366000,
        "incomeBeforeTaxRatio": 0.9025724079,
        "incomeTaxExpense": -8783000,
        "netIncome": 81366000,
        "netIncomeRatio": 0.9025724079,
        "eps": 0.23,
        "epsdiluted": 0.23,
        "weightedAverageShsOut": 357528594,
        "weightedAverageShsOutDil": 360171834,
        "link": "https://www.sec.gov/Archives/edgar/data/1287032/000128703216000693/0001287032-16-000693-index.htm",
        "finalLink": "https://www.sec.gov/Archives/edgar/data/1287032/000128703216000693/psec10-qq12017.htm"
    },
    {
        "date": "2016-06-30",
        "symbol": "PBY",
        "reportedCurrency": "USD",
        "cik": "0001287032",
        "fillingDate": "2016-08-29",
        "acceptedDate": "2016-08-29 17:04:22",
        "calendarYear": "2016",
        "period": "Q4",
        "revenue": 121887000,
        "costOfRevenue": 53653000,
        "grossProfit": 133205000,
        "grossProfitRatio": 1.0928564982,
        "researchAndDevelopmentExpenses": 0,
        "generalAndAdministrativeExpenses": 5585000,
        "sellingAndMarketingExpenses": 0,
        "sellingGeneralAndAdministrativeExpenses": 5585000,
        "otherExpenses": 53653000,
        "operatingExpenses": 59238000,
        "costAndExpenses": 26730000,
        "interestIncome": 174820000,
        "interestExpense": 20978000,
        "depreciationAndAmortization": 502605000,
        "ebitda": 142419000,
        "ebitdaratio": 1.1684511064,
        "operatingIncome": 136685000,
        "operatingIncomeRatio": 1.1214075332,
        "totalOtherIncomeExpensesNet": -41528000,
        "incomeBeforeTax": 95157000,
        "incomeBeforeTaxRatio": 0.7806985158,
        "incomeTaxExpense": -26730000,
        "netIncome": 95157000,
        "netIncomeRatio": 0.7806985158,
        "eps": 0.27,
        "epsdiluted": 0.27,
        "weightedAverageShsOut": 356134297,
        "weightedAverageShsOutDil": 356134297,
        "link": "https://www.sec.gov/Archives/edgar/data/1287032/000128703216000596/0001287032-16-000596-index.htm",
        "finalLink": "https://www.sec.gov/Archives/edgar/data/1287032/000128703216000596/psec10-kq42016.htm"
    },
    {
        "date": "2016-03-31",
        "symbol": "PBY",
        "reportedCurrency": "USD",
        "cik": "0001287032",
        "fillingDate": "2016-05-10",
        "acceptedDate": "2016-05-10 16:08:00",
        "calendarYear": "2016",
        "period": "Q3",
        "revenue": 82796000,
        "costOfRevenue": 0,
        "grossProfit": 82796000,
        "grossProfitRatio": 1,
        "researchAndDevelopmentExpenses": 0,
        "generalAndAdministrativeExpenses": 6865000,
        "sellingAndMarketingExpenses": 0,
        "sellingGeneralAndAdministrativeExpenses": 6865000,
        "otherExpenses": 52883000,
        "operatingExpenses": 59748000,
        "costAndExpenses": 7288000,
        "interestIncome": 178992000,
        "interestExpense": 41719000,
        "depreciationAndAmortization": 124515000,
        "ebitda": 187905000,
        "ebitdaratio": 2.2694936953,
        "operatingIncome": 129745000,
        "operatingIncomeRatio": 1.5670443017,
        "totalOtherIncomeExpensesNet": -53837000,
        "incomeBeforeTax": 75908000,
        "incomeBeforeTaxRatio": 0.9168075752,
        "incomeTaxExpense": 400000,
        "netIncome": 75508000,
        "netIncomeRatio": 0.911976424,
        "eps": 0.21,
        "epsdiluted": 0.21,
        "weightedAverageShsOut": 355779088,
        "weightedAverageShsOutDil": 355779088,
        "link": "https://www.sec.gov/Archives/edgar/data/1287032/000128703216000493/0001287032-16-000493-index.htm",
        "finalLink": "https://www.sec.gov/Archives/edgar/data/1287032/000128703216000493/psec10-qq32016.htm"
    },
    {
        "date": "2015-12-31",
        "symbol": "PBY",
        "reportedCurrency": "USD",
        "cik": "0001287032",
        "fillingDate": "2016-02-09",
        "acceptedDate": "2016-02-09 16:39:59",
        "calendarYear": "2016",
        "period": "Q2",
        "revenue": 209191000,
        "costOfRevenue": 295175000,
        "grossProfit": -85984000,
        "grossProfitRatio": -0.4110310673,
        "researchAndDevelopmentExpenses": 0,
        "generalAndAdministrativeExpenses": 7788000,
        "sellingAndMarketingExpenses": 0,
        "sellingGeneralAndAdministrativeExpenses": 7788000,
        "otherExpenses": -93772000,
        "operatingExpenses": -85984000,
        "costAndExpenses": 9136000,
        "interestIncome": 186503000,
        "interestExpense": 42205000,
        "depreciationAndAmortization": -43779000,
        "ebitda": 103361000,
        "ebitdaratio": 0.4940986945,
        "operatingIncome": 143098000,
        "operatingIncomeRatio": 0.6840542853,
        "totalOtherIncomeExpensesNet": -238218000,
        "incomeBeforeTax": -95120000,
        "incomeBeforeTaxRatio": -0.4547040743,
        "incomeTaxExpense": -9136000,
        "netIncome": -95120000,
        "netIncomeRatio": -0.4547040743,
        "eps": -0.27,
        "epsdiluted": -0.27,
        "weightedAverageShsOut": 355241104,
        "weightedAverageShsOutDil": 355241104,
        "link": "https://www.sec.gov/Archives/edgar/data/1287032/000128703216000417/0001287032-16-000417-index.htm",
        "finalLink": "https://www.sec.gov/Archives/edgar/data/1287032/000128703216000417/psec10-qq22016.htm"
    },
    {
        "date": "2015-09-30",
        "symbol": "PBY",
        "reportedCurrency": "USD",
        "cik": "0001287032",
        "fillingDate": "2015-11-04",
        "acceptedDate": "2015-11-04 16:23:07",
        "calendarYear": "2016",
        "period": "Q1",
        "revenue": 39120000,
        "costOfRevenue": 0,
        "grossProfit": 39120000,
        "grossProfitRatio": 1,
        "researchAndDevelopmentExpenses": 0,
        "generalAndAdministrativeExpenses": 11288000,
        "sellingAndMarketingExpenses": 0,
        "sellingGeneralAndAdministrativeExpenses": 11288000,
        "otherExpenses": 55764000,
        "operatingExpenses": 67052000,
        "costAndExpenses": 11303000,
        "interestIncome": 191303000,
        "interestExpense": 41957000,
        "depreciationAndAmortization": 81077000,
        "ebitda": 45469000,
        "ebitdaratio": 1.162295501,
        "operatingIncome": 133199000,
        "operatingIncomeRatio": 3.4048824131,
        "totalOtherIncomeExpensesNet": -105382000,
        "incomeBeforeTax": 27817000,
        "incomeBeforeTaxRatio": 0.7110685072,
        "incomeTaxExpense": -11303000,
        "netIncome": 27817000,
        "netIncomeRatio": 0.7110685072,
        "eps": 0.08,
        "epsdiluted": 0.08,
        "weightedAverageShsOut": 356962242,
        "weightedAverageShsOutDil": 356962242,
        "link": "https://www.sec.gov/Archives/edgar/data/1287032/000128703215000322/0001287032-15-000322-index.htm",
        "finalLink": "https://www.sec.gov/Archives/edgar/data/1287032/000128703215000322/psec10-qq12016.htm"
    },
    {
        "date": "2015-06-30",
        "symbol": "PBY",
        "reportedCurrency": "USD",
        "cik": "0001287032",
        "fillingDate": "2015-08-26",
        "acceptedDate": "2015-08-26 16:42:47",
        "calendarYear": "2015",
        "period": "Q4",
        "revenue": 107436000,
        "costOfRevenue": 0,
        "grossProfit": 107436000,
        "grossProfitRatio": 1,
        "researchAndDevelopmentExpenses": 0,
        "generalAndAdministrativeExpenses": 8408000,
        "sellingAndMarketingExpenses": 0,
        "sellingGeneralAndAdministrativeExpenses": 8408000,
        "otherExpenses": 56092000,
        "operatingExpenses": 64500000,
        "costAndExpenses": 13003000,
        "interestIncome": 191027000,
        "interestExpense": 43289000,
        "depreciationAndAmortization": 150725000,
        "ebitda": 100292000,
        "ebitdaratio": 0.9335045981,
        "operatingIncome": 134330000,
        "operatingIncomeRatio": 1.2503257753,
        "totalOtherIncomeExpensesNet": -38038000,
        "incomeBeforeTax": 96292000,
        "incomeBeforeTaxRatio": 0.89627313,
        "incomeTaxExpense": 1523000,
        "netIncome": 94769000,
        "netIncomeRatio": 0.8820972486,
        "eps": 0.27,
        "epsdiluted": 0.27,
        "weightedAverageShsOut": 353648522,
        "weightedAverageShsOutDil": 353648522,
        "link": "https://www.sec.gov/Archives/edgar/data/1287032/000128703215000229/0001287032-15-000229-index.htm",
        "finalLink": "https://www.sec.gov/Archives/edgar/data/1287032/000128703215000229/psec10-kq42015.htm"
    },
    {
        "date": "2015-03-31",
        "symbol": "PBY",
        "reportedCurrency": "USD",
        "cik": "0001287032",
        "fillingDate": "2015-05-06",
        "acceptedDate": "2015-05-06 16:04:45",
        "calendarYear": "2015",
        "period": "Q3",
        "revenue": 88527000,
        "costOfRevenue": 0,
        "grossProfit": 88527000,
        "grossProfitRatio": 1,
        "researchAndDevelopmentExpenses": 0,
        "generalAndAdministrativeExpenses": 6950000,
        "sellingAndMarketingExpenses": 0,
        "sellingGeneralAndAdministrativeExpenses": 6950000,
        "otherExpenses": 85000,
        "operatingExpenses": 7035000,
        "costAndExpenses": 7035000,
        "interestIncome": 184993000,
        "interestExpense": 42213000,
        "depreciationAndAmortization": 130740000,
        "ebitda": 335937000,
        "ebitdaratio": 3.7947405876,
        "operatingIncome": 128861000,
        "operatingIncomeRatio": 1.455612412,
        "totalOtherIncomeExpensesNet": -48162000,
        "incomeBeforeTax": 80699000,
        "incomeBeforeTaxRatio": 0.9115749997,
        "incomeTaxExpense": -7371000,
        "netIncome": 81492000,
        "netIncomeRatio": 0.9205327188,
        "eps": 0.23,
        "epsdiluted": 0.23,
        "weightedAverageShsOut": 358449304,
        "weightedAverageShsOutDil": 358449304,
        "link": "https://www.sec.gov/Archives/edgar/data/1287032/000128703215000127/0001287032-15-000127-index.htm",
        "finalLink": "https://www.sec.gov/Archives/edgar/data/1287032/000128703215000127/psec10-qq32015.htm"
    },
    {
        "date": "2014-12-31",
        "symbol": "PBY",
        "reportedCurrency": "USD",
        "cik": "0001287032",
        "fillingDate": "2015-02-04",
        "acceptedDate": "2015-02-04 16:04:49",
        "calendarYear": "2015",
        "period": "Q2",
        "revenue": 94419000,
        "costOfRevenue": 0,
        "grossProfit": 94419000,
        "grossProfitRatio": 1,
        "researchAndDevelopmentExpenses": 0,
        "generalAndAdministrativeExpenses": 6674000,
        "sellingAndMarketingExpenses": 0,
        "sellingGeneralAndAdministrativeExpenses": 6674000,
        "otherExpenses": 1775000,
        "operatingExpenses": 8449000,
        "costAndExpenses": 8449000,
        "interestIncome": 188814000,
        "interestExpense": 42244000,
        "depreciationAndAmortization": 136663000,
        "ebitda": 217278000,
        "ebitdaratio": 2.3012105614,
        "operatingIncome": 135344000,
        "operatingIncomeRatio": 1.4334403033,
        "totalOtherIncomeExpensesNet": -47599000,
        "incomeBeforeTax": 87745000,
        "incomeBeforeTaxRatio": 0.9293150743,
        "incomeTaxExpense": 1775000,
        "netIncome": 85970000,
        "netIncomeRatio": 0.9105158919,
        "eps": 0.24,
        "epsdiluted": 0.24,
        "weightedAverageShsOut": 354100179,
        "weightedAverageShsOutDil": 354100179,
        "link": "https://www.sec.gov/Archives/edgar/data/1287032/000128703215000032/0001287032-15-000032-index.htm",
        "finalLink": "https://www.sec.gov/Archives/edgar/data/1287032/000128703215000032/psec10-qq22015.htm"
    },
    {
        "date": "2014-09-30",
        "symbol": "PBY",
        "reportedCurrency": "USD",
        "cik": "0001287032",
        "fillingDate": "2014-11-06",
        "acceptedDate": "2014-11-06 16:26:02",
        "calendarYear": "2015",
        "period": "Q1",
        "revenue": 91971000,
        "costOfRevenue": 0,
        "grossProfit": 91971000,
        "grossProfitRatio": 1,
        "researchAndDevelopmentExpenses": 0,
        "generalAndAdministrativeExpenses": 7863000,
        "sellingAndMarketingExpenses": 0,
        "sellingGeneralAndAdministrativeExpenses": 7863000,
        "otherExpenses": 0,
        "operatingExpenses": 7863000,
        "costAndExpenses": 7863000,
        "interestIncome": 184140000,
        "interestExpense": 42914000,
        "depreciationAndAmortization": 134885000,
        "ebitda": 208638000,
        "ebitdaratio": 2.2685194246,
        "operatingIncome": 137377000,
        "operatingIncomeRatio": 1.4936991008,
        "totalOtherIncomeExpensesNet": -53269000,
        "incomeBeforeTax": 84108000,
        "incomeBeforeTaxRatio": 0.9145056594,
        "incomeTaxExpense": -8199000,
        "netIncome": 84108000,
        "netIncomeRatio": 0.9145056594,
        "eps": 0.24,
        "epsdiluted": 0.24,
        "weightedAverageShsOut": 343359061,
        "weightedAverageShsOutDil": 343359061,
        "link": "https://www.sec.gov/Archives/edgar/data/1287032/000128703214000176/0001287032-14-000176-index.htm",
        "finalLink": "https://www.sec.gov/Archives/edgar/data/1287032/000128703214000176/psec10-qq12015.htm"
    },
    {
        "date": "2014-06-30",
        "symbol": "PBY",
        "reportedCurrency": "USD",
        "cik": "0001287032",
        "fillingDate": "2014-08-25",
        "acceptedDate": "2014-08-25 16:59:21",
        "calendarYear": "2014",
        "period": "Q4",
        "revenue": 75458000,
        "costOfRevenue": 0,
        "grossProfit": 75458000,
        "grossProfitRatio": 1,
        "researchAndDevelopmentExpenses": 0,
        "generalAndAdministrativeExpenses": 11001000,
        "sellingAndMarketingExpenses": 0,
        "sellingGeneralAndAdministrativeExpenses": 11001000,
        "otherExpenses": -7200000,
        "operatingExpenses": 3801000,
        "costAndExpenses": 3801000,
        "interestIncome": 171841000,
        "interestExpense": 41693000,
        "depreciationAndAmortization": 117151000,
        "ebitda": 332401000,
        "ebitdaratio": 4.405112778,
        "operatingIncome": -3801000,
        "operatingIncomeRatio": -0.0503723926,
        "totalOtherIncomeExpensesNet": 0,
        "incomeBeforeTax": 71657000,
        "incomeBeforeTaxRatio": 0.9496276074,
        "incomeTaxExpense": -3801000,
        "netIncome": 71657000,
        "netIncomeRatio": 0.9496276074,
        "eps": 0.21,
        "epsdiluted": 0.21,
        "weightedAverageShsOut": 340286421,
        "weightedAverageShsOutDil": 341223810,
        "link": "https://www.sec.gov/Archives/edgar/data/1287032/000128703214000128/0001287032-14-000128-index.htm",
        "finalLink": "https://www.sec.gov/Archives/edgar/data/1287032/000128703214000128/psec201410-k.htm"
    },
    {
        "date": "2014-03-31",
        "symbol": "PBY",
        "reportedCurrency": "USD",
        "cik": "0001287032",
        "fillingDate": "2014-05-06",
        "acceptedDate": "2014-05-06 16:38:29",
        "calendarYear": "2014",
        "period": "Q3",
        "revenue": 88818000,
        "costOfRevenue": 0,
        "grossProfit": 88818000,
        "grossProfitRatio": 1,
        "researchAndDevelopmentExpenses": 0,
        "generalAndAdministrativeExpenses": 5717000,
        "sellingAndMarketingExpenses": 0,
        "sellingGeneralAndAdministrativeExpenses": 5717000,
        "otherExpenses": 1000000,
        "operatingExpenses": 6717000,
        "costAndExpenses": 6717000,
        "interestIncome": 156376000,
        "interestExpense": 31747000,
        "depreciationAndAmortization": 120565000,
        "ebitda": 186244000,
        "ebitdaratio": 2.0969172915,
        "operatingIncome": -6717000,
        "operatingIncomeRatio": -0.0756265622,
        "totalOtherIncomeExpensesNet": 0,
        "incomeBeforeTax": 82101000,
        "incomeBeforeTaxRatio": 0.9243734378,
        "incomeTaxExpense": -6717000,
        "netIncome": 82101000,
        "netIncomeRatio": 0.9243734378,
        "eps": 0.26,
        "epsdiluted": 0.26,
        "weightedAverageShsOut": 316388733,
        "weightedAverageShsOutDil": 316388733,
        "link": "https://www.sec.gov/Archives/edgar/data/1287032/000128703214000120/0001287032-14-000120-index.htm",
        "finalLink": "https://www.sec.gov/Archives/edgar/data/1287032/000128703214000120/psec10-qq32014.htm"
    },
    {
        "date": "2013-12-31",
        "symbol": "PBY",
        "reportedCurrency": "USD",
        "cik": "0001287032",
        "fillingDate": "2014-02-03",
        "acceptedDate": "2014-02-03 16:01:42",
        "calendarYear": "2014",
        "period": "Q2",
        "revenue": 93852000,
        "costOfRevenue": 0,
        "grossProfit": 93852000,
        "grossProfitRatio": 1,
        "researchAndDevelopmentExpenses": 0,
        "generalAndAdministrativeExpenses": 7490000,
        "sellingAndMarketingExpenses": 0,
        "sellingGeneralAndAdministrativeExpenses": 7490000,
        "otherExpenses": 1000000,
        "operatingExpenses": 8490000,
        "costAndExpenses": 8490000,
        "interestIncome": 147103000,
        "interestExpense": 29256000,
        "depreciationAndAmortization": 123108000,
        "ebitda": 201617000,
        "ebitdaratio": 2.1482440438,
        "operatingIncome": -8490000,
        "operatingIncomeRatio": -0.0904615778,
        "totalOtherIncomeExpensesNet": 0,
        "incomeBeforeTax": 85362000,
        "incomeBeforeTaxRatio": 0.9095384222,
        "incomeTaxExpense": -8490000,
        "netIncome": 85362000,
        "netIncomeRatio": 0.9095384222,
        "eps": 0.3,
        "epsdiluted": 0.3,
        "weightedAverageShsOut": 287016433,
        "weightedAverageShsOutDil": 287016433,
        "link": "https://www.sec.gov/Archives/edgar/data/1287032/000110465914005997/0001104659-14-005997-index.htm",
        "finalLink": "https://www.sec.gov/Archives/edgar/data/1287032/000110465914005997/a14-4730_110q.htm"
    },
    {
        "date": "2013-09-30",
        "symbol": "PBY",
        "reportedCurrency": "USD",
        "cik": "0001287032",
        "fillingDate": "2013-11-04",
        "acceptedDate": "2013-11-04 16:25:38",
        "calendarYear": "2014",
        "period": "Q1",
        "revenue": 87561000,
        "costOfRevenue": 0,
        "grossProfit": 87561000,
        "grossProfitRatio": 1,
        "researchAndDevelopmentExpenses": 0,
        "generalAndAdministrativeExpenses": 6661000,
        "sellingAndMarketingExpenses": 0,
        "sellingGeneralAndAdministrativeExpenses": 6661000,
        "otherExpenses": 1000000,
        "operatingExpenses": 7661000,
        "costAndExpenses": 7661000,
        "interestIncome": 138421000,
        "interestExpense": 27407000,
        "depreciationAndAmortization": 114968000,
        "ebitda": 192431000,
        "ebitdaratio": 2.1976793321,
        "operatingIncome": -7661000,
        "operatingIncomeRatio": -0.0874932904,
        "totalOtherIncomeExpensesNet": 0,
        "incomeBeforeTax": 79900000,
        "incomeBeforeTaxRatio": 0.9125067096,
        "incomeTaxExpense": -7661000,
        "netIncome": 79900000,
        "netIncomeRatio": 0.9125067096,
        "eps": 0.31,
        "epsdiluted": 0.31,
        "weightedAverageShsOut": 258084153,
        "weightedAverageShsOutDil": 258084153,
        "link": "https://www.sec.gov/Archives/edgar/data/1287032/000110465913080552/0001104659-13-080552-index.htm",
        "finalLink": "https://www.sec.gov/Archives/edgar/data/1287032/000110465913080552/a13-23266_110q.htm"
    },
    {
        "date": "2013-06-30",
        "symbol": "PBY",
        "reportedCurrency": "USD",
        "cik": "0001287032",
        "fillingDate": "2013-08-21",
        "acceptedDate": "2013-08-21 16:02:25",
        "calendarYear": "2013",
        "period": "Q4",
        "revenue": 87177000,
        "costOfRevenue": 0,
        "grossProfit": 87177000,
        "grossProfitRatio": 1,
        "researchAndDevelopmentExpenses": 0,
        "generalAndAdministrativeExpenses": 3488000,
        "sellingAndMarketingExpenses": 0,
        "sellingGeneralAndAdministrativeExpenses": 3488000,
        "otherExpenses": 1000000,
        "operatingExpenses": 4488000,
        "costAndExpenses": 4488000,
        "interestIncome": 130667000,
        "interestExpense": 25562000,
        "depreciationAndAmortization": 112739000,
        "ebitda": 108251000,
        "ebitdaratio": 1.2417380731,
        "operatingIncome": 118658000,
        "operatingIncomeRatio": 1.3611158907,
        "totalOtherIncomeExpensesNet": -35969000,
        "incomeBeforeTax": 82689000,
        "incomeBeforeTaxRatio": 0.9485185313,
        "incomeTaxExpense": 1000000,
        "netIncome": 82689000,
        "netIncomeRatio": 0.9485185313,
        "eps": 0.4,
        "epsdiluted": 0.4,
        "weightedAverageShsOut": 207069971,
        "weightedAverageShsOutDil": 207069971,
        "link": "https://www.sec.gov/Archives/edgar/data/1287032/000104746913008570/0001047469-13-008570-index.htm",
        "finalLink": "https://www.sec.gov/Archives/edgar/data/1287032/000104746913008570/a2216438z10-k.htm"
    },
    {
        "date": "2013-03-31",
        "symbol": "PBY",
        "reportedCurrency": "USD",
        "cik": "0001287032",
        "fillingDate": "2013-05-06",
        "acceptedDate": "2013-05-06 16:43:05",
        "calendarYear": "2013",
        "period": "Q3",
        "revenue": 50323000,
        "costOfRevenue": 0,
        "grossProfit": 50323000,
        "grossProfitRatio": 1,
        "researchAndDevelopmentExpenses": 0,
        "generalAndAdministrativeExpenses": 4894000,
        "sellingAndMarketingExpenses": 0,
        "sellingGeneralAndAdministrativeExpenses": 4894000,
        "otherExpenses": 1000000,
        "operatingExpenses": 5894000,
        "costAndExpenses": 5894000,
        "interestIncome": 109612000,
        "interestExpense": 20854000,
        "depreciationAndAmortization": 71177000,
        "ebitda": 65283000,
        "ebitdaratio": 1.297279574,
        "operatingIncome": 81439000,
        "operatingIncomeRatio": 1.6183256165,
        "totalOtherIncomeExpensesNet": -36010000,
        "incomeBeforeTax": 45429000,
        "incomeBeforeTaxRatio": 0.9027482463,
        "incomeTaxExpense": 1000000,
        "netIncome": 44429000,
        "netIncomeRatio": 0.8828766171,
        "eps": 0.2,
        "epsdiluted": 0.2,
        "weightedAverageShsOut": 226587578,
        "weightedAverageShsOutDil": 226587578,
        "link": "https://www.sec.gov/Archives/edgar/data/1287032/000110465913037639/0001104659-13-037639-index.htm",
        "finalLink": "https://www.sec.gov/Archives/edgar/data/1287032/000110465913037639/a13-8709_110q.htm"
    },
    {
        "date": "2012-12-31",
        "symbol": "PBY",
        "reportedCurrency": "USD",
        "cik": "0001287032",
        "fillingDate": "2013-02-07",
        "acceptedDate": "2013-02-07 17:27:39",
        "calendarYear": "2013",
        "period": "Q2",
        "revenue": 55784000,
        "costOfRevenue": 0,
        "grossProfit": 55784000,
        "grossProfitRatio": 1,
        "researchAndDevelopmentExpenses": 0,
        "generalAndAdministrativeExpenses": 4795000,
        "sellingAndMarketingExpenses": 0,
        "sellingGeneralAndAdministrativeExpenses": 4795000,
        "otherExpenses": 4500000,
        "operatingExpenses": 9295000,
        "costAndExpenses": 9295000,
        "interestIncome": 116866000,
        "interestExpense": 16414000,
        "depreciationAndAmortization": 72198000,
        "ebitda": 62903000,
        "ebitdaratio": 1.1276172379,
        "operatingIncome": 120130000,
        "operatingIncomeRatio": 2.1534848702,
        "totalOtherIncomeExpensesNet": -69141000,
        "incomeBeforeTax": 50989000,
        "incomeBeforeTaxRatio": 0.9140434533,
        "incomeTaxExpense": 4500000,
        "netIncome": 46489000,
        "netIncomeRatio": 0.8333751613,
        "eps": 0.24,
        "epsdiluted": 0.24,
        "weightedAverageShsOut": 195585502,
        "weightedAverageShsOutDil": 195585502,
        "link": "https://www.sec.gov/Archives/edgar/data/1287032/000110465913008542/0001104659-13-008542-index.htm",
        "finalLink": "https://www.sec.gov/Archives/edgar/data/1287032/000110465913008542/a13-4540_110q.htm"
    },
    {
        "date": "2012-09-30",
        "symbol": "PBY",
        "reportedCurrency": "USD",
        "cik": "0001287032",
        "fillingDate": "2012-11-08",
        "acceptedDate": "2012-11-08 16:12:34",
        "calendarYear": "2013",
        "period": "Q1",
        "revenue": 51612000,
        "costOfRevenue": 0,
        "grossProfit": 51612000,
        "grossProfitRatio": 1,
        "researchAndDevelopmentExpenses": 0,
        "generalAndAdministrativeExpenses": 4363000,
        "sellingAndMarketingExpenses": 0,
        "sellingGeneralAndAdministrativeExpenses": 4363000,
        "otherExpenses": 0,
        "operatingExpenses": 4363000,
        "costAndExpenses": 4363000,
        "interestIncome": 78310000,
        "interestExpense": 13511000,
        "depreciationAndAmortization": 65123000,
        "ebitda": 60760000,
        "ebitdaratio": 1.1772456018,
        "operatingIncome": 87538000,
        "operatingIncomeRatio": 1.6960784314,
        "totalOtherIncomeExpensesNet": -40289000,
        "incomeBeforeTax": 47249000,
        "incomeBeforeTaxRatio": 0.9154653956,
        "incomeTaxExpense": -4363000,
        "netIncome": 47249000,
        "netIncomeRatio": 0.9154653956,
        "eps": 0.29,
        "epsdiluted": 0.29,
        "weightedAverageShsOut": 162492894,
        "weightedAverageShsOutDil": 162492894,
        "link": "https://www.sec.gov/Archives/edgar/data/1287032/000110465912075988/0001104659-12-075988-index.htm",
        "finalLink": "https://www.sec.gov/Archives/edgar/data/1287032/000110465912075988/a12-26461_110q.htm"
    },
    {
        "date": "2012-06-30",
        "symbol": "PBY",
        "reportedCurrency": "USD",
        "cik": "0001287032",
        "fillingDate": "2012-08-22",
        "acceptedDate": "2012-08-22 16:01:48",
        "calendarYear": "2012",
        "period": "Q4",
        "revenue": 38690000,
        "costOfRevenue": 0,
        "grossProfit": -14139000,
        "grossProfitRatio": -0.365443267,
        "researchAndDevelopmentExpenses": 0,
        "generalAndAdministrativeExpenses": -54212000,
        "sellingAndMarketingExpenses": 0,
        "sellingGeneralAndAdministrativeExpenses": -54212000,
        "otherExpenses": 0,
        "operatingExpenses": -54212000,
        "costAndExpenses": 38690000,
        "interestIncome": 191162000,
        "interestExpense": 10160000,
        "depreciationAndAmortization": -7749000,
        "ebitda": 94234000,
        "ebitdaratio": 2.4356164384,
        "operatingIncome": -135642000,
        "operatingIncomeRatio": -3.5058671491,
        "totalOtherIncomeExpensesNet": 171945000,
        "incomeBeforeTax": 36303000,
        "incomeBeforeTaxRatio": 0.9383044714,
        "incomeTaxExpense": 0,
        "netIncome": 36303000,
        "netIncomeRatio": 0.9383044714,
        "eps": 0.32,
        "epsdiluted": 0.32,
        "weightedAverageShsOut": 114394554,
        "weightedAverageShsOutDil": 114394554,
        "link": "https://www.sec.gov/Archives/edgar/data/1287032/000104746912008467/0001047469-12-008467-index.htm",
        "finalLink": "https://www.sec.gov/Archives/edgar/data/1287032/000104746912008467/a2210797z10-k.htm"
    },
    {
        "date": "2012-03-31",
        "symbol": "PBY",
        "reportedCurrency": "USD",
        "cik": "0001287032",
        "fillingDate": "2012-05-10",
        "acceptedDate": "2012-05-10 16:02:54",
        "calendarYear": "2012",
        "period": "Q3",
        "revenue": 57886000,
        "costOfRevenue": 0,
        "grossProfit": 95623000,
        "grossProfitRatio": 1.6519192896,
        "researchAndDevelopmentExpenses": 0,
        "generalAndAdministrativeExpenses": 27896000,
        "sellingAndMarketingExpenses": 0,
        "sellingGeneralAndAdministrativeExpenses": 27896000,
        "otherExpenses": 0,
        "operatingExpenses": 27896000,
        "costAndExpenses": -186000,
        "interestIncome": 9655000,
        "interestExpense": 9655000,
        "depreciationAndAmortization": 1792000,
        "ebitda": 0,
        "ebitdaratio": 0,
        "operatingIncome": 58072000,
        "operatingIncomeRatio": 1.0032132122,
        "totalOtherIncomeExpensesNet": -7863000,
        "incomeBeforeTax": 50209000,
        "incomeBeforeTaxRatio": 0.8673772587,
        "incomeTaxExpense": 0,
        "netIncome": 50209000,
        "netIncomeRatio": 0.8673772587,
        "eps": 0.44,
        "epsdiluted": 0.44,
        "weightedAverageShsOut": 114146939,
        "weightedAverageShsOutDil": 114146939,
        "link": "https://www.sec.gov/Archives/edgar/data/1287032/000110465912035910/0001104659-12-035910-index.htm",
        "finalLink": "https://www.sec.gov/Archives/edgar/data/1287032/000110465912035910/a12-8887_110q.htm"
    },
    {
        "date": "2011-12-31",
        "symbol": "PBY",
        "reportedCurrency": "USD",
        "cik": "0001287032",
        "fillingDate": "2012-02-09",
        "acceptedDate": "2012-02-09 16:01:51",
        "calendarYear": "2012",
        "period": "Q2",
        "revenue": 70266000,
        "costOfRevenue": 0,
        "grossProfit": 67263000,
        "grossProfitRatio": 0.9572624029,
        "researchAndDevelopmentExpenses": 0,
        "generalAndAdministrativeExpenses": 20996000,
        "sellingAndMarketingExpenses": 0,
        "sellingGeneralAndAdministrativeExpenses": 20996000,
        "otherExpenses": 0,
        "operatingExpenses": 20996000,
        "costAndExpenses": 33758000,
        "interestIncome": 9759000,
        "interestExpense": 9759000,
        "depreciationAndAmortization": 37743000,
        "ebitda": 74251000,
        "ebitdaratio": 1.0567130618,
        "operatingIncome": 36508000,
        "operatingIncomeRatio": 0.5195684969,
        "totalOtherIncomeExpensesNet": 27984000,
        "incomeBeforeTax": 64492000,
        "incomeBeforeTaxRatio": 0.9178265448,
        "incomeTaxExpense": 0,
        "netIncome": 64492000,
        "netIncomeRatio": 0.9178265448,
        "eps": 0.59,
        "epsdiluted": 0.59,
        "weightedAverageShsOut": 109533742,
        "weightedAverageShsOutDil": 109533742,
        "link": "https://www.sec.gov/Archives/edgar/data/1287032/000110465912008144/0001104659-12-008144-index.htm",
        "finalLink": "https://www.sec.gov/Archives/edgar/data/1287032/000110465912008144/a12-4502_110q.htm"
    },
    {
        "date": "2011-09-30",
        "symbol": "PBY",
        "reportedCurrency": "USD",
        "cik": "0001287032",
        "fillingDate": "2011-11-09",
        "acceptedDate": "2011-11-09 16:00:30",
        "calendarYear": "2012",
        "period": "Q1",
        "revenue": 45966000,
        "costOfRevenue": 0,
        "grossProfit": 55342000,
        "grossProfitRatio": 1.2039768525,
        "researchAndDevelopmentExpenses": 0,
        "generalAndAdministrativeExpenses": 18505000,
        "sellingAndMarketingExpenses": 0,
        "sellingGeneralAndAdministrativeExpenses": 18505000,
        "otherExpenses": 0,
        "operatingExpenses": 18505000,
        "costAndExpenses": 18089000,
        "interestIncome": 8960000,
        "interestExpense": 8960000,
        "depreciationAndAmortization": 20983000,
        "ebitda": 0,
        "ebitdaratio": 0,
        "operatingIncome": 27877000,
        "operatingIncomeRatio": 0.6064699996,
        "totalOtherIncomeExpensesNet": 12023000,
        "incomeBeforeTax": 39900000,
        "incomeBeforeTaxRatio": 0.8680328939,
        "incomeTaxExpense": 0,
        "netIncome": 39900000,
        "netIncomeRatio": 0.8680328939,
        "eps": 0.37,
        "epsdiluted": 0.37,
        "weightedAverageShsOut": 108959489,
        "weightedAverageShsOutDil": 108959489,
        "link": "https://www.sec.gov/Archives/edgar/data/1287032/000110465911062702/0001104659-11-062702-index.htm",
        "finalLink": "https://www.sec.gov/Archives/edgar/data/1287032/000110465911062702/a11-29431_110q.htm"
    },
    {
        "date": "2011-06-30",
        "symbol": "PBY",
        "reportedCurrency": "USD",
        "cik": "0001287032",
        "fillingDate": "2011-08-29",
        "acceptedDate": "2011-08-29 16:03:15",
        "calendarYear": "2011",
        "period": "Q4",
        "revenue": 16759000,
        "costOfRevenue": 0,
        "grossProfit": 16759000,
        "grossProfitRatio": 1,
        "researchAndDevelopmentExpenses": 0,
        "generalAndAdministrativeExpenses": -27266000,
        "sellingAndMarketingExpenses": 0,
        "sellingGeneralAndAdministrativeExpenses": -27266000,
        "otherExpenses": 13835000,
        "operatingExpenses": -13431000,
        "costAndExpenses": -13431000,
        "interestIncome": 124272000,
        "interestExpense": 7416000,
        "depreciationAndAmortization": 4185000,
        "ebitda": -90036000,
        "ebitdaratio": -5.3723969211,
        "operatingIncome": 30190000,
        "operatingIncomeRatio": 1.8014201325,
        "totalOtherIncomeExpensesNet": -3231000,
        "incomeBeforeTax": 26959000,
        "incomeBeforeTaxRatio": 1.6086281998,
        "incomeTaxExpense": 0,
        "netIncome": 26959000,
        "netIncomeRatio": 1.6086281998,
        "eps": 0.31,
        "epsdiluted": 0.31,
        "weightedAverageShsOut": 85978757,
        "weightedAverageShsOutDil": 85978757,
        "link": "https://www.sec.gov/Archives/edgar/data/1287032/000104746911007720/0001047469-11-007720-index.htm",
        "finalLink": "https://www.sec.gov/Archives/edgar/data/1287032/000104746911007720/a2205453z10-k.htm"
    },
    {
        "date": "2011-03-31",
        "symbol": "PBY",
        "reportedCurrency": "USD",
        "cik": "0001287032",
        "fillingDate": "2011-05-10",
        "acceptedDate": "2011-05-10 16:06:01",
        "calendarYear": "2011",
        "period": "Q3",
        "revenue": 36682000,
        "costOfRevenue": 0,
        "grossProfit": 44573000,
        "grossProfitRatio": 1.215119132,
        "researchAndDevelopmentExpenses": 0,
        "generalAndAdministrativeExpenses": 14957000,
        "sellingAndMarketingExpenses": 0,
        "sellingGeneralAndAdministrativeExpenses": 14957000,
        "otherExpenses": 0,
        "operatingExpenses": 14957000,
        "costAndExpenses": 12726000,
        "interestIncome": 5660000,
        "interestExpense": 5660000,
        "depreciationAndAmortization": 15463000,
        "ebitda": 0,
        "ebitdaratio": 0,
        "operatingIncome": 23956000,
        "operatingIncomeRatio": 0.6530723516,
        "totalOtherIncomeExpensesNet": 9803000,
        "incomeBeforeTax": 33759000,
        "incomeBeforeTaxRatio": 0.9203151409,
        "incomeTaxExpense": 0,
        "netIncome": 33759000,
        "netIncomeRatio": 0.9203151409,
        "eps": 0.38,
        "epsdiluted": 0.38,
        "weightedAverageShsOut": 88200916,
        "weightedAverageShsOutDil": 88200916,
        "link": "https://www.sec.gov/Archives/edgar/data/1287032/000110465911027808/0001104659-11-027808-index.htm",
        "finalLink": "https://www.sec.gov/Archives/edgar/data/1287032/000110465911027808/a11-11910_110q.htm"
    },
    {
        "date": "2010-12-31",
        "symbol": "PBY",
        "reportedCurrency": "USD",
        "cik": "0001287032",
        "fillingDate": "2011-02-09",
        "acceptedDate": "2011-02-09 17:00:52",
        "calendarYear": "2011",
        "period": "Q2",
        "revenue": 35976000,
        "costOfRevenue": 0,
        "grossProfit": 33300000,
        "grossProfitRatio": 0.9256170781,
        "researchAndDevelopmentExpenses": 0,
        "generalAndAdministrativeExpenses": 11959000,
        "sellingAndMarketingExpenses": 0,
        "sellingGeneralAndAdministrativeExpenses": 11959000,
        "otherExpenses": 0,
        "operatingExpenses": 11959000,
        "costAndExpenses": 16896000,
        "interestIncome": 2261000,
        "interestExpense": 2261000,
        "depreciationAndAmortization": 15121000,
        "ebitda": 0,
        "ebitdaratio": 0,
        "operatingIncome": 19080000,
        "operatingIncomeRatio": 0.530353569,
        "totalOtherIncomeExpensesNet": 12860000,
        "incomeBeforeTax": 31940000,
        "incomeBeforeTaxRatio": 0.8878140983,
        "incomeTaxExpense": 0,
        "netIncome": 31940000,
        "netIncomeRatio": 0.8878140983,
        "eps": 0.38,
        "epsdiluted": 0.38,
        "weightedAverageShsOut": 84091152,
        "weightedAverageShsOutDil": 84091152,
        "link": "https://www.sec.gov/Archives/edgar/data/1287032/000095012311011083/0000950123-11-011083-index.htm",
        "finalLink": "https://www.sec.gov/Archives/edgar/data/1287032/000095012311011083/c12000e10vq.htm"
    },
    {
        "date": "2010-09-30",
        "symbol": "PBY",
        "reportedCurrency": "USD",
        "cik": "0001287032",
        "fillingDate": "2010-11-09",
        "acceptedDate": "2010-11-09 17:16:10",
        "calendarYear": "2011",
        "period": "Q1",
        "revenue": 29323000,
        "costOfRevenue": 0,
        "grossProfit": 35212000,
        "grossProfitRatio": 1.2008321113,
        "researchAndDevelopmentExpenses": 0,
        "generalAndAdministrativeExpenses": 11956000,
        "sellingAndMarketingExpenses": 0,
        "sellingGeneralAndAdministrativeExpenses": 11956000,
        "otherExpenses": 0,
        "operatingExpenses": 11956000,
        "costAndExpenses": 8328000,
        "interestIncome": 2261000,
        "interestExpense": 2261000,
        "depreciationAndAmortization": 6846000,
        "ebitda": 0,
        "ebitdaratio": 0,
        "operatingIncome": 20995000,
        "operatingIncomeRatio": 0.7159908604,
        "totalOtherIncomeExpensesNet": 4585000,
        "incomeBeforeTax": 25580000,
        "incomeBeforeTaxRatio": 0.8723527606,
        "incomeTaxExpense": 0,
        "netIncome": 25580000,
        "netIncomeRatio": 0.8723527606,
        "eps": 0.34,
        "epsdiluted": 0.34,
        "weightedAverageShsOut": 74177194,
        "weightedAverageShsOutDil": 74177194,
        "link": "https://www.sec.gov/Archives/edgar/data/1287032/000095012310103385/0000950123-10-103385-index.htm",
        "finalLink": "https://www.sec.gov/Archives/edgar/data/1287032/000095012310103385/c08028e10vq.htm"
    },
    {
        "date": "2010-06-30",
        "symbol": "PBY",
        "reportedCurrency": "USD",
        "cik": "0001287032",
        "fillingDate": "2010-08-30",
        "acceptedDate": "2010-08-30 16:01:54",
        "calendarYear": "2010",
        "period": "Q4",
        "revenue": -55259000,
        "costOfRevenue": 0,
        "grossProfit": -55259000,
        "grossProfitRatio": 1,
        "researchAndDevelopmentExpenses": 0,
        "generalAndAdministrativeExpenses": -20152000,
        "sellingAndMarketingExpenses": 0,
        "sellingGeneralAndAdministrativeExpenses": -20152000,
        "otherExpenses": -53341000,
        "operatingExpenses": -73493000,
        "costAndExpenses": -73493000,
        "interestIncome": 81038000,
        "interestExpense": 2902000,
        "depreciationAndAmortization": 845000,
        "ebitda": 0,
        "ebitdaratio": 0,
        "operatingIncome": 18234000,
        "operatingIncomeRatio": -0.329973398,
        "totalOtherIncomeExpensesNet": -1761000,
        "incomeBeforeTax": 16177000,
        "incomeBeforeTaxRatio": -0.2927486925,
        "incomeTaxExpense": -16177000,
        "netIncome": 16177000,
        "netIncomeRatio": -0.2927486925,
        "eps": 0.27,
        "epsdiluted": 0.27,
        "weightedAverageShsOut": 59429222,
        "weightedAverageShsOutDil": 59429222,
        "link": "https://www.sec.gov/Archives/edgar/data/1287032/000095012310082231/0000950123-10-082231-index.htm",
        "finalLink": "https://www.sec.gov/Archives/edgar/data/1287032/000095012310082231/c05477e10vk.htm"
    },
    {
        "date": "2010-03-31",
        "symbol": "PBY",
        "reportedCurrency": "USD",
        "cik": "0001287032",
        "fillingDate": "2010-05-10",
        "acceptedDate": "2010-05-10 16:06:33",
        "calendarYear": "2010",
        "period": "Q3",
        "revenue": 32005000,
        "costOfRevenue": 0,
        "grossProfit": 32005000,
        "grossProfitRatio": 1,
        "researchAndDevelopmentExpenses": 0,
        "generalAndAdministrativeExpenses": 9995000,
        "sellingAndMarketingExpenses": 0,
        "sellingGeneralAndAdministrativeExpenses": 9995000,
        "otherExpenses": -223000,
        "operatingExpenses": 9772000,
        "costAndExpenses": 13031000,
        "interestIncome": 2111000,
        "interestExpense": 2111000,
        "depreciationAndAmortization": 9077000,
        "ebitda": 0,
        "ebitdaratio": 0,
        "operatingIncome": 18974000,
        "operatingIncomeRatio": 0.592844868,
        "totalOtherIncomeExpensesNet": 6966000,
        "incomeBeforeTax": 25940000,
        "incomeBeforeTaxRatio": 0.8104983596,
        "incomeTaxExpense": 0,
        "netIncome": 25940000,
        "netIncomeRatio": 0.8104983596,
        "eps": 0.41,
        "epsdiluted": 0.41,
        "weightedAverageShsOut": 63569663,
        "weightedAverageShsOutDil": 63569663,
        "link": "https://www.sec.gov/Archives/edgar/data/1287032/000095012310047150/0000950123-10-047150-index.htm",
        "finalLink": "https://www.sec.gov/Archives/edgar/data/1287032/000095012310047150/c00672e10vq.htm"
    },
    {
        "date": "2009-12-31",
        "symbol": "PBY",
        "reportedCurrency": "USD",
        "cik": "0001287032",
        "fillingDate": "2009-12-31",
        "acceptedDate": "2009-12-31 00:00:00",
        "calendarYear": "2010",
        "period": "Q2",
        "revenue": 31801000,
        "costOfRevenue": 0,
        "grossProfit": 28883000,
        "grossProfitRatio": 0.9082418792,
        "researchAndDevelopmentExpenses": 0,
        "generalAndAdministrativeExpenses": 9963000,
        "sellingAndMarketingExpenses": 0,
        "sellingGeneralAndAdministrativeExpenses": 9963000,
        "otherExpenses": -223000,
        "operatingExpenses": 9740000,
        "costAndExpenses": 12543000,
        "interestIncome": 1995000,
        "interestExpense": 1995000,
        "depreciationAndAmortization": -31783000,
        "ebitda": 0,
        "ebitdaratio": 0,
        "operatingIncome": 16925000,
        "operatingIncomeRatio": 0.5322159681,
        "totalOtherIncomeExpensesNet": -33778000,
        "incomeBeforeTax": -16853000,
        "incomeBeforeTaxRatio": -0.5299518883,
        "incomeTaxExpense": 0,
        "netIncome": -14520000,
        "netIncomeRatio": -0.4565894154,
        "eps": -0.29,
        "epsdiluted": -0.29,
        "weightedAverageShsOut": 57613489,
        "weightedAverageShsOutDil": 57613489,
        "link": null,
        "finalLink": null
    },
    {
        "date": "2009-09-30",
        "symbol": "PBY",
        "reportedCurrency": "USD",
        "cik": "0001287032",
        "fillingDate": "2009-09-30",
        "acceptedDate": "2009-09-30 00:00:00",
        "calendarYear": "2010",
        "period": "Q1",
        "revenue": 21517000,
        "costOfRevenue": 0,
        "grossProfit": 21517000,
        "grossProfitRatio": 1,
        "researchAndDevelopmentExpenses": 0,
        "generalAndAdministrativeExpenses": 7825000,
        "sellingAndMarketingExpenses": 0,
        "sellingGeneralAndAdministrativeExpenses": 7825000,
        "otherExpenses": -223000,
        "operatingExpenses": 7602000,
        "costAndExpenses": 9199000,
        "interestIncome": 1374000,
        "interestExpense": 1374000,
        "depreciationAndAmortization": -17322000,
        "ebitda": -5004000,
        "ebitdaratio": -0.2325603012,
        "operatingIncome": 12318000,
        "operatingIncomeRatio": 0.5724775759,
        "totalOtherIncomeExpensesNet": -18696000,
        "incomeBeforeTax": -6378000,
        "incomeBeforeTaxRatio": -0.2964167867,
        "incomeTaxExpense": 0,
        "netIncome": -6378000,
        "netIncomeRatio": -0.2964167867,
        "eps": -0.13,
        "epsdiluted": -0.13,
        "weightedAverageShsOut": 49804906,
        "weightedAverageShsOutDil": 49804906,
        "link": null,
        "finalLink": null
    },
    {
        "date": "2009-06-30",
        "symbol": "PBY",
        "reportedCurrency": "USD",
        "cik": "0001287032",
        "fillingDate": "2009-06-30",
        "acceptedDate": "2009-06-30 00:00:00",
        "calendarYear": "2009",
        "period": "Q4",
        "revenue": -35125000,
        "costOfRevenue": -56925000,
        "grossProfit": 21800000,
        "grossProfitRatio": -0.6206405694,
        "researchAndDevelopmentExpenses": 0,
        "generalAndAdministrativeExpenses": -18219000,
        "sellingAndMarketingExpenses": 0,
        "sellingGeneralAndAdministrativeExpenses": -18219000,
        "otherExpenses": 0,
        "operatingExpenses": -18219000,
        "costAndExpenses": -47106000,
        "interestIncome": 58098000,
        "interestExpense": 1333000,
        "depreciationAndAmortization": -7914000,
        "ebitda": 584000,
        "ebitdaratio": -0.0166263345,
        "operatingIncome": 11981000,
        "operatingIncomeRatio": -0.3410960854,
        "totalOtherIncomeExpensesNet": 0,
        "incomeBeforeTax": -749000,
        "incomeBeforeTaxRatio": 0.0213238434,
        "incomeTaxExpense": 0,
        "netIncome": -749000,
        "netIncomeRatio": 0.0213238434,
        "eps": -0.0237,
        "epsdiluted": -0.0237,
        "weightedAverageShsOut": 31559905,
        "weightedAverageShsOutDil": 31559905,
        "link": null,
        "finalLink": null
    },
    {
        "date": "2009-03-31",
        "symbol": "PBY",
        "reportedCurrency": "USD",
        "cik": "0001287032",
        "fillingDate": "2009-03-31",
        "acceptedDate": "2009-03-31 00:00:00",
        "calendarYear": "2009",
        "period": "Q3",
        "revenue": 20669000,
        "costOfRevenue": 0,
        "grossProfit": 20669000,
        "grossProfitRatio": 1,
        "researchAndDevelopmentExpenses": 0,
        "generalAndAdministrativeExpenses": 7604000,
        "sellingAndMarketingExpenses": 0,
        "sellingGeneralAndAdministrativeExpenses": 7604000,
        "otherExpenses": -3483000,
        "operatingExpenses": 4121000,
        "costAndExpenses": 8949000,
        "interestIncome": 1345000,
        "interestExpense": 1345000,
        "depreciationAndAmortization": 4956000,
        "ebitda": 0,
        "ebitdaratio": 0,
        "operatingIncome": 11720000,
        "operatingIncomeRatio": 0.5670327544,
        "totalOtherIncomeExpensesNet": 3611000,
        "incomeBeforeTax": 15331000,
        "incomeBeforeTaxRatio": 0.7417388359,
        "incomeTaxExpense": 0,
        "netIncome": 15331000,
        "netIncomeRatio": 0.7417388359,
        "eps": 0.51,
        "epsdiluted": 0.51,
        "weightedAverageShsOut": 29971508,
        "weightedAverageShsOutDil": 29971508,
        "link": null,
        "finalLink": null
    },
    {
        "date": "2008-12-31",
        "symbol": "PBY",
        "reportedCurrency": "USD",
        "cik": "0001287032",
        "fillingDate": "2008-12-31",
        "acceptedDate": "2008-12-31 00:00:00",
        "calendarYear": "2009",
        "period": "Q2",
        "revenue": 22213000,
        "costOfRevenue": 0,
        "grossProfit": 22213000,
        "grossProfitRatio": 1,
        "researchAndDevelopmentExpenses": 0,
        "generalAndAdministrativeExpenses": 0,
        "sellingAndMarketingExpenses": 0,
        "sellingGeneralAndAdministrativeExpenses": 295000,
        "otherExpenses": 9958000,
        "operatingExpenses": 10253000,
        "costAndExpenses": 10253000,
        "interestIncome": 0,
        "interestExpense": 1965000,
        "depreciationAndAmortization": -5436000,
        "ebitda": 0,
        "ebitdaratio": 0,
        "operatingIncome": 11960000,
        "operatingIncomeRatio": 0.5384234457,
        "totalOtherIncomeExpensesNet": -5436000,
        "incomeBeforeTax": 6524000,
        "incomeBeforeTaxRatio": 0.2937018863,
        "incomeTaxExpense": 0,
        "netIncome": 6524000,
        "netIncomeRatio": 0.2937018863,
        "eps": 0.22,
        "epsdiluted": 0.22,
        "weightedAverageShsOut": 29618762,
        "weightedAverageShsOutDil": 29618762,
        "link": null,
        "finalLink": null
    },
    {
        "date": "2008-09-30",
        "symbol": "PBY",
        "reportedCurrency": "USD",
        "cik": "0001287032",
        "fillingDate": "2008-09-30",
        "acceptedDate": "2008-09-30 00:00:00",
        "calendarYear": "2009",
        "period": "Q1",
        "revenue": 35799000,
        "costOfRevenue": 0,
        "grossProfit": 35799000,
        "grossProfitRatio": 1,
        "researchAndDevelopmentExpenses": 0,
        "generalAndAdministrativeExpenses": 0,
        "sellingAndMarketingExpenses": 0,
        "sellingGeneralAndAdministrativeExpenses": 167000,
        "otherExpenses": 12130000,
        "operatingExpenses": 12297000,
        "costAndExpenses": 12297000,
        "interestIncome": 0,
        "interestExpense": 1518000,
        "depreciationAndAmortization": -9504000,
        "ebitda": 0,
        "ebitdaratio": 0,
        "operatingIncome": 23502000,
        "operatingIncomeRatio": 0.6564987849,
        "totalOtherIncomeExpensesNet": -3549000,
        "incomeBeforeTax": 13998000,
        "incomeBeforeTaxRatio": 0.3910165088,
        "incomeTaxExpense": -13998000,
        "netIncome": 13998000,
        "netIncomeRatio": 0.3910165088,
        "eps": 0.47,
        "epsdiluted": 0.47,
        "weightedAverageShsOut": 29520379,
        "weightedAverageShsOutDil": 29520379,
        "link": null,
        "finalLink": null
    },
    {
        "date": "2008-06-30",
        "symbol": "PBY",
        "reportedCurrency": "USD",
        "cik": "0001287032",
        "fillingDate": "2008-06-30",
        "acceptedDate": "2008-06-30 00:00:00",
        "calendarYear": "2008",
        "period": "Q4",
        "revenue": -20591000,
        "costOfRevenue": 0,
        "grossProfit": -20591000,
        "grossProfitRatio": 1,
        "researchAndDevelopmentExpenses": 0,
        "generalAndAdministrativeExpenses": 6076000,
        "sellingAndMarketingExpenses": 0,
        "sellingGeneralAndAdministrativeExpenses": 6076000,
        "otherExpenses": -35617000,
        "operatingExpenses": -29541000,
        "costAndExpenses": -29541000,
        "interestIncome": 0,
        "interestExpense": 0,
        "depreciationAndAmortization": 180000,
        "ebitda": 0,
        "ebitdaratio": 0,
        "operatingIncome": 8950000,
        "operatingIncomeRatio": -0.4346559176,
        "totalOtherIncomeExpensesNet": 28607000,
        "incomeBeforeTax": 23986000,
        "incomeBeforeTaxRatio": -1.1648778593,
        "incomeTaxExpense": -7599000,
        "netIncome": 23986000,
        "netIncomeRatio": -1.1648778593,
        "eps": 1.02,
        "epsdiluted": 1.02,
        "weightedAverageShsOut": 23626642,
        "weightedAverageShsOutDil": 23626642,
        "link": null,
        "finalLink": null
    },
    {
        "date": "2008-03-31",
        "symbol": "PBY",
        "reportedCurrency": "USD",
        "cik": "0001287032",
        "fillingDate": "2008-03-31",
        "acceptedDate": "2008-03-31 00:00:00",
        "calendarYear": "2008",
        "period": "Q3",
        "revenue": 22000000,
        "costOfRevenue": 0,
        "grossProfit": 22000000,
        "grossProfitRatio": 1,
        "researchAndDevelopmentExpenses": 0,
        "generalAndAdministrativeExpenses": 598000,
        "sellingAndMarketingExpenses": 0,
        "sellingGeneralAndAdministrativeExpenses": 598000,
        "otherExpenses": 6620000,
        "operatingExpenses": 7218000,
        "costAndExpenses": 7218000,
        "interestIncome": 1863000,
        "interestExpense": -11164000,
        "depreciationAndAmortization": 180000,
        "ebitda": 0,
        "ebitdaratio": 0,
        "operatingIncome": 14782000,
        "operatingIncomeRatio": 0.6719090909,
        "totalOtherIncomeExpensesNet": 0,
        "incomeBeforeTax": -1259000,
        "incomeBeforeTaxRatio": -0.0572272727,
        "incomeTaxExpense": 17646000,
        "netIncome": -1259000,
        "netIncomeRatio": -0.0572272727,
        "eps": -0.0528,
        "epsdiluted": -0.0528,
        "weightedAverageShsOut": 23858492,
        "weightedAverageShsOutDil": 23858492,
        "link": null,
        "finalLink": null
    },
    {
        "date": "2007-12-31",
        "symbol": "PBY",
        "reportedCurrency": "USD",
        "cik": "0001287032",
        "fillingDate": "2007-12-31",
        "acceptedDate": "2007-12-31 00:00:00",
        "calendarYear": "2008",
        "period": "Q2",
        "revenue": 18563000,
        "costOfRevenue": 0,
        "grossProfit": 18563000,
        "grossProfitRatio": 1,
        "researchAndDevelopmentExpenses": 0,
        "generalAndAdministrativeExpenses": 471000,
        "sellingAndMarketingExpenses": 0,
        "sellingGeneralAndAdministrativeExpenses": 471000,
        "otherExpenses": 5814000,
        "operatingExpenses": 6285000,
        "costAndExpenses": 6285000,
        "interestIncome": 0,
        "interestExpense": 0,
        "depreciationAndAmortization": 181000,
        "ebitda": 0,
        "ebitdaratio": 0,
        "operatingIncome": 10660000,
        "operatingIncomeRatio": 0.574260626,
        "totalOtherIncomeExpensesNet": 0,
        "incomeBeforeTax": -3686000,
        "incomeBeforeTaxRatio": -0.198567042,
        "incomeTaxExpense": 20073000,
        "netIncome": -3686000,
        "netIncomeRatio": -0.198567042,
        "eps": -0.16,
        "epsdiluted": -0.16,
        "weightedAverageShsOut": 23249399,
        "weightedAverageShsOutDil": 23249399,
        "link": null,
        "finalLink": null
    },
    {
        "date": "2007-09-30",
        "symbol": "PBY",
        "reportedCurrency": "USD",
        "cik": "0001287032",
        "fillingDate": "2007-09-30",
        "acceptedDate": "2007-09-30 00:00:00",
        "calendarYear": "2008",
        "period": "Q1",
        "revenue": 15391000,
        "costOfRevenue": 0,
        "grossProfit": 15391000,
        "grossProfitRatio": 1,
        "researchAndDevelopmentExpenses": 0,
        "generalAndAdministrativeExpenses": 572000,
        "sellingAndMarketingExpenses": 0,
        "sellingGeneralAndAdministrativeExpenses": 572000,
        "otherExpenses": 5716000,
        "operatingExpenses": 6288000,
        "costAndExpenses": 6288000,
        "interestIncome": 0,
        "interestExpense": 0,
        "depreciationAndAmortization": 186000,
        "ebitda": 0,
        "ebitdaratio": 0,
        "operatingIncome": 9103000,
        "operatingIncomeRatio": 0.5914495484,
        "totalOtherIncomeExpensesNet": -7865000,
        "incomeBeforeTax": 8550000,
        "incomeBeforeTaxRatio": 0.5555194594,
        "incomeTaxExpense": 7837000,
        "netIncome": 8550000,
        "netIncomeRatio": 0.5555194594,
        "eps": 0.43,
        "epsdiluted": 0.43,
        "weightedAverageShsOut": 19958466,
        "weightedAverageShsOutDil": 19958466,
        "link": null,
        "finalLink": null
    },
    {
        "date": "2007-06-30",
        "symbol": "PBY",
        "reportedCurrency": "USD",
        "cik": "0001287032",
        "fillingDate": "2007-06-30",
        "acceptedDate": "2007-06-30 00:00:00",
        "calendarYear": "2007",
        "period": "Q4",
        "revenue": -3075000,
        "costOfRevenue": 0,
        "grossProfit": -3075000,
        "grossProfitRatio": 1,
        "researchAndDevelopmentExpenses": 0,
        "generalAndAdministrativeExpenses": 3634000,
        "sellingAndMarketingExpenses": 0,
        "sellingGeneralAndAdministrativeExpenses": 3634000,
        "otherExpenses": -3383000,
        "operatingExpenses": 251000,
        "costAndExpenses": 251000,
        "interestIncome": 0,
        "interestExpense": 0,
        "depreciationAndAmortization": -1236000,
        "ebitda": -9793000,
        "ebitdaratio": 3.1847154472,
        "operatingIncome": 21968000,
        "operatingIncomeRatio": -7.1440650407,
        "totalOtherIncomeExpensesNet": -14641000,
        "incomeBeforeTax": 4848000,
        "incomeBeforeTaxRatio": -1.5765853659,
        "incomeTaxExpense": 5477000,
        "netIncome": 4848000,
        "netIncomeRatio": -1.5765853659,
        "eps": 0.31,
        "epsdiluted": 0.31,
        "weightedAverageShsOut": 15724095,
        "weightedAverageShsOutDil": 15724095,
        "link": null,
        "finalLink": null
    },
    {
        "date": "2007-03-31",
        "symbol": "PBY",
        "reportedCurrency": "USD",
        "cik": "0001287032",
        "fillingDate": "2007-03-31",
        "acceptedDate": "2007-03-31 00:00:00",
        "calendarYear": "2007",
        "period": "Q3",
        "revenue": 6295000,
        "costOfRevenue": 0,
        "grossProfit": 6295000,
        "grossProfitRatio": 1,
        "researchAndDevelopmentExpenses": 0,
        "generalAndAdministrativeExpenses": 448000,
        "sellingAndMarketingExpenses": 0,
        "sellingGeneralAndAdministrativeExpenses": 448000,
        "otherExpenses": 3221000,
        "operatingExpenses": 3669000,
        "costAndExpenses": 3669000,
        "interestIncome": 0,
        "interestExpense": 0,
        "depreciationAndAmortization": 9677000,
        "ebitda": 0,
        "ebitdaratio": 0,
        "operatingIncome": -4701000,
        "operatingIncomeRatio": -0.7467831612,
        "totalOtherIncomeExpensesNet": 9677000,
        "incomeBeforeTax": 4976000,
        "incomeBeforeTaxRatio": 0.7904686259,
        "incomeTaxExpense": 0,
        "netIncome": 4976000,
        "netIncomeRatio": 0.7904686259,
        "eps": 0.26,
        "epsdiluted": 0.26,
        "weightedAverageShsOut": 19697473,
        "weightedAverageShsOutDil": 19697473,
        "link": null,
        "finalLink": null
    },
    {
        "date": "2006-12-31",
        "symbol": "PBY",
        "reportedCurrency": "USD",
        "cik": "0001287032",
        "fillingDate": "2006-12-31",
        "acceptedDate": "2006-12-31 00:00:00",
        "calendarYear": "2007",
        "period": "Q2",
        "revenue": 4845000,
        "costOfRevenue": 0,
        "grossProfit": 8171000,
        "grossProfitRatio": 1.6864809082,
        "researchAndDevelopmentExpenses": 0,
        "generalAndAdministrativeExpenses": 181000,
        "sellingAndMarketingExpenses": 0,
        "sellingGeneralAndAdministrativeExpenses": 181000,
        "otherExpenses": 3497000,
        "operatingExpenses": 3678000,
        "costAndExpenses": 2646000,
        "interestIncome": 0,
        "interestExpense": 0,
        "depreciationAndAmortization": 1552000,
        "ebitda": 0,
        "ebitdaratio": 0,
        "operatingIncome": 4863000,
        "operatingIncomeRatio": 1.0037151703,
        "totalOtherIncomeExpensesNet": -4493000,
        "incomeBeforeTax": 2940000,
        "incomeBeforeTaxRatio": 0.6068111455,
        "incomeTaxExpense": -2940000,
        "netIncome": 2940000,
        "netIncomeRatio": 0.6068111455,
        "eps": 0.22,
        "epsdiluted": 0.22,
        "weightedAverageShsOut": 13588256,
        "weightedAverageShsOutDil": 13588256,
        "link": null,
        "finalLink": null
    },
    {
        "date": "2006-09-30",
        "symbol": "PBY",
        "reportedCurrency": "USD",
        "cik": "0001287032",
        "fillingDate": "2006-09-30",
        "acceptedDate": "2006-09-30 00:00:00",
        "calendarYear": "2007",
        "period": "Q1",
        "revenue": 6432000,
        "costOfRevenue": 0,
        "grossProfit": 6432000,
        "grossProfitRatio": 1,
        "researchAndDevelopmentExpenses": 0,
        "generalAndAdministrativeExpenses": 158000,
        "sellingAndMarketingExpenses": 0,
        "sellingGeneralAndAdministrativeExpenses": 158000,
        "otherExpenses": 3000000,
        "operatingExpenses": 3158000,
        "costAndExpenses": 2496000,
        "interestIncome": 0,
        "interestExpense": 0,
        "depreciationAndAmortization": 1261000,
        "ebitda": 0,
        "ebitdaratio": 0,
        "operatingIncome": 3936000,
        "operatingIncomeRatio": 0.6119402985,
        "totalOtherIncomeExpensesNet": -3274000,
        "incomeBeforeTax": 3964000,
        "incomeBeforeTaxRatio": 0.6162935323,
        "incomeTaxExpense": 6361000,
        "netIncome": 3964000,
        "netIncomeRatio": 0.6162935323,
        "eps": 0.4,
        "epsdiluted": 0.4,
        "weightedAverageShsOut": 9910000,
        "weightedAverageShsOutDil": 9910000,
        "link": null,
        "finalLink": null
    },
    {
        "date": "2006-06-30",
        "symbol": "PBY",
        "reportedCurrency": "USD",
        "cik": "0001287032",
        "fillingDate": "2006-06-30",
        "acceptedDate": "2006-06-30 00:00:00",
        "calendarYear": "2006",
        "period": "Q4",
        "revenue": 5626000,
        "costOfRevenue": 0,
        "grossProfit": 5626000,
        "grossProfitRatio": 1,
        "researchAndDevelopmentExpenses": 0,
        "generalAndAdministrativeExpenses": 3299000,
        "sellingAndMarketingExpenses": 0,
        "sellingGeneralAndAdministrativeExpenses": 3299000,
        "otherExpenses": -649000,
        "operatingExpenses": 2650000,
        "costAndExpenses": 2650000,
        "interestIncome": 0,
        "interestExpense": 0,
        "depreciationAndAmortization": -423000,
        "ebitda": 0,
        "ebitdaratio": 0,
        "operatingIncome": 2976000,
        "operatingIncomeRatio": 0.5289726271,
        "totalOtherIncomeExpensesNet": -2976000,
        "incomeBeforeTax": 5940000,
        "incomeBeforeTaxRatio": 1.0558123,
        "incomeTaxExpense": -5940000,
        "netIncome": 5940000,
        "netIncomeRatio": 1.0558123,
        "eps": 0.84,
        "epsdiluted": 0.84,
        "weightedAverageShsOut": 7046995,
        "weightedAverageShsOutDil": 7046995,
        "link": null,
        "finalLink": null
    },
    {
        "date": "2006-03-31",
        "symbol": "PBY",
        "reportedCurrency": "USD",
        "cik": "0001287032",
        "fillingDate": "2006-03-31",
        "acceptedDate": "2006-03-31 00:00:00",
        "calendarYear": "2006",
        "period": "Q3",
        "revenue": 4026000,
        "costOfRevenue": 0,
        "grossProfit": 4026000,
        "grossProfitRatio": 1,
        "researchAndDevelopmentExpenses": 0,
        "generalAndAdministrativeExpenses": 174000,
        "sellingAndMarketingExpenses": 0,
        "sellingGeneralAndAdministrativeExpenses": 174000,
        "otherExpenses": 1726000,
        "operatingExpenses": 1900000,
        "costAndExpenses": 948000,
        "interestIncome": 0,
        "interestExpense": 0,
        "depreciationAndAmortization": -864000,
        "ebitda": 0,
        "ebitdaratio": 0,
        "operatingIncome": 2126000,
        "operatingIncomeRatio": 0.5280675609,
        "totalOtherIncomeExpensesNet": -2126000,
        "incomeBeforeTax": 2955000,
        "incomeBeforeTaxRatio": 0.7339791356,
        "incomeTaxExpense": -2955000,
        "netIncome": 2955000,
        "netIncomeRatio": 0.7339791356,
        "eps": 0.42,
        "epsdiluted": 0.42,
        "weightedAverageShsOut": 7055176,
        "weightedAverageShsOutDil": 7055176,
        "link": null,
        "finalLink": null
    },
    {
        "date": "2005-12-31",
        "symbol": "PBY",
        "reportedCurrency": "USD",
        "cik": "0001287032",
        "fillingDate": "2005-12-31",
        "acceptedDate": "2005-12-31 00:00:00",
        "calendarYear": "2006",
        "period": "Q2",
        "revenue": 3935000,
        "costOfRevenue": 0,
        "grossProfit": 3935000,
        "grossProfitRatio": 1,
        "researchAndDevelopmentExpenses": 0,
        "generalAndAdministrativeExpenses": 180000,
        "sellingAndMarketingExpenses": 0,
        "sellingGeneralAndAdministrativeExpenses": 180000,
        "otherExpenses": 1715000,
        "operatingExpenses": 1895000,
        "costAndExpenses": 1895000,
        "interestIncome": 0,
        "interestExpense": 0,
        "depreciationAndAmortization": 584000,
        "ebitda": 0,
        "ebitdaratio": 0,
        "operatingIncome": 2040000,
        "operatingIncomeRatio": 0.5184243964,
        "totalOtherIncomeExpensesNet": -2040000,
        "incomeBeforeTax": 2528000,
        "incomeBeforeTaxRatio": 0.6424396442,
        "incomeTaxExpense": -2528000,
        "netIncome": 2528000,
        "netIncomeRatio": 0.6424396442,
        "eps": 0.36,
        "epsdiluted": 0.36,
        "weightedAverageShsOut": 7055100,
        "weightedAverageShsOutDil": 7055100,
        "link": null,
        "finalLink": null
    },
    {
        "date": "2005-09-30",
        "symbol": "PBY",
        "reportedCurrency": "USD",
        "cik": "0001287032",
        "fillingDate": "2005-09-30",
        "acceptedDate": "2005-09-30 00:00:00",
        "calendarYear": "2006",
        "period": "Q1",
        "revenue": 3109000,
        "costOfRevenue": 0,
        "grossProfit": 3109000,
        "grossProfitRatio": 1,
        "researchAndDevelopmentExpenses": 0,
        "generalAndAdministrativeExpenses": 149000,
        "sellingAndMarketingExpenses": 0,
        "sellingGeneralAndAdministrativeExpenses": 149000,
        "otherExpenses": 1545000,
        "operatingExpenses": 1694000,
        "costAndExpenses": 1694000,
        "interestIncome": 0,
        "interestExpense": 0,
        "depreciationAndAmortization": -207000,
        "ebitda": 0,
        "ebitdaratio": 0,
        "operatingIncome": 1415000,
        "operatingIncomeRatio": 0.455130267,
        "totalOtherIncomeExpensesNet": -1415000,
        "incomeBeforeTax": 1473000,
        "incomeBeforeTaxRatio": 0.4737857832,
        "incomeTaxExpense": -1473000,
        "netIncome": 1473000,
        "netIncomeRatio": 0.4737857832,
        "eps": 0.21,
        "epsdiluted": 0.21,
        "weightedAverageShsOut": 7055100,
        "weightedAverageShsOutDil": 7055100,
        "link": null,
        "finalLink": null
    },
    {
        "date": "2005-06-30",
        "symbol": "PBY",
        "reportedCurrency": "USD",
        "cik": "0001287032",
        "fillingDate": "2005-06-30",
        "acceptedDate": "2005-06-30 00:00:00",
        "calendarYear": "2005",
        "period": "Q4",
        "revenue": 3093000,
        "costOfRevenue": 0,
        "grossProfit": 3093000,
        "grossProfitRatio": 1,
        "researchAndDevelopmentExpenses": 0,
        "generalAndAdministrativeExpenses": 143000,
        "sellingAndMarketingExpenses": 0,
        "sellingGeneralAndAdministrativeExpenses": 143000,
        "otherExpenses": 1777000,
        "operatingExpenses": 1920000,
        "costAndExpenses": 1920000,
        "interestIncome": 0,
        "interestExpense": 0,
        "depreciationAndAmortization": 5926000,
        "ebitda": 7099000,
        "ebitdaratio": 2.2951826705,
        "operatingIncome": 1173000,
        "operatingIncomeRatio": 0.379243453,
        "totalOtherIncomeExpensesNet": -1173000,
        "incomeBeforeTax": 6764000,
        "incomeBeforeTaxRatio": 2.1868735855,
        "incomeTaxExpense": -7099000,
        "netIncome": 7099000,
        "netIncomeRatio": 2.2951826705,
        "eps": 0.99,
        "epsdiluted": 0.99,
        "weightedAverageShsOut": 7182609,
        "weightedAverageShsOutDil": 7182609,
        "link": null,
        "finalLink": null
    },
    {
        "date": "2005-03-31",
        "symbol": "PBY",
        "reportedCurrency": "USD",
        "cik": "0001287032",
        "fillingDate": "2005-03-31",
        "acceptedDate": "2005-03-31 00:00:00",
        "calendarYear": "2005",
        "period": "Q3",
        "revenue": 1788000,
        "costOfRevenue": 0,
        "grossProfit": 1788000,
        "grossProfitRatio": 1,
        "researchAndDevelopmentExpenses": 0,
        "generalAndAdministrativeExpenses": 15000,
        "sellingAndMarketingExpenses": 0,
        "sellingGeneralAndAdministrativeExpenses": 15000,
        "otherExpenses": 1329000,
        "operatingExpenses": 1344000,
        "costAndExpenses": 1344000,
        "interestIncome": 0,
        "interestExpense": 0,
        "depreciationAndAmortization": 414000,
        "ebitda": 858000,
        "ebitdaratio": 0.4798657718,
        "operatingIncome": 444000,
        "operatingIncomeRatio": 0.2483221477,
        "totalOtherIncomeExpensesNet": -444000,
        "incomeBeforeTax": 523000,
        "incomeBeforeTaxRatio": 0.2925055928,
        "incomeTaxExpense": -858000,
        "netIncome": 858000,
        "netIncomeRatio": 0.4798657718,
        "eps": 0.12,
        "epsdiluted": 0.12,
        "weightedAverageShsOut": 7150000,
        "weightedAverageShsOutDil": 7150000,
        "link": null,
        "finalLink": null
    },
    {
        "date": "2004-12-31",
        "symbol": "PBY",
        "reportedCurrency": "USD",
        "cik": "0001287032",
        "fillingDate": "2004-12-31",
        "acceptedDate": "2004-12-31 00:00:00",
        "calendarYear": "2005",
        "period": "Q2",
        "revenue": 2947000,
        "costOfRevenue": 0,
        "grossProfit": 2947000,
        "grossProfitRatio": 1,
        "researchAndDevelopmentExpenses": 0,
        "generalAndAdministrativeExpenses": 1000,
        "sellingAndMarketingExpenses": 0,
        "sellingGeneralAndAdministrativeExpenses": 1000,
        "otherExpenses": 1717000,
        "operatingExpenses": 1718000,
        "costAndExpenses": 1718000,
        "interestIncome": 0,
        "interestExpense": 0,
        "depreciationAndAmortization": -7000,
        "ebitda": 1229000,
        "ebitdaratio": 0.4170342721,
        "operatingIncome": 1229000,
        "operatingIncomeRatio": 0.4170342721,
        "totalOtherIncomeExpensesNet": -1229000,
        "incomeBeforeTax": 1229000,
        "incomeBeforeTaxRatio": 0.4170342721,
        "incomeTaxExpense": -1229000,
        "netIncome": 1229000,
        "netIncomeRatio": 0.4170342721,
        "eps": 0.17,
        "epsdiluted": 0.17,
        "weightedAverageShsOut": 7229412,
        "weightedAverageShsOutDil": 7229412,
        "link": null,
        "finalLink": null
    },
    {
        "date": "2004-09-30",
        "symbol": "PBY",
        "reportedCurrency": "USD",
        "cik": "0001287032",
        "fillingDate": "2004-09-30",
        "acceptedDate": "2004-09-30 00:00:00",
        "calendarYear": "2005",
        "period": "Q1",
        "revenue": 265000,
        "costOfRevenue": 0,
        "grossProfit": 265000,
        "grossProfitRatio": 1,
        "researchAndDevelopmentExpenses": 0,
        "generalAndAdministrativeExpenses": 0,
        "sellingAndMarketingExpenses": 0,
        "sellingGeneralAndAdministrativeExpenses": 32000,
        "otherExpenses": 68000,
        "operatingExpenses": 100000,
        "costAndExpenses": 100000,
        "interestIncome": 0,
        "interestExpense": 0,
        "depreciationAndAmortization": 7000,
        "ebitda": 0,
        "ebitdaratio": 0,
        "operatingIncome": -100000,
        "operatingIncomeRatio": -0.3773584906,
        "totalOtherIncomeExpensesNet": 100000,
        "incomeBeforeTax": -100000,
        "incomeBeforeTaxRatio": -0.3773584906,
        "incomeTaxExpense": 435000,
        "netIncome": -100000,
        "netIncomeRatio": -0.3773584906,
        "eps": -0.0142,
        "epsdiluted": -0.0142,
        "weightedAverageShsOut": 7055100,
        "weightedAverageShsOutDil": 7055100,
        "link": null,
        "finalLink": null
    },
    {
        "date": "2004-06-30",
        "symbol": "PBY",
        "reportedCurrency": "USD",
        "cik": "0001287032",
        "fillingDate": "2004-06-30",
        "acceptedDate": "2004-06-30 00:00:00",
        "calendarYear": "2004",
        "period": "Q4",
        "revenue": 0,
        "costOfRevenue": 0,
        "grossProfit": 0,
        "grossProfitRatio": 0,
        "researchAndDevelopmentExpenses": 0,
        "generalAndAdministrativeExpenses": 0,
        "sellingAndMarketingExpenses": 0,
        "sellingGeneralAndAdministrativeExpenses": 0,
        "otherExpenses": -100000,
        "operatingExpenses": -100000,
        "costAndExpenses": -100000,
        "interestIncome": 0,
        "interestExpense": 0,
        "depreciationAndAmortization": 0,
        "ebitda": -100000,
        "ebitdaratio": 0,
        "operatingIncome": -100000,
        "operatingIncomeRatio": 0,
        "totalOtherIncomeExpensesNet": -100000,
        "incomeBeforeTax": -100000,
        "incomeBeforeTaxRatio": 0,
        "incomeTaxExpense": 0,
        "netIncome": -100000,
        "netIncomeRatio": 0,
        "eps": -0.0142,
        "epsdiluted": -0.0142,
        "weightedAverageShsOut": 7055100,
        "weightedAverageShsOutDil": 7055100,
        "link": null,
        "finalLink": null
    }
]