[
    {
        "date": "2015-12-31",
        "symbol": "PCL",
        "reportedCurrency": "USD",
        "cik": "0000849213",
        "fillingDate": "2016-02-18",
        "acceptedDate": "2016-02-18 16:26:41",
        "calendarYear": "2015",
        "period": "Q4",
        "revenue": 323000000,
        "costOfRevenue": 230000000,
        "grossProfit": 93000000,
        "grossProfitRatio": 0.2879256966,
        "researchAndDevelopmentExpenses": 0,
        "generalAndAdministrativeExpenses": 50000000,
        "sellingAndMarketingExpenses": 10000000,
        "sellingGeneralAndAdministrativeExpenses": 60000000,
        "otherExpenses": 0,
        "operatingExpenses": 60000000,
        "costAndExpenses": 280000000,
        "interestIncome": 0,
        "interestExpense": 39000000,
        "depreciationAndAmortization": 34000000,
        "ebitda": 104000000,
        "ebitdaratio": 0.3219814241,
        "operatingIncome": 53000000,
        "operatingIncomeRatio": 0.1640866873,
        "totalOtherIncomeExpensesNet": -22000000,
        "incomeBeforeTax": 31000000,
        "incomeBeforeTaxRatio": 0.0959752322,
        "incomeTaxExpense": -3000000,
        "netIncome": 34000000,
        "netIncomeRatio": 0.1052631579,
        "eps": 0.19,
        "epsdiluted": 0.19,
        "weightedAverageShsOut": 174900000,
        "weightedAverageShsOutDil": 175200000,
        "link": "https://www.sec.gov/Archives/edgar/data/849213/000084921316000183/0000849213-16-000183-index.html",
        "finalLink": "https://www.sec.gov/Archives/edgar/data/849213/000084921316000183/a10-k20151231.htm"
    },
    {
        "date": "2015-09-30",
        "symbol": "PCL",
        "reportedCurrency": "USD",
        "cik": "0000849213",
        "fillingDate": "2015-11-03",
        "acceptedDate": "2015-11-03 16:27:11",
        "calendarYear": "2015",
        "period": "Q3",
        "revenue": 414000000,
        "costOfRevenue": 265000000,
        "grossProfit": 149000000,
        "grossProfitRatio": 0.3599033816,
        "researchAndDevelopmentExpenses": 0,
        "generalAndAdministrativeExpenses": 35000000,
        "sellingAndMarketingExpenses": 1000000,
        "sellingGeneralAndAdministrativeExpenses": 36000000,
        "otherExpenses": 0,
        "operatingExpenses": 36000000,
        "costAndExpenses": 300000000,
        "interestIncome": 0,
        "interestExpense": 41000000,
        "depreciationAndAmortization": 34000000,
        "ebitda": 174000000,
        "ebitdaratio": 0.4202898551,
        "operatingIncome": 115000000,
        "operatingIncomeRatio": 0.2777777778,
        "totalOtherIncomeExpensesNet": -16000000,
        "incomeBeforeTax": 99000000,
        "incomeBeforeTaxRatio": 0.2391304348,
        "incomeTaxExpense": -1000000,
        "netIncome": 100000000,
        "netIncomeRatio": 0.2415458937,
        "eps": 0.57,
        "epsdiluted": 0.57,
        "weightedAverageShsOut": 175200000,
        "weightedAverageShsOutDil": 175500000,
        "link": "https://www.sec.gov/Archives/edgar/data/849213/000084921315000105/0000849213-15-000105-index.html",
        "finalLink": "https://www.sec.gov/Archives/edgar/data/849213/000084921315000105/a10-q20150930.htm"
    },
    {
        "date": "2015-06-30",
        "symbol": "PCL",
        "reportedCurrency": "USD",
        "cik": "0000849213",
        "fillingDate": "2015-08-04",
        "acceptedDate": "2015-08-04 16:14:16",
        "calendarYear": "2015",
        "period": "Q2",
        "revenue": 302000000,
        "costOfRevenue": 227000000,
        "grossProfit": 75000000,
        "grossProfitRatio": 0.2483443709,
        "researchAndDevelopmentExpenses": 0,
        "generalAndAdministrativeExpenses": 32000000,
        "sellingAndMarketingExpenses": 2000000,
        "sellingGeneralAndAdministrativeExpenses": 34000000,
        "otherExpenses": 0,
        "operatingExpenses": 34000000,
        "costAndExpenses": 259000000,
        "interestIncome": 0,
        "interestExpense": 42000000,
        "depreciationAndAmortization": 32000000,
        "ebitda": 96000000,
        "ebitdaratio": 0.3178807947,
        "operatingIncome": 45000000,
        "operatingIncomeRatio": 0.1490066225,
        "totalOtherIncomeExpensesNet": -23000000,
        "incomeBeforeTax": 22000000,
        "incomeBeforeTaxRatio": 0.0728476821,
        "incomeTaxExpense": 1000000,
        "netIncome": 21000000,
        "netIncomeRatio": 0.0695364238,
        "eps": 0.12,
        "epsdiluted": 0.12,
        "weightedAverageShsOut": 175700000,
        "weightedAverageShsOutDil": 175900000,
        "link": "https://www.sec.gov/Archives/edgar/data/849213/000084921315000084/0000849213-15-000084-index.html",
        "finalLink": "https://www.sec.gov/Archives/edgar/data/849213/000084921315000084/a10-q20150630.htm"
    },
    {
        "date": "2015-03-31",
        "symbol": "PCL",
        "reportedCurrency": "USD",
        "cik": "0000849213",
        "fillingDate": "2015-05-06",
        "acceptedDate": "2015-05-05 19:06:16",
        "calendarYear": "2015",
        "period": "Q1",
        "revenue": 406000000,
        "costOfRevenue": 315000000,
        "grossProfit": 91000000,
        "grossProfitRatio": 0.224137931,
        "researchAndDevelopmentExpenses": 0,
        "generalAndAdministrativeExpenses": 33000000,
        "sellingAndMarketingExpenses": 3000000,
        "sellingGeneralAndAdministrativeExpenses": 36000000,
        "otherExpenses": 0,
        "operatingExpenses": 36000000,
        "costAndExpenses": 348000000,
        "interestIncome": 0,
        "interestExpense": 41000000,
        "depreciationAndAmortization": 33000000,
        "ebitda": 116000000,
        "ebitdaratio": 0.2857142857,
        "operatingIncome": 61000000,
        "operatingIncomeRatio": 0.1502463054,
        "totalOtherIncomeExpensesNet": -19000000,
        "incomeBeforeTax": 42000000,
        "incomeBeforeTaxRatio": 0.1034482759,
        "incomeTaxExpense": 0,
        "netIncome": 42000000,
        "netIncomeRatio": 0.1034482759,
        "eps": 0.24,
        "epsdiluted": 0.24,
        "weightedAverageShsOut": 175900000,
        "weightedAverageShsOutDil": 176200000,
        "link": "https://www.sec.gov/Archives/edgar/data/849213/000084921315000068/0000849213-15-000068-index.html",
        "finalLink": "https://www.sec.gov/Archives/edgar/data/849213/000084921315000068/a10-q20150331.htm"
    },
    {
        "date": "2014-12-31",
        "symbol": "PCL",
        "reportedCurrency": "USD",
        "cik": "0000849213",
        "fillingDate": "2015-02-26",
        "acceptedDate": "2015-02-26 16:28:41",
        "calendarYear": "2014",
        "period": "Q4",
        "revenue": 428000000,
        "costOfRevenue": 309000000,
        "grossProfit": 119000000,
        "grossProfitRatio": 0.2780373832,
        "researchAndDevelopmentExpenses": 0,
        "generalAndAdministrativeExpenses": 33000000,
        "sellingAndMarketingExpenses": 6000000,
        "sellingGeneralAndAdministrativeExpenses": 39000000,
        "otherExpenses": 0,
        "operatingExpenses": 39000000,
        "costAndExpenses": 342000000,
        "interestIncome": 0,
        "interestExpense": 42000000,
        "depreciationAndAmortization": 37000000,
        "ebitda": 151000000,
        "ebitdaratio": 0.3528037383,
        "operatingIncome": 92000000,
        "operatingIncomeRatio": 0.214953271,
        "totalOtherIncomeExpensesNet": -20000000,
        "incomeBeforeTax": 72000000,
        "incomeBeforeTaxRatio": 0.1682242991,
        "incomeTaxExpense": 4000000,
        "netIncome": 68000000,
        "netIncomeRatio": 0.1588785047,
        "eps": 0.38,
        "epsdiluted": 0.38,
        "weightedAverageShsOut": 176700000,
        "weightedAverageShsOutDil": 177000000,
        "link": "https://www.sec.gov/Archives/edgar/data/849213/000084921315000050/0000849213-15-000050-index.htm",
        "finalLink": "https://www.sec.gov/Archives/edgar/data/849213/000084921315000050/a10-k20141231.htm"
    },
    {
        "date": "2014-09-30",
        "symbol": "PCL",
        "reportedCurrency": "USD",
        "cik": "0000849213",
        "fillingDate": "2014-11-04",
        "acceptedDate": "2014-11-04 16:19:19",
        "calendarYear": "2014",
        "period": "Q3",
        "revenue": 375000000,
        "costOfRevenue": 266000000,
        "grossProfit": 109000000,
        "grossProfitRatio": 0.2906666667,
        "researchAndDevelopmentExpenses": 0,
        "generalAndAdministrativeExpenses": 23000000,
        "sellingAndMarketingExpenses": 5000000,
        "sellingGeneralAndAdministrativeExpenses": 28000000,
        "otherExpenses": 0,
        "operatingExpenses": 28000000,
        "costAndExpenses": 289000000,
        "interestIncome": 0,
        "interestExpense": 41000000,
        "depreciationAndAmortization": 35000000,
        "ebitda": 141000000,
        "ebitdaratio": 0.376,
        "operatingIncome": 91000000,
        "operatingIncomeRatio": 0.2426666667,
        "totalOtherIncomeExpensesNet": -26000000,
        "incomeBeforeTax": 65000000,
        "incomeBeforeTaxRatio": 0.1733333333,
        "incomeTaxExpense": 4000000,
        "netIncome": 61000000,
        "netIncomeRatio": 0.1626666667,
        "eps": 0.34,
        "epsdiluted": 0.34,
        "weightedAverageShsOut": 177000000,
        "weightedAverageShsOutDil": 177300000,
        "link": "https://www.sec.gov/Archives/edgar/data/849213/000084921314000039/0000849213-14-000039-index.html",
        "finalLink": "https://www.sec.gov/Archives/edgar/data/849213/000084921314000039/a10-q20140930.htm"
    },
    {
        "date": "2014-06-30",
        "symbol": "PCL",
        "reportedCurrency": "USD",
        "cik": "0000849213",
        "fillingDate": "2014-08-05",
        "acceptedDate": "2014-08-05 16:39:25",
        "calendarYear": "2014",
        "period": "Q2",
        "revenue": 673000000,
        "costOfRevenue": 479000000,
        "grossProfit": 194000000,
        "grossProfitRatio": 0.2882615156,
        "researchAndDevelopmentExpenses": 0,
        "generalAndAdministrativeExpenses": 59000000,
        "sellingAndMarketingExpenses": 4000000,
        "sellingGeneralAndAdministrativeExpenses": 63000000,
        "otherExpenses": 0,
        "operatingExpenses": 63000000,
        "costAndExpenses": 538000000,
        "interestIncome": 0,
        "interestExpense": 83000000,
        "depreciationAndAmortization": 66000000,
        "ebitda": 204000000,
        "ebitdaratio": 0.3031203566,
        "operatingIncome": 109000000,
        "operatingIncomeRatio": 0.161961367,
        "totalOtherIncomeExpensesNet": -54000000,
        "incomeBeforeTax": 55000000,
        "incomeBeforeTaxRatio": 0.0817236256,
        "incomeTaxExpense": 0,
        "netIncome": 55000000,
        "netIncomeRatio": 0.0817236256,
        "eps": 0.31,
        "epsdiluted": 0.31,
        "weightedAverageShsOut": 177100000,
        "weightedAverageShsOutDil": 177400000,
        "link": "https://www.sec.gov/Archives/edgar/data/849213/000084921314000025/0000849213-14-000025-index.html",
        "finalLink": "https://www.sec.gov/Archives/edgar/data/849213/000084921314000025/a10-q20140630.htm"
    },
    {
        "date": "2014-03-31",
        "symbol": "PCL",
        "reportedCurrency": "USD",
        "cik": "0000849213",
        "fillingDate": "2014-05-07",
        "acceptedDate": "2014-05-06 18:48:13",
        "calendarYear": "2014",
        "period": "Q1",
        "revenue": 317000000,
        "costOfRevenue": 232000000,
        "grossProfit": 85000000,
        "grossProfitRatio": 0.2681388013,
        "researchAndDevelopmentExpenses": 0,
        "generalAndAdministrativeExpenses": 29000000,
        "sellingAndMarketingExpenses": -28000000,
        "sellingGeneralAndAdministrativeExpenses": 1000000,
        "otherExpenses": 0,
        "operatingExpenses": 1000000,
        "costAndExpenses": 261000000,
        "interestIncome": 0,
        "interestExpense": 0,
        "depreciationAndAmortization": 0,
        "ebitda": 30000000,
        "ebitdaratio": 0.094637224,
        "operatingIncome": 30000000,
        "operatingIncomeRatio": 0.094637224,
        "totalOtherIncomeExpensesNet": 0,
        "incomeBeforeTax": 30000000,
        "incomeBeforeTaxRatio": 0.094637224,
        "incomeTaxExpense": 0,
        "netIncome": 30000000,
        "netIncomeRatio": 0.094637224,
        "eps": 0.17,
        "epsdiluted": 0.17,
        "weightedAverageShsOut": 177000000,
        "weightedAverageShsOutDil": 177300000,
        "link": "https://www.sec.gov/Archives/edgar/data/849213/000084921314000018/0000849213-14-000018-index.html",
        "finalLink": "https://www.sec.gov/Archives/edgar/data/849213/000084921314000018/a10-q20140331.htm"
    },
    {
        "date": "2013-12-31",
        "symbol": "PCL",
        "reportedCurrency": "USD",
        "cik": "0000849213",
        "fillingDate": "2014-02-28",
        "acceptedDate": "2014-02-28 16:26:13",
        "calendarYear": "2013",
        "period": "Q4",
        "revenue": 331000000,
        "costOfRevenue": 233000000,
        "grossProfit": 98000000,
        "grossProfitRatio": 0.2960725076,
        "researchAndDevelopmentExpenses": 0,
        "generalAndAdministrativeExpenses": 34000000,
        "sellingAndMarketingExpenses": 0,
        "sellingGeneralAndAdministrativeExpenses": 34000000,
        "otherExpenses": 0,
        "operatingExpenses": 34000000,
        "costAndExpenses": 267000000,
        "interestIncome": 0,
        "interestExpense": 37000000,
        "depreciationAndAmortization": 33000000,
        "ebitda": 109000000,
        "ebitdaratio": 0.329305136,
        "operatingIncome": 64000000,
        "operatingIncomeRatio": 0.1933534743,
        "totalOtherIncomeExpensesNet": -25000000,
        "incomeBeforeTax": 39000000,
        "incomeBeforeTaxRatio": 0.1178247734,
        "incomeTaxExpense": -1000000,
        "netIncome": 40000000,
        "netIncomeRatio": 0.1208459215,
        "eps": 0.24,
        "epsdiluted": 0.24,
        "weightedAverageShsOut": 164600000,
        "weightedAverageShsOutDil": 165000000,
        "link": "https://www.sec.gov/Archives/edgar/data/849213/000084921314000010/0000849213-14-000010-index.htm",
        "finalLink": "https://www.sec.gov/Archives/edgar/data/849213/000084921314000010/a10-k20131231.htm"
    },
    {
        "date": "2013-09-30",
        "symbol": "PCL",
        "reportedCurrency": "USD",
        "cik": "0000849213",
        "fillingDate": "2013-11-08",
        "acceptedDate": "2013-11-07 18:46:29",
        "calendarYear": "2013",
        "period": "Q3",
        "revenue": 366000000,
        "costOfRevenue": 244000000,
        "grossProfit": 122000000,
        "grossProfitRatio": 0.3333333333,
        "researchAndDevelopmentExpenses": 0,
        "generalAndAdministrativeExpenses": 28000000,
        "sellingAndMarketingExpenses": -3000000,
        "sellingGeneralAndAdministrativeExpenses": 25000000,
        "otherExpenses": 0,
        "operatingExpenses": 25000000,
        "costAndExpenses": 272000000,
        "interestIncome": 0,
        "interestExpense": 34000000,
        "depreciationAndAmortization": 35000000,
        "ebitda": 142000000,
        "ebitdaratio": 0.3879781421,
        "operatingIncome": 91000000,
        "operatingIncomeRatio": 0.2486338798,
        "totalOtherIncomeExpensesNet": -18000000,
        "incomeBeforeTax": 73000000,
        "incomeBeforeTaxRatio": 0.1994535519,
        "incomeTaxExpense": 1000000,
        "netIncome": 72000000,
        "netIncomeRatio": 0.1967213115,
        "eps": 0.44,
        "epsdiluted": 0.44,
        "weightedAverageShsOut": 162700000,
        "weightedAverageShsOutDil": 163200000,
        "link": "https://www.sec.gov/Archives/edgar/data/849213/000084921313000031/0000849213-13-000031-index.html",
        "finalLink": "https://www.sec.gov/Archives/edgar/data/849213/000084921313000031/a10-q20130930.htm"
    },
    {
        "date": "2013-06-30",
        "symbol": "PCL",
        "reportedCurrency": "USD",
        "cik": "0000849213",
        "fillingDate": "2013-08-06",
        "acceptedDate": "2013-08-06 16:49:26",
        "calendarYear": "2013",
        "period": "Q2",
        "revenue": 303000000,
        "costOfRevenue": 213000000,
        "grossProfit": 90000000,
        "grossProfitRatio": 0.297029703,
        "researchAndDevelopmentExpenses": 0,
        "generalAndAdministrativeExpenses": 29000000,
        "sellingAndMarketingExpenses": 1000000,
        "sellingGeneralAndAdministrativeExpenses": 30000000,
        "otherExpenses": 0,
        "operatingExpenses": 30000000,
        "costAndExpenses": 242000000,
        "interestIncome": 0,
        "interestExpense": 35000000,
        "depreciationAndAmortization": 25000000,
        "ebitda": 104000000,
        "ebitdaratio": 0.3432343234,
        "operatingIncome": 62000000,
        "operatingIncomeRatio": 0.204620462,
        "totalOtherIncomeExpensesNet": -18000000,
        "incomeBeforeTax": 44000000,
        "incomeBeforeTaxRatio": 0.1452145215,
        "incomeTaxExpense": -2000000,
        "netIncome": 46000000,
        "netIncomeRatio": 0.1518151815,
        "eps": 0.28,
        "epsdiluted": 0.28,
        "weightedAverageShsOut": 162600000,
        "weightedAverageShsOutDil": 163100000,
        "link": "https://www.sec.gov/Archives/edgar/data/849213/000084921313000024/0000849213-13-000024-index.html",
        "finalLink": "https://www.sec.gov/Archives/edgar/data/849213/000084921313000024/a10-q20130630.htm"
    },
    {
        "date": "2013-03-31",
        "symbol": "PCL",
        "reportedCurrency": "USD",
        "cik": "0000849213",
        "fillingDate": "2013-05-08",
        "acceptedDate": "2013-05-07 18:54:40",
        "calendarYear": "2013",
        "period": "Q1",
        "revenue": 340000000,
        "costOfRevenue": 230000000,
        "grossProfit": 110000000,
        "grossProfitRatio": 0.3235294118,
        "researchAndDevelopmentExpenses": 0,
        "generalAndAdministrativeExpenses": 32000000,
        "sellingAndMarketingExpenses": 0,
        "sellingGeneralAndAdministrativeExpenses": 32000000,
        "otherExpenses": 0,
        "operatingExpenses": 32000000,
        "costAndExpenses": 262000000,
        "interestIncome": 0,
        "interestExpense": 35000000,
        "depreciationAndAmortization": 26000000,
        "ebitda": 118000000,
        "ebitdaratio": 0.3470588235,
        "operatingIncome": 78000000,
        "operatingIncomeRatio": 0.2294117647,
        "totalOtherIncomeExpensesNet": -21000000,
        "incomeBeforeTax": 57000000,
        "incomeBeforeTaxRatio": 0.1676470588,
        "incomeTaxExpense": 1000000,
        "netIncome": 56000000,
        "netIncomeRatio": 0.1647058824,
        "eps": 0.35,
        "epsdiluted": 0.34,
        "weightedAverageShsOut": 162300000,
        "weightedAverageShsOutDil": 162800000,
        "link": "https://www.sec.gov/Archives/edgar/data/849213/000084921313000016/0000849213-13-000016-index.html",
        "finalLink": "https://www.sec.gov/Archives/edgar/data/849213/000084921313000016/a10-q20130331.htm"
    },
    {
        "date": "2012-12-31",
        "symbol": "PCL",
        "reportedCurrency": "USD",
        "cik": "0000849213",
        "fillingDate": "2013-02-22",
        "acceptedDate": "2013-02-22 16:24:23",
        "calendarYear": "2012",
        "period": "Q4",
        "revenue": 354000000,
        "costOfRevenue": 227000000,
        "grossProfit": 127000000,
        "grossProfitRatio": 0.3587570621,
        "researchAndDevelopmentExpenses": 0,
        "generalAndAdministrativeExpenses": 30000000,
        "sellingAndMarketingExpenses": 0,
        "sellingGeneralAndAdministrativeExpenses": 30000000,
        "otherExpenses": 0,
        "operatingExpenses": 30000000,
        "costAndExpenses": 257000000,
        "interestIncome": 0,
        "interestExpense": 36000000,
        "depreciationAndAmortization": 27000000,
        "ebitda": 141000000,
        "ebitdaratio": 0.3983050847,
        "operatingIncome": 97000000,
        "operatingIncomeRatio": 0.2740112994,
        "totalOtherIncomeExpensesNet": -19000000,
        "incomeBeforeTax": 78000000,
        "incomeBeforeTaxRatio": 0.2203389831,
        "incomeTaxExpense": -1000000,
        "netIncome": 79000000,
        "netIncomeRatio": 0.2231638418,
        "eps": 0.49,
        "epsdiluted": 0.49,
        "weightedAverageShsOut": 161500000,
        "weightedAverageShsOutDil": 161900000,
        "link": "https://www.sec.gov/Archives/edgar/data/849213/000084921313000007/0000849213-13-000007-index.html",
        "finalLink": "https://www.sec.gov/Archives/edgar/data/849213/000084921313000007/a10-k20121231.htm"
    },
    {
        "date": "2012-09-30",
        "symbol": "PCL",
        "reportedCurrency": "USD",
        "cik": "0000849213",
        "fillingDate": "2012-11-06",
        "acceptedDate": "2012-11-06 16:35:20",
        "calendarYear": "2012",
        "period": "Q3",
        "revenue": 354000000,
        "costOfRevenue": 244000000,
        "grossProfit": 110000000,
        "grossProfitRatio": 0.3107344633,
        "researchAndDevelopmentExpenses": 0,
        "generalAndAdministrativeExpenses": 31000000,
        "sellingAndMarketingExpenses": 0,
        "sellingGeneralAndAdministrativeExpenses": 31000000,
        "otherExpenses": 0,
        "operatingExpenses": 31000000,
        "costAndExpenses": 275000000,
        "interestIncome": 0,
        "interestExpense": 35000000,
        "depreciationAndAmortization": 143000000,
        "ebitda": 236000000,
        "ebitdaratio": 0.6666666667,
        "operatingIncome": 79000000,
        "operatingIncomeRatio": 0.2231638418,
        "totalOtherIncomeExpensesNet": -21000000,
        "incomeBeforeTax": 58000000,
        "incomeBeforeTaxRatio": 0.1638418079,
        "incomeTaxExpense": -1000000,
        "netIncome": 59000000,
        "netIncomeRatio": 0.1666666667,
        "eps": 0.37,
        "epsdiluted": 0.36,
        "weightedAverageShsOut": 161500000,
        "weightedAverageShsOutDil": 161800000,
        "link": "https://www.sec.gov/Archives/edgar/data/849213/000084921312000037/0000849213-12-000037-index.html",
        "finalLink": "https://www.sec.gov/Archives/edgar/data/849213/000084921312000037/a10-q20120930.htm"
    },
    {
        "date": "2012-06-30",
        "symbol": "PCL",
        "reportedCurrency": "USD",
        "cik": "0000849213",
        "fillingDate": "2012-08-07",
        "acceptedDate": "2012-08-07 16:27:31",
        "calendarYear": "2012",
        "period": "Q2",
        "revenue": 294000000,
        "costOfRevenue": 213000000,
        "grossProfit": 81000000,
        "grossProfitRatio": 0.2755102041,
        "researchAndDevelopmentExpenses": 0,
        "generalAndAdministrativeExpenses": 27000000,
        "sellingAndMarketingExpenses": 1000000,
        "sellingGeneralAndAdministrativeExpenses": 28000000,
        "otherExpenses": 0,
        "operatingExpenses": 28000000,
        "costAndExpenses": 240000000,
        "interestIncome": 0,
        "interestExpense": 34000000,
        "depreciationAndAmortization": -29000000,
        "ebitda": 41000000,
        "ebitdaratio": 0.1394557823,
        "operatingIncome": 55000000,
        "operatingIncomeRatio": 0.1870748299,
        "totalOtherIncomeExpensesNet": -19000000,
        "incomeBeforeTax": 36000000,
        "incomeBeforeTaxRatio": 0.1224489796,
        "incomeTaxExpense": 0,
        "netIncome": 36000000,
        "netIncomeRatio": 0.1224489796,
        "eps": 0.22,
        "epsdiluted": 0.22,
        "weightedAverageShsOut": 161400000,
        "weightedAverageShsOutDil": 161700000,
        "link": "https://www.sec.gov/Archives/edgar/data/849213/000084921312000031/0000849213-12-000031-index.html",
        "finalLink": "https://www.sec.gov/Archives/edgar/data/849213/000084921312000031/a10-q20120630.htm"
    },
    {
        "date": "2012-03-31",
        "symbol": "PCL",
        "reportedCurrency": "USD",
        "cik": "0000849213",
        "fillingDate": "2012-05-09",
        "acceptedDate": "2012-05-08 20:00:00",
        "calendarYear": "2012",
        "period": "Q1",
        "revenue": 337000000,
        "costOfRevenue": 259000000,
        "grossProfit": 78000000,
        "grossProfitRatio": 0.2314540059,
        "researchAndDevelopmentExpenses": 0,
        "generalAndAdministrativeExpenses": 28000000,
        "sellingAndMarketingExpenses": 0,
        "sellingGeneralAndAdministrativeExpenses": 28000000,
        "otherExpenses": 0,
        "operatingExpenses": 28000000,
        "costAndExpenses": 287000000,
        "interestIncome": 0,
        "interestExpense": 35000000,
        "depreciationAndAmortization": -27000000,
        "ebitda": 36000000,
        "ebitdaratio": 0.1068249258,
        "operatingIncome": 50000000,
        "operatingIncomeRatio": 0.1483679525,
        "totalOtherIncomeExpensesNet": -22000000,
        "incomeBeforeTax": 28000000,
        "incomeBeforeTaxRatio": 0.0830860534,
        "incomeTaxExpense": -1000000,
        "netIncome": 29000000,
        "netIncomeRatio": 0.0860534125,
        "eps": 0.18,
        "epsdiluted": 0.18,
        "weightedAverageShsOut": 161400000,
        "weightedAverageShsOutDil": 161700000,
        "link": "https://www.sec.gov/Archives/edgar/data/849213/000084921312000017/0000849213-12-000017-index.htm",
        "finalLink": "https://www.sec.gov/Archives/edgar/data/849213/000084921312000017/a10-q20120331.htm"
    },
    {
        "date": "2011-12-31",
        "symbol": "PCL",
        "reportedCurrency": "USD",
        "cik": "0000849213",
        "fillingDate": "2012-02-24",
        "acceptedDate": "2012-02-24 16:25:34",
        "calendarYear": "2011",
        "period": "Q4",
        "revenue": 315000000,
        "costOfRevenue": 203000000,
        "grossProfit": 112000000,
        "grossProfitRatio": 0.3555555556,
        "researchAndDevelopmentExpenses": 0,
        "generalAndAdministrativeExpenses": 29000000,
        "sellingAndMarketingExpenses": 0,
        "sellingGeneralAndAdministrativeExpenses": 29000000,
        "otherExpenses": 0,
        "operatingExpenses": 29000000,
        "costAndExpenses": 232000000,
        "interestIncome": 0,
        "interestExpense": 35000000,
        "depreciationAndAmortization": 166000000,
        "ebitda": 261000000,
        "ebitdaratio": 0.8285714286,
        "operatingIncome": 83000000,
        "operatingIncomeRatio": 0.2634920635,
        "totalOtherIncomeExpensesNet": -23000000,
        "incomeBeforeTax": 60000000,
        "incomeBeforeTaxRatio": 0.1904761905,
        "incomeTaxExpense": -1000000,
        "netIncome": 61000000,
        "netIncomeRatio": 0.1936507937,
        "eps": 0.38,
        "epsdiluted": 0.38,
        "weightedAverageShsOut": 161700000,
        "weightedAverageShsOutDil": 162000000,
        "link": "https://www.sec.gov/Archives/edgar/data/849213/000084921312000007/0000849213-12-000007-index.html",
        "finalLink": "https://www.sec.gov/Archives/edgar/data/849213/000084921312000007/a10-k20111231.htm"
    },
    {
        "date": "2011-09-30",
        "symbol": "PCL",
        "reportedCurrency": "USD",
        "cik": "0000849213",
        "fillingDate": "2011-11-01",
        "acceptedDate": "2011-11-01 16:35:20",
        "calendarYear": "2011",
        "period": "Q3",
        "revenue": 293000000,
        "costOfRevenue": 200000000,
        "grossProfit": 93000000,
        "grossProfitRatio": 0.3174061433,
        "researchAndDevelopmentExpenses": 0,
        "generalAndAdministrativeExpenses": 24000000,
        "sellingAndMarketingExpenses": 0,
        "sellingGeneralAndAdministrativeExpenses": 24000000,
        "otherExpenses": 0,
        "operatingExpenses": 24000000,
        "costAndExpenses": 224000000,
        "interestIncome": 0,
        "interestExpense": 34000000,
        "depreciationAndAmortization": -26000000,
        "ebitda": 57000000,
        "ebitdaratio": 0.1945392491,
        "operatingIncome": 69000000,
        "operatingIncomeRatio": 0.2354948805,
        "totalOtherIncomeExpensesNet": -20000000,
        "incomeBeforeTax": 49000000,
        "incomeBeforeTaxRatio": 0.1672354949,
        "incomeTaxExpense": -1000000,
        "netIncome": 50000000,
        "netIncomeRatio": 0.1706484642,
        "eps": 0.31,
        "epsdiluted": 0.31,
        "weightedAverageShsOut": 161900000,
        "weightedAverageShsOutDil": 162200000,
        "link": "https://www.sec.gov/Archives/edgar/data/849213/000084921311000014/0000849213-11-000014-index.html",
        "finalLink": "https://www.sec.gov/Archives/edgar/data/849213/000084921311000014/a10-q20110930.htm"
    },
    {
        "date": "2011-06-30",
        "symbol": "PCL",
        "reportedCurrency": "USD",
        "cik": "0000849213",
        "fillingDate": "2011-08-05",
        "acceptedDate": "2011-08-05 13:08:32",
        "calendarYear": "2011",
        "period": "Q2",
        "revenue": 284000000,
        "costOfRevenue": 196000000,
        "grossProfit": 88000000,
        "grossProfitRatio": 0.3098591549,
        "researchAndDevelopmentExpenses": 0,
        "generalAndAdministrativeExpenses": 25000000,
        "sellingAndMarketingExpenses": 0,
        "sellingGeneralAndAdministrativeExpenses": 25000000,
        "otherExpenses": 0,
        "operatingExpenses": 25000000,
        "costAndExpenses": 221000000,
        "interestIncome": 0,
        "interestExpense": 35000000,
        "depreciationAndAmortization": -66000000,
        "ebitda": 13000000,
        "ebitdaratio": 0.0457746479,
        "operatingIncome": 63000000,
        "operatingIncomeRatio": 0.2218309859,
        "totalOtherIncomeExpensesNet": -19000000,
        "incomeBeforeTax": 44000000,
        "incomeBeforeTaxRatio": 0.1549295775,
        "incomeTaxExpense": 0,
        "netIncome": 44000000,
        "netIncomeRatio": 0.1549295775,
        "eps": 0.27,
        "epsdiluted": 0.27,
        "weightedAverageShsOut": 161900000,
        "weightedAverageShsOutDil": 162200000,
        "link": "https://www.sec.gov/Archives/edgar/data/849213/000084921311000006/0000849213-11-000006-index.html",
        "finalLink": "https://www.sec.gov/Archives/edgar/data/849213/000084921311000006/a10-q20110630.htm"
    },
    {
        "date": "2011-03-31",
        "symbol": "PCL",
        "reportedCurrency": "USD",
        "cik": "0000849213",
        "fillingDate": "2011-05-04",
        "acceptedDate": "2011-05-04 16:20:31",
        "calendarYear": "2011",
        "period": "Q1",
        "revenue": 275000000,
        "costOfRevenue": 190000000,
        "grossProfit": 85000000,
        "grossProfitRatio": 0.3090909091,
        "researchAndDevelopmentExpenses": 0,
        "generalAndAdministrativeExpenses": 28000000,
        "sellingAndMarketingExpenses": 3000000,
        "sellingGeneralAndAdministrativeExpenses": 31000000,
        "otherExpenses": 0,
        "operatingExpenses": 31000000,
        "costAndExpenses": 218000000,
        "interestIncome": 0,
        "interestExpense": 35000000,
        "depreciationAndAmortization": 22000000,
        "ebitda": 96000000,
        "ebitdaratio": 0.3490909091,
        "operatingIncome": 60000000,
        "operatingIncomeRatio": 0.2181818182,
        "totalOtherIncomeExpensesNet": -21000000,
        "incomeBeforeTax": 39000000,
        "incomeBeforeTaxRatio": 0.1418181818,
        "incomeTaxExpense": 1000000,
        "netIncome": 38000000,
        "netIncomeRatio": 0.1381818182,
        "eps": 0.23,
        "epsdiluted": 0.23,
        "weightedAverageShsOut": 161800000,
        "weightedAverageShsOutDil": 162100000,
        "link": "https://www.sec.gov/Archives/edgar/data/849213/000119312511126074/0001193125-11-126074-index.html",
        "finalLink": "https://www.sec.gov/Archives/edgar/data/849213/000119312511126074/d10q.htm"
    },
    {
        "date": "2010-12-31",
        "symbol": "PCL",
        "reportedCurrency": "USD",
        "cik": "0000849213",
        "fillingDate": "2011-02-25",
        "acceptedDate": "2011-02-24 19:00:00",
        "calendarYear": "2010",
        "period": "Q4",
        "revenue": 356000000,
        "costOfRevenue": 236000000,
        "grossProfit": 120000000,
        "grossProfitRatio": 0.3370786517,
        "researchAndDevelopmentExpenses": 0,
        "generalAndAdministrativeExpenses": 25000000,
        "sellingAndMarketingExpenses": 0,
        "sellingGeneralAndAdministrativeExpenses": 25000000,
        "otherExpenses": 0,
        "operatingExpenses": 25000000,
        "costAndExpenses": 261000000,
        "interestIncome": 0,
        "interestExpense": 79000000,
        "depreciationAndAmortization": 24000000,
        "ebitda": 162000000,
        "ebitdaratio": 0.4550561798,
        "operatingIncome": 95000000,
        "operatingIncomeRatio": 0.2668539326,
        "totalOtherIncomeExpensesNet": -21000000,
        "incomeBeforeTax": 74000000,
        "incomeBeforeTaxRatio": 0.2078651685,
        "incomeTaxExpense": 58000000,
        "netIncome": 59000000,
        "netIncomeRatio": 0.1657303371,
        "eps": 0.36,
        "epsdiluted": 0.36,
        "weightedAverageShsOut": 162100000,
        "weightedAverageShsOutDil": 162300000,
        "link": "https://www.sec.gov/Archives/edgar/data/849213/000119312511047553/0001193125-11-047553-index.htm",
        "finalLink": "https://www.sec.gov/Archives/edgar/data/849213/000119312511047553/d10k.htm"
    },
    {
        "date": "2010-09-30",
        "symbol": "PCL",
        "reportedCurrency": "USD",
        "cik": "0000849213",
        "fillingDate": "2010-11-03",
        "acceptedDate": "2010-11-03 17:25:17",
        "calendarYear": "2010",
        "period": "Q3",
        "revenue": 259000000,
        "costOfRevenue": 188000000,
        "grossProfit": 71000000,
        "grossProfitRatio": 0.2741312741,
        "researchAndDevelopmentExpenses": 0,
        "generalAndAdministrativeExpenses": 20000000,
        "sellingAndMarketingExpenses": 0,
        "sellingGeneralAndAdministrativeExpenses": 20000000,
        "otherExpenses": 0,
        "operatingExpenses": 20000000,
        "costAndExpenses": 208000000,
        "interestIncome": 0,
        "interestExpense": 20000000,
        "depreciationAndAmortization": 24000000,
        "ebitda": 76000000,
        "ebitdaratio": 0.2934362934,
        "operatingIncome": 51000000,
        "operatingIncomeRatio": 0.1969111969,
        "totalOtherIncomeExpensesNet": -5000000,
        "incomeBeforeTax": 46000000,
        "incomeBeforeTaxRatio": 0.1776061776,
        "incomeTaxExpense": 15000000,
        "netIncome": 32000000,
        "netIncomeRatio": 0.1235521236,
        "eps": 0.2,
        "epsdiluted": 0.2,
        "weightedAverageShsOut": 162200000,
        "weightedAverageShsOutDil": 162500000,
        "link": "https://www.sec.gov/Archives/edgar/data/849213/000119312510246358/0001193125-10-246358-index.html",
        "finalLink": "https://www.sec.gov/Archives/edgar/data/849213/000119312510246358/d10q.htm"
    },
    {
        "date": "2010-06-30",
        "symbol": "PCL",
        "reportedCurrency": "USD",
        "cik": "0000849213",
        "fillingDate": "2010-08-04",
        "acceptedDate": "2010-08-04 16:16:15",
        "calendarYear": "2010",
        "period": "Q2",
        "revenue": 258000000,
        "costOfRevenue": 185000000,
        "grossProfit": 73000000,
        "grossProfitRatio": 0.2829457364,
        "researchAndDevelopmentExpenses": 0,
        "generalAndAdministrativeExpenses": 21000000,
        "sellingAndMarketingExpenses": 4000000,
        "sellingGeneralAndAdministrativeExpenses": 25000000,
        "otherExpenses": 0,
        "operatingExpenses": 25000000,
        "costAndExpenses": 206000000,
        "interestIncome": 0,
        "interestExpense": 19000000,
        "depreciationAndAmortization": 24000000,
        "ebitda": 80000000,
        "ebitdaratio": 0.3100775194,
        "operatingIncome": 56000000,
        "operatingIncomeRatio": 0.2170542636,
        "totalOtherIncomeExpensesNet": -4000000,
        "incomeBeforeTax": 52000000,
        "incomeBeforeTaxRatio": 0.2015503876,
        "incomeTaxExpense": 2000000,
        "netIncome": 35000000,
        "netIncomeRatio": 0.1356589147,
        "eps": 0.22,
        "epsdiluted": 0.21,
        "weightedAverageShsOut": 162600000,
        "weightedAverageShsOutDil": 162800000,
        "link": "https://www.sec.gov/Archives/edgar/data/849213/000119312510177205/0001193125-10-177205-index.html",
        "finalLink": "https://www.sec.gov/Archives/edgar/data/849213/000119312510177205/d10q.htm"
    },
    {
        "date": "2010-03-31",
        "symbol": "PCL",
        "reportedCurrency": "USD",
        "cik": "0000849213",
        "fillingDate": "2010-05-05",
        "acceptedDate": "2010-05-05 16:11:07",
        "calendarYear": "2010",
        "period": "Q1",
        "revenue": 317000000,
        "costOfRevenue": 198000000,
        "grossProfit": 119000000,
        "grossProfitRatio": 0.3753943218,
        "researchAndDevelopmentExpenses": 0,
        "generalAndAdministrativeExpenses": 29000000,
        "sellingAndMarketingExpenses": 5000000,
        "sellingGeneralAndAdministrativeExpenses": 34000000,
        "otherExpenses": 0,
        "operatingExpenses": 34000000,
        "costAndExpenses": 227000000,
        "interestIncome": 0,
        "interestExpense": 20000000,
        "depreciationAndAmortization": 24000000,
        "ebitda": 130000000,
        "ebitdaratio": 0.4100946372,
        "operatingIncome": 95000000,
        "operatingIncomeRatio": 0.2996845426,
        "totalOtherIncomeExpensesNet": -6000000,
        "incomeBeforeTax": 89000000,
        "incomeBeforeTaxRatio": 0.2807570978,
        "incomeTaxExpense": -1000000,
        "netIncome": 87000000,
        "netIncomeRatio": 0.2744479495,
        "eps": 0.53,
        "epsdiluted": 0.53,
        "weightedAverageShsOut": 162900000,
        "weightedAverageShsOutDil": 163100000,
        "link": "https://www.sec.gov/Archives/edgar/data/849213/000119312510108855/0001193125-10-108855-index.html",
        "finalLink": "https://www.sec.gov/Archives/edgar/data/849213/000119312510108855/d10q.htm"
    },
    {
        "date": "2009-12-31",
        "symbol": "PCL",
        "reportedCurrency": "USD",
        "cik": "0000849213",
        "fillingDate": "2010-02-25",
        "acceptedDate": "2010-02-25 16:47:45",
        "calendarYear": "2009",
        "period": "Q4",
        "revenue": 258000000,
        "costOfRevenue": 178000000,
        "grossProfit": 80000000,
        "grossProfitRatio": 0.3100775194,
        "researchAndDevelopmentExpenses": 0,
        "generalAndAdministrativeExpenses": 31000000,
        "sellingAndMarketingExpenses": 0,
        "sellingGeneralAndAdministrativeExpenses": 31000000,
        "otherExpenses": 0,
        "operatingExpenses": 31000000,
        "costAndExpenses": 209000000,
        "interestIncome": 0,
        "interestExpense": -20000000,
        "depreciationAndAmortization": 24000000,
        "ebitda": 32000000,
        "ebitdaratio": 0.1240310078,
        "operatingIncome": 49000000,
        "operatingIncomeRatio": 0.1899224806,
        "totalOtherIncomeExpensesNet": -26000000,
        "incomeBeforeTax": 23000000,
        "incomeBeforeTaxRatio": 0.0891472868,
        "incomeTaxExpense": -46000000,
        "netIncome": 28000000,
        "netIncomeRatio": 0.1085271318,
        "eps": 0.17,
        "epsdiluted": 0.17,
        "weightedAverageShsOut": 163300000,
        "weightedAverageShsOutDil": 163400000,
        "link": "https://www.sec.gov/Archives/edgar/data/849213/000119312510040793/0001193125-10-040793-index.html",
        "finalLink": "https://www.sec.gov/Archives/edgar/data/849213/000119312510040793/d10k.htm"
    },
    {
        "date": "2009-09-30",
        "symbol": "PCL",
        "reportedCurrency": "USD",
        "cik": "0000849213",
        "fillingDate": "2009-11-04",
        "acceptedDate": "2009-11-04 16:43:09",
        "calendarYear": "2009",
        "period": "Q3",
        "revenue": 294000000,
        "costOfRevenue": 236000000,
        "grossProfit": 58000000,
        "grossProfitRatio": 0.1972789116,
        "researchAndDevelopmentExpenses": 0,
        "generalAndAdministrativeExpenses": 20000000,
        "sellingAndMarketingExpenses": 0,
        "sellingGeneralAndAdministrativeExpenses": 20000000,
        "otherExpenses": 0,
        "operatingExpenses": 20000000,
        "costAndExpenses": 256000000,
        "interestIncome": 0,
        "interestExpense": -22000000,
        "depreciationAndAmortization": 28000000,
        "ebitda": 25000000,
        "ebitdaratio": 0.0850340136,
        "operatingIncome": 38000000,
        "operatingIncomeRatio": 0.1292517007,
        "totalOtherIncomeExpensesNet": -22000000,
        "incomeBeforeTax": 16000000,
        "incomeBeforeTaxRatio": 0.0544217687,
        "incomeTaxExpense": -44000000,
        "netIncome": 19000000,
        "netIncomeRatio": 0.0646258503,
        "eps": 0.12,
        "epsdiluted": 0.12,
        "weightedAverageShsOut": 163300000,
        "weightedAverageShsOutDil": 163400000,
        "link": "https://www.sec.gov/Archives/edgar/data/849213/000119312509223862/0001193125-09-223862-index.html",
        "finalLink": "https://www.sec.gov/Archives/edgar/data/849213/000119312509223862/d10q.htm"
    },
    {
        "date": "2009-06-30",
        "symbol": "PCL",
        "reportedCurrency": "USD",
        "cik": "0000849213",
        "fillingDate": "2009-08-05",
        "acceptedDate": "2009-08-05 16:35:30",
        "calendarYear": "2009",
        "period": "Q2",
        "revenue": 272000000,
        "costOfRevenue": 196000000,
        "grossProfit": 76000000,
        "grossProfitRatio": 0.2794117647,
        "researchAndDevelopmentExpenses": 0,
        "generalAndAdministrativeExpenses": 23000000,
        "sellingAndMarketingExpenses": 0,
        "sellingGeneralAndAdministrativeExpenses": 23000000,
        "otherExpenses": 0,
        "operatingExpenses": 23000000,
        "costAndExpenses": 219000000,
        "interestIncome": 0,
        "interestExpense": -23000000,
        "depreciationAndAmortization": 24000000,
        "ebitda": 33000000,
        "ebitdaratio": 0.1213235294,
        "operatingIncome": 53000000,
        "operatingIncomeRatio": 0.1948529412,
        "totalOtherIncomeExpensesNet": -24000000,
        "incomeBeforeTax": 29000000,
        "incomeBeforeTaxRatio": 0.1066176471,
        "incomeTaxExpense": -47000000,
        "netIncome": 32000000,
        "netIncomeRatio": 0.1176470588,
        "eps": 0.2,
        "epsdiluted": 0.2,
        "weightedAverageShsOut": 163300000,
        "weightedAverageShsOutDil": 163400000,
        "link": "https://www.sec.gov/Archives/edgar/data/849213/000119312509165473/0001193125-09-165473-index.html",
        "finalLink": "https://www.sec.gov/Archives/edgar/data/849213/000119312509165473/d10q.htm"
    },
    {
        "date": "2009-03-31",
        "symbol": "PCL",
        "reportedCurrency": "USD",
        "cik": "0000849213",
        "fillingDate": "2009-05-05",
        "acceptedDate": "2009-05-05 16:24:03",
        "calendarYear": "2009",
        "period": "Q1",
        "revenue": 470000000,
        "costOfRevenue": 279000000,
        "grossProfit": 191000000,
        "grossProfitRatio": 0.4063829787,
        "researchAndDevelopmentExpenses": 0,
        "generalAndAdministrativeExpenses": 32000000,
        "sellingAndMarketingExpenses": 0,
        "sellingGeneralAndAdministrativeExpenses": 32000000,
        "otherExpenses": 0,
        "operatingExpenses": 32000000,
        "costAndExpenses": 311000000,
        "interestIncome": 0,
        "interestExpense": -24000000,
        "depreciationAndAmortization": 33000000,
        "ebitda": 166000000,
        "ebitdaratio": 0.3531914894,
        "operatingIncome": 159000000,
        "operatingIncomeRatio": 0.3382978723,
        "totalOtherIncomeExpensesNet": -22000000,
        "incomeBeforeTax": 137000000,
        "incomeBeforeTaxRatio": 0.2914893617,
        "incomeTaxExpense": -46000000,
        "netIncome": 157000000,
        "netIncomeRatio": 0.3340425532,
        "eps": 0.96,
        "epsdiluted": 0.96,
        "weightedAverageShsOut": 164000000,
        "weightedAverageShsOutDil": 164000000,
        "link": "https://www.sec.gov/Archives/edgar/data/849213/000119312509099967/0001193125-09-099967-index.html",
        "finalLink": "https://www.sec.gov/Archives/edgar/data/849213/000119312509099967/d10q.htm"
    },
    {
        "date": "2008-12-31",
        "symbol": "PCL",
        "reportedCurrency": "USD",
        "cik": "0000849213",
        "fillingDate": "2009-02-27",
        "acceptedDate": "2009-02-27 16:30:50",
        "calendarYear": "2008",
        "period": "Q4",
        "revenue": 461000000,
        "costOfRevenue": 321000000,
        "grossProfit": 140000000,
        "grossProfitRatio": 0.3036876356,
        "researchAndDevelopmentExpenses": 0,
        "generalAndAdministrativeExpenses": 34000000,
        "sellingAndMarketingExpenses": 0,
        "sellingGeneralAndAdministrativeExpenses": -3000000,
        "otherExpenses": 0,
        "operatingExpenses": -3000000,
        "costAndExpenses": 355000000,
        "interestIncome": 0,
        "interestExpense": -29000000,
        "depreciationAndAmortization": 26000000,
        "ebitda": 65000000,
        "ebitdaratio": 0.1409978308,
        "operatingIncome": -3000000,
        "operatingIncomeRatio": -0.0065075922,
        "totalOtherIncomeExpensesNet": 89000000,
        "incomeBeforeTax": 86000000,
        "incomeBeforeTaxRatio": 0.1865509761,
        "incomeTaxExpense": -27000000,
        "netIncome": 95000000,
        "netIncomeRatio": 0.2060737527,
        "eps": 0.56,
        "epsdiluted": 0.56,
        "weightedAverageShsOut": 170000000,
        "weightedAverageShsOutDil": 170000000,
        "link": "https://www.sec.gov/Archives/edgar/data/849213/000119312509041030/0001193125-09-041030-index.html",
        "finalLink": "https://www.sec.gov/Archives/edgar/data/849213/000119312509041030/d10k.htm"
    },
    {
        "date": "2008-09-30",
        "symbol": "PCL",
        "reportedCurrency": "USD",
        "cik": "0000849213",
        "fillingDate": "2008-11-06",
        "acceptedDate": "2008-11-06 15:15:51",
        "calendarYear": "2008",
        "period": "Q3",
        "revenue": 414000000,
        "costOfRevenue": 283000000,
        "grossProfit": 131000000,
        "grossProfitRatio": 0.3164251208,
        "researchAndDevelopmentExpenses": 0,
        "generalAndAdministrativeExpenses": 31000000,
        "sellingAndMarketingExpenses": 0,
        "sellingGeneralAndAdministrativeExpenses": -1000000,
        "otherExpenses": 0,
        "operatingExpenses": -1000000,
        "costAndExpenses": 314000000,
        "interestIncome": 0,
        "interestExpense": -35000000,
        "depreciationAndAmortization": 33000000,
        "ebitda": 67000000,
        "ebitdaratio": 0.1618357488,
        "operatingIncome": -1000000,
        "operatingIncomeRatio": -0.0024154589,
        "totalOtherIncomeExpensesNet": 65000000,
        "incomeBeforeTax": 64000000,
        "incomeBeforeTaxRatio": 0.154589372,
        "incomeTaxExpense": 30000000,
        "netIncome": 69000000,
        "netIncomeRatio": 0.1666666667,
        "eps": 0.4,
        "epsdiluted": 0.4,
        "weightedAverageShsOut": 171000000,
        "weightedAverageShsOutDil": 171000000,
        "link": "https://www.sec.gov/Archives/edgar/data/849213/000119312508227801/0001193125-08-227801-index.html",
        "finalLink": "https://www.sec.gov/Archives/edgar/data/849213/000119312508227801/d10q.htm"
    },
    {
        "date": "2008-06-30",
        "symbol": "PCL",
        "reportedCurrency": "USD",
        "cik": "0000849213",
        "fillingDate": "2008-08-06",
        "acceptedDate": "2008-08-06 13:10:46",
        "calendarYear": "2008",
        "period": "Q2",
        "revenue": 376000000,
        "costOfRevenue": 286000000,
        "grossProfit": 90000000,
        "grossProfitRatio": 0.2393617021,
        "researchAndDevelopmentExpenses": 0,
        "generalAndAdministrativeExpenses": 33000000,
        "sellingAndMarketingExpenses": 0,
        "sellingGeneralAndAdministrativeExpenses": 33000000,
        "otherExpenses": -126000000,
        "operatingExpenses": -93000000,
        "costAndExpenses": 319000000,
        "interestIncome": 0,
        "interestExpense": -34000000,
        "depreciationAndAmortization": 43000000,
        "ebitda": 40000000,
        "ebitdaratio": 0.1063829787,
        "operatingIncome": -3000000,
        "operatingIncomeRatio": -0.0079787234,
        "totalOtherIncomeExpensesNet": 26000000,
        "incomeBeforeTax": 23000000,
        "incomeBeforeTaxRatio": 0.0611702128,
        "incomeTaxExpense": -8000000,
        "netIncome": 31000000,
        "netIncomeRatio": 0.0824468085,
        "eps": 0.18,
        "epsdiluted": 0.18,
        "weightedAverageShsOut": 171000000,
        "weightedAverageShsOutDil": 171000000,
        "link": "https://www.sec.gov/Archives/edgar/data/849213/000119312508167935/0001193125-08-167935-index.html",
        "finalLink": "https://www.sec.gov/Archives/edgar/data/849213/000119312508167935/d10q.htm"
    },
    {
        "date": "2008-03-31",
        "symbol": "PCL",
        "reportedCurrency": "USD",
        "cik": "0000849213",
        "fillingDate": "2008-05-07",
        "acceptedDate": "2008-05-07 14:10:16",
        "calendarYear": "2008",
        "period": "Q1",
        "revenue": 363000000,
        "costOfRevenue": 267000000,
        "grossProfit": 96000000,
        "grossProfitRatio": 0.2644628099,
        "researchAndDevelopmentExpenses": 0,
        "generalAndAdministrativeExpenses": 30000000,
        "sellingAndMarketingExpenses": -27000000,
        "sellingGeneralAndAdministrativeExpenses": 3000000,
        "otherExpenses": 0,
        "operatingExpenses": 3000000,
        "costAndExpenses": 297000000,
        "interestIncome": 0,
        "interestExpense": -36000000,
        "depreciationAndAmortization": 33000000,
        "ebitda": 35000000,
        "ebitdaratio": 0.0964187328,
        "operatingIncome": 3000000,
        "operatingIncomeRatio": 0.0082644628,
        "totalOtherIncomeExpensesNet": 30000000,
        "incomeBeforeTax": 33000000,
        "incomeBeforeTaxRatio": 0.0909090909,
        "incomeTaxExpense": -6000000,
        "netIncome": 38000000,
        "netIncomeRatio": 0.1046831956,
        "eps": 0.22,
        "epsdiluted": 0.22,
        "weightedAverageShsOut": 171000000,
        "weightedAverageShsOutDil": 172000000,
        "link": "https://www.sec.gov/Archives/edgar/data/849213/000119312508105620/0001193125-08-105620-index.html",
        "finalLink": "https://www.sec.gov/Archives/edgar/data/849213/000119312508105620/d10q.htm"
    },
    {
        "date": "2007-12-31",
        "symbol": "PCL",
        "reportedCurrency": "USD",
        "cik": "0000849213",
        "fillingDate": "2008-02-28",
        "acceptedDate": "2008-02-28 17:15:10",
        "calendarYear": "2007",
        "period": "Q4",
        "revenue": 504000000,
        "costOfRevenue": 310000000,
        "grossProfit": 194000000,
        "grossProfitRatio": 0.3849206349,
        "researchAndDevelopmentExpenses": 0,
        "generalAndAdministrativeExpenses": 39000000,
        "sellingAndMarketingExpenses": 0,
        "sellingGeneralAndAdministrativeExpenses": 39000000,
        "otherExpenses": 0,
        "operatingExpenses": 39000000,
        "costAndExpenses": 349000000,
        "interestIncome": 0,
        "interestExpense": -38000000,
        "depreciationAndAmortization": 32000000,
        "ebitda": 111000000,
        "ebitdaratio": 0.2202380952,
        "operatingIncome": 155000000,
        "operatingIncomeRatio": 0.3075396825,
        "totalOtherIncomeExpensesNet": -38000000,
        "incomeBeforeTax": 117000000,
        "incomeBeforeTaxRatio": 0.2321428571,
        "incomeTaxExpense": -1000000,
        "netIncome": 118000000,
        "netIncomeRatio": 0.2341269841,
        "eps": 0.68,
        "epsdiluted": 0.67,
        "weightedAverageShsOut": 174000000,
        "weightedAverageShsOutDil": 175000000,
        "link": "https://www.sec.gov/Archives/edgar/data/849213/000119312508042007/0001193125-08-042007-index.htm",
        "finalLink": "https://www.sec.gov/Archives/edgar/data/849213/000119312508042007/d10k.htm"
    },
    {
        "date": "2007-09-30",
        "symbol": "PCL",
        "reportedCurrency": "USD",
        "cik": "0000849213",
        "fillingDate": "2007-10-30",
        "acceptedDate": "2007-10-30 16:16:40",
        "calendarYear": "2007",
        "period": "Q3",
        "revenue": 407000000,
        "costOfRevenue": 279000000,
        "grossProfit": 128000000,
        "grossProfitRatio": 0.3144963145,
        "researchAndDevelopmentExpenses": 0,
        "generalAndAdministrativeExpenses": 29000000,
        "sellingAndMarketingExpenses": 58000000,
        "sellingGeneralAndAdministrativeExpenses": 87000000,
        "otherExpenses": 0,
        "operatingExpenses": 87000000,
        "costAndExpenses": 308000000,
        "interestIncome": 0,
        "interestExpense": -38000000,
        "depreciationAndAmortization": 37000000,
        "ebitda": 59000000,
        "ebitdaratio": 0.144963145,
        "operatingIncome": 268000000,
        "operatingIncomeRatio": 0.6584766585,
        "totalOtherIncomeExpensesNet": -208000000,
        "incomeBeforeTax": 60000000,
        "incomeBeforeTaxRatio": 0.1474201474,
        "incomeTaxExpense": 1000000,
        "netIncome": 59000000,
        "netIncomeRatio": 0.144963145,
        "eps": 0.34,
        "epsdiluted": 0.34,
        "weightedAverageShsOut": 175000000,
        "weightedAverageShsOutDil": 175000000,
        "link": "https://www.sec.gov/Archives/edgar/data/849213/000119312507229626/0001193125-07-229626-index.html",
        "finalLink": "https://www.sec.gov/Archives/edgar/data/849213/000119312507229626/d10q.htm"
    },
    {
        "date": "2007-06-30",
        "symbol": "PCL",
        "reportedCurrency": "USD",
        "cik": "0000849213",
        "fillingDate": "2007-07-31",
        "acceptedDate": "2007-07-31 16:29:39",
        "calendarYear": "2007",
        "period": "Q2",
        "revenue": 395000000,
        "costOfRevenue": 270000000,
        "grossProfit": 125000000,
        "grossProfitRatio": 0.3164556962,
        "researchAndDevelopmentExpenses": 0,
        "generalAndAdministrativeExpenses": 30000000,
        "sellingAndMarketingExpenses": 0,
        "sellingGeneralAndAdministrativeExpenses": -1000000,
        "otherExpenses": 0,
        "operatingExpenses": -1000000,
        "costAndExpenses": 300000000,
        "interestIncome": 0,
        "interestExpense": -35000000,
        "depreciationAndAmortization": 32000000,
        "ebitda": 58000000,
        "ebitdaratio": 0.146835443,
        "operatingIncome": -1000000,
        "operatingIncomeRatio": -0.0025316456,
        "totalOtherIncomeExpensesNet": 60000000,
        "incomeBeforeTax": 59000000,
        "incomeBeforeTaxRatio": 0.1493670886,
        "incomeTaxExpense": 1000000,
        "netIncome": 60000000,
        "netIncomeRatio": 0.1518987342,
        "eps": 0.34,
        "epsdiluted": 0.34,
        "weightedAverageShsOut": 176000000,
        "weightedAverageShsOutDil": 176000000,
        "link": "https://www.sec.gov/Archives/edgar/data/849213/000119312507166727/0001193125-07-166727-index.html",
        "finalLink": "https://www.sec.gov/Archives/edgar/data/849213/000119312507166727/d10q.htm"
    },
    {
        "date": "2007-03-31",
        "symbol": "PCL",
        "reportedCurrency": "USD",
        "cik": "0000849213",
        "fillingDate": "2007-05-02",
        "acceptedDate": "2007-05-01 19:18:03",
        "calendarYear": "2007",
        "period": "Q1",
        "revenue": 369000000,
        "costOfRevenue": 265000000,
        "grossProfit": 104000000,
        "grossProfitRatio": 0.2818428184,
        "researchAndDevelopmentExpenses": 0,
        "generalAndAdministrativeExpenses": 29000000,
        "sellingAndMarketingExpenses": -27000000,
        "sellingGeneralAndAdministrativeExpenses": 2000000,
        "otherExpenses": 0,
        "operatingExpenses": 2000000,
        "costAndExpenses": 294000000,
        "interestIncome": 0,
        "interestExpense": -36000000,
        "depreciationAndAmortization": 33000000,
        "ebitda": 38000000,
        "ebitdaratio": 0.1029810298,
        "operatingIncome": 2000000,
        "operatingIncomeRatio": 0.0054200542,
        "totalOtherIncomeExpensesNet": 39000000,
        "incomeBeforeTax": 41000000,
        "incomeBeforeTaxRatio": 0.1111111111,
        "incomeTaxExpense": -4000000,
        "netIncome": 45000000,
        "netIncomeRatio": 0.1219512195,
        "eps": 0.25,
        "epsdiluted": 0.25,
        "weightedAverageShsOut": 177000000,
        "weightedAverageShsOutDil": 177000000,
        "link": "https://www.sec.gov/Archives/edgar/data/849213/000119312507098102/0001193125-07-098102-index.html",
        "finalLink": "https://www.sec.gov/Archives/edgar/data/849213/000119312507098102/d10q.htm"
    },
    {
        "date": "2006-12-31",
        "symbol": "PCL",
        "reportedCurrency": "USD",
        "cik": "0000849213",
        "fillingDate": "2007-02-27",
        "acceptedDate": "2007-02-27 16:09:02",
        "calendarYear": "2006",
        "period": "Q4",
        "revenue": 379000000,
        "costOfRevenue": 259000000,
        "grossProfit": 120000000,
        "grossProfitRatio": 0.3166226913,
        "researchAndDevelopmentExpenses": 0,
        "generalAndAdministrativeExpenses": 37000000,
        "sellingAndMarketingExpenses": 0,
        "sellingGeneralAndAdministrativeExpenses": -72000000,
        "otherExpenses": 0,
        "operatingExpenses": -72000000,
        "costAndExpenses": 296000000,
        "interestIncome": 0,
        "interestExpense": -35000000,
        "depreciationAndAmortization": 34000000,
        "ebitda": 65000000,
        "ebitdaratio": 0.1715039578,
        "operatingIncome": -356000000,
        "operatingIncomeRatio": -0.9393139842,
        "totalOtherIncomeExpensesNet": 422000000,
        "incomeBeforeTax": 66000000,
        "incomeBeforeTaxRatio": 0.1741424802,
        "incomeTaxExpense": -3000000,
        "netIncome": 69000000,
        "netIncomeRatio": 0.1820580475,
        "eps": 0.38,
        "epsdiluted": 0.38,
        "weightedAverageShsOut": 180000000,
        "weightedAverageShsOutDil": 180000000,
        "link": "https://www.sec.gov/Archives/edgar/data/849213/000119312507041036/0001193125-07-041036-index.htm",
        "finalLink": "https://www.sec.gov/Archives/edgar/data/849213/000119312507041036/d10k.htm"
    },
    {
        "date": "2006-09-30",
        "symbol": "PCL",
        "reportedCurrency": "USD",
        "cik": "0000849213",
        "fillingDate": "2006-10-31",
        "acceptedDate": "2006-10-31 16:02:59",
        "calendarYear": "2006",
        "period": "Q3",
        "revenue": 454000000,
        "costOfRevenue": 296000000,
        "grossProfit": 158000000,
        "grossProfitRatio": 0.3480176211,
        "researchAndDevelopmentExpenses": 0,
        "generalAndAdministrativeExpenses": 24000000,
        "sellingAndMarketingExpenses": 0,
        "sellingGeneralAndAdministrativeExpenses": 24000000,
        "otherExpenses": 0,
        "operatingExpenses": 24000000,
        "costAndExpenses": 320000000,
        "interestIncome": 0,
        "interestExpense": -33000000,
        "depreciationAndAmortization": 34000000,
        "ebitda": 102000000,
        "ebitdaratio": 0.2246696035,
        "operatingIncome": 134000000,
        "operatingIncomeRatio": 0.295154185,
        "totalOtherIncomeExpensesNet": -33000000,
        "incomeBeforeTax": 101000000,
        "incomeBeforeTaxRatio": 0.2224669604,
        "incomeTaxExpense": 9000000,
        "netIncome": 92000000,
        "netIncomeRatio": 0.2026431718,
        "eps": 0.51,
        "epsdiluted": 0.51,
        "weightedAverageShsOut": 181000000,
        "weightedAverageShsOutDil": 182000000,
        "link": "https://www.sec.gov/Archives/edgar/data/849213/000084921306000114/0000849213-06-000114-index.htm",
        "finalLink": "https://www.sec.gov/Archives/edgar/data/849213/000084921306000114/pc10q-1031.htm"
    },
    {
        "date": "2006-06-30",
        "symbol": "PCL",
        "reportedCurrency": "USD",
        "cik": "0000849213",
        "fillingDate": "2006-08-01",
        "acceptedDate": "2006-08-01 16:24:30",
        "calendarYear": "2006",
        "period": "Q2",
        "revenue": 380000000,
        "costOfRevenue": 255000000,
        "grossProfit": 125000000,
        "grossProfitRatio": 0.3289473684,
        "researchAndDevelopmentExpenses": 0,
        "generalAndAdministrativeExpenses": 26000000,
        "sellingAndMarketingExpenses": 0,
        "sellingGeneralAndAdministrativeExpenses": 26000000,
        "otherExpenses": 0,
        "operatingExpenses": 26000000,
        "costAndExpenses": 281000000,
        "interestIncome": 0,
        "interestExpense": -34000000,
        "depreciationAndAmortization": 29000000,
        "ebitda": 60000000,
        "ebitdaratio": 0.1578947368,
        "operatingIncome": 99000000,
        "operatingIncomeRatio": 0.2605263158,
        "totalOtherIncomeExpensesNet": -34000000,
        "incomeBeforeTax": 65000000,
        "incomeBeforeTaxRatio": 0.1710526316,
        "incomeTaxExpense": 3000000,
        "netIncome": 62000000,
        "netIncomeRatio": 0.1631578947,
        "eps": 0.34,
        "epsdiluted": 0.34,
        "weightedAverageShsOut": 183000000,
        "weightedAverageShsOutDil": 183000000,
        "link": "https://www.sec.gov/Archives/edgar/data/849213/000084921306000093/0000849213-06-000093-index.htm",
        "finalLink": "https://www.sec.gov/Archives/edgar/data/849213/000084921306000093/pc10q-801.htm"
    },
    {
        "date": "2006-03-31",
        "symbol": "PCL",
        "reportedCurrency": "USD",
        "cik": "0000849213",
        "fillingDate": "2006-05-04",
        "acceptedDate": "2006-05-04 16:19:36",
        "calendarYear": "2006",
        "period": "Q1",
        "revenue": 414000000,
        "costOfRevenue": 261000000,
        "grossProfit": 153000000,
        "grossProfitRatio": 0.3695652174,
        "researchAndDevelopmentExpenses": 0,
        "generalAndAdministrativeExpenses": 26000000,
        "sellingAndMarketingExpenses": 0,
        "sellingGeneralAndAdministrativeExpenses": 26000000,
        "otherExpenses": 0,
        "operatingExpenses": 26000000,
        "costAndExpenses": 287000000,
        "interestIncome": 0,
        "interestExpense": -31000000,
        "depreciationAndAmortization": 31000000,
        "ebitda": 98000000,
        "ebitdaratio": 0.2367149758,
        "operatingIncome": 127000000,
        "operatingIncomeRatio": 0.306763285,
        "totalOtherIncomeExpensesNet": -31000000,
        "incomeBeforeTax": 96000000,
        "incomeBeforeTaxRatio": 0.231884058,
        "incomeTaxExpense": 4000000,
        "netIncome": 94000000,
        "netIncomeRatio": 0.2270531401,
        "eps": 0.51,
        "epsdiluted": 0.51,
        "weightedAverageShsOut": 184000000,
        "weightedAverageShsOutDil": 184000000,
        "link": "https://www.sec.gov/Archives/edgar/data/849213/000084921306000075/0000849213-06-000075-index.htm",
        "finalLink": "https://www.sec.gov/Archives/edgar/data/849213/000084921306000075/pc10q52.htm"
    },
    {
        "date": "2005-12-31",
        "symbol": "PCL",
        "reportedCurrency": "USD",
        "cik": "0000849213",
        "fillingDate": "2006-02-28",
        "acceptedDate": "2006-02-28 17:17:41",
        "calendarYear": "2005",
        "period": "Q4",
        "revenue": 391000000,
        "costOfRevenue": 272000000,
        "grossProfit": 119000000,
        "grossProfitRatio": 0.3043478261,
        "researchAndDevelopmentExpenses": 0,
        "generalAndAdministrativeExpenses": 24000000,
        "sellingAndMarketingExpenses": 0,
        "sellingGeneralAndAdministrativeExpenses": 24000000,
        "otherExpenses": 0,
        "operatingExpenses": 24000000,
        "costAndExpenses": 296000000,
        "interestIncome": 0,
        "interestExpense": -29000000,
        "depreciationAndAmortization": 113000000,
        "ebitda": 137000000,
        "ebitdaratio": 0.3503836317,
        "operatingIncome": 95000000,
        "operatingIncomeRatio": 0.2429667519,
        "totalOtherIncomeExpensesNet": -29000000,
        "incomeBeforeTax": 66000000,
        "incomeBeforeTaxRatio": 0.168797954,
        "incomeTaxExpense": -14000000,
        "netIncome": 67000000,
        "netIncomeRatio": 0.1713554987,
        "eps": 0.36,
        "epsdiluted": 0.36,
        "weightedAverageShsOut": 184000000,
        "weightedAverageShsOutDil": 184000000,
        "link": "https://www.sec.gov/Archives/edgar/data/849213/000095012406000901/0000950124-06-000901-index.htm",
        "finalLink": "https://www.sec.gov/Archives/edgar/data/849213/000095012406000901/v17572e10vk.htm"
    },
    {
        "date": "2005-09-30",
        "symbol": "PCL",
        "reportedCurrency": "USD",
        "cik": "0000849213",
        "fillingDate": "2005-11-01",
        "acceptedDate": "2005-11-01 14:32:28",
        "calendarYear": "2005",
        "period": "Q3",
        "revenue": 427000000,
        "costOfRevenue": 287000000,
        "grossProfit": 140000000,
        "grossProfitRatio": 0.3278688525,
        "researchAndDevelopmentExpenses": 0,
        "generalAndAdministrativeExpenses": 23000000,
        "sellingAndMarketingExpenses": 0,
        "sellingGeneralAndAdministrativeExpenses": 23000000,
        "otherExpenses": 0,
        "operatingExpenses": 23000000,
        "costAndExpenses": 310000000,
        "interestIncome": 0,
        "interestExpense": -26000000,
        "depreciationAndAmortization": -55000000,
        "ebitda": 10000000,
        "ebitdaratio": 0.0234192037,
        "operatingIncome": 117000000,
        "operatingIncomeRatio": 0.2740046838,
        "totalOtherIncomeExpensesNet": -26000000,
        "incomeBeforeTax": 91000000,
        "incomeBeforeTaxRatio": 0.2131147541,
        "incomeTaxExpense": -5000000,
        "netIncome": 96000000,
        "netIncomeRatio": 0.224824356,
        "eps": 0.52,
        "epsdiluted": 0.52,
        "weightedAverageShsOut": 183000000,
        "weightedAverageShsOutDil": 184000000,
        "link": "https://www.sec.gov/Archives/edgar/data/849213/000084921305000181/0000849213-05-000181-index.htm",
        "finalLink": "https://www.sec.gov/Archives/edgar/data/849213/000084921305000181/pc10q-111.htm"
    },
    {
        "date": "2005-06-30",
        "symbol": "PCL",
        "reportedCurrency": "USD",
        "cik": "0000849213",
        "fillingDate": "2005-08-02",
        "acceptedDate": "2005-08-02 11:21:20",
        "calendarYear": "2005",
        "period": "Q2",
        "revenue": 358000000,
        "costOfRevenue": 232000000,
        "grossProfit": 126000000,
        "grossProfitRatio": 0.3519553073,
        "researchAndDevelopmentExpenses": 0,
        "generalAndAdministrativeExpenses": 24000000,
        "sellingAndMarketingExpenses": 0,
        "sellingGeneralAndAdministrativeExpenses": 24000000,
        "otherExpenses": 0,
        "operatingExpenses": 24000000,
        "costAndExpenses": 256000000,
        "interestIncome": 0,
        "interestExpense": -27000000,
        "depreciationAndAmortization": 28000000,
        "ebitda": 76000000,
        "ebitdaratio": 0.2122905028,
        "operatingIncome": 102000000,
        "operatingIncomeRatio": 0.2849162011,
        "totalOtherIncomeExpensesNet": -27000000,
        "incomeBeforeTax": 75000000,
        "incomeBeforeTaxRatio": 0.2094972067,
        "incomeTaxExpense": 6000000,
        "netIncome": 69000000,
        "netIncomeRatio": 0.1927374302,
        "eps": 0.38,
        "epsdiluted": 0.38,
        "weightedAverageShsOut": 183000000,
        "weightedAverageShsOutDil": 184000000,
        "link": "https://www.sec.gov/Archives/edgar/data/849213/000084921305000131/0000849213-05-000131-index.htm",
        "finalLink": "https://www.sec.gov/Archives/edgar/data/849213/000084921305000131/pc10q-82.htm"
    },
    {
        "date": "2005-03-31",
        "symbol": "PCL",
        "reportedCurrency": "USD",
        "cik": "0000849213",
        "fillingDate": "2005-05-09",
        "acceptedDate": "2005-05-09 15:18:58",
        "calendarYear": "2005",
        "period": "Q1",
        "revenue": 400000000,
        "costOfRevenue": 245000000,
        "grossProfit": 155000000,
        "grossProfitRatio": 0.3875,
        "researchAndDevelopmentExpenses": 0,
        "generalAndAdministrativeExpenses": 21000000,
        "sellingAndMarketingExpenses": 0,
        "sellingGeneralAndAdministrativeExpenses": 21000000,
        "otherExpenses": 0,
        "operatingExpenses": 21000000,
        "costAndExpenses": 266000000,
        "interestIncome": 0,
        "interestExpense": -27000000,
        "depreciationAndAmortization": 27000000,
        "ebitda": 127000000,
        "ebitdaratio": 0.3175,
        "operatingIncome": 134000000,
        "operatingIncomeRatio": 0.335,
        "totalOtherIncomeExpensesNet": -27000000,
        "incomeBeforeTax": 107000000,
        "incomeBeforeTaxRatio": 0.2675,
        "incomeTaxExpense": 5000000,
        "netIncome": 122000000,
        "netIncomeRatio": 0.305,
        "eps": 0.67,
        "epsdiluted": 0.66,
        "weightedAverageShsOut": 183000000,
        "weightedAverageShsOutDil": 184000000,
        "link": "https://www.sec.gov/Archives/edgar/data/849213/000084921305000097/0000849213-05-000097-index.htm",
        "finalLink": "https://www.sec.gov/Archives/edgar/data/849213/000084921305000097/pc10q-59.htm"
    },
    {
        "date": "2004-12-31",
        "symbol": "PCL",
        "reportedCurrency": "USD",
        "cik": "0000849213",
        "fillingDate": "2005-03-04",
        "acceptedDate": "2005-03-04 16:40:04",
        "calendarYear": "2004",
        "period": "Q4",
        "revenue": 327000000,
        "costOfRevenue": 226000000,
        "grossProfit": 101000000,
        "grossProfitRatio": 0.3088685015,
        "researchAndDevelopmentExpenses": 0,
        "generalAndAdministrativeExpenses": 24000000,
        "sellingAndMarketingExpenses": 0,
        "sellingGeneralAndAdministrativeExpenses": 24000000,
        "otherExpenses": 0,
        "operatingExpenses": 24000000,
        "costAndExpenses": 250000000,
        "interestIncome": 0,
        "interestExpense": -27000000,
        "depreciationAndAmortization": 36000000,
        "ebitda": 82000000,
        "ebitdaratio": 0.250764526,
        "operatingIncome": 77000000,
        "operatingIncomeRatio": 0.2354740061,
        "totalOtherIncomeExpensesNet": -27000000,
        "incomeBeforeTax": 50000000,
        "incomeBeforeTaxRatio": 0.1529051988,
        "incomeTaxExpense": -54000000,
        "netIncome": 73000000,
        "netIncomeRatio": 0.2232415902,
        "eps": 0.4,
        "epsdiluted": 0.4,
        "weightedAverageShsOut": 183000000,
        "weightedAverageShsOutDil": 184000000,
        "link": "https://www.sec.gov/Archives/edgar/data/849213/000110465905009578/0001104659-05-009578-index.htm",
        "finalLink": "https://www.sec.gov/Archives/edgar/data/849213/000110465905009578/a05-4336_110k.htm"
    },
    {
        "date": "2004-09-30",
        "symbol": "PCL",
        "reportedCurrency": "USD",
        "cik": "0000849213",
        "fillingDate": "2004-11-04",
        "acceptedDate": "2004-11-04 14:31:29",
        "calendarYear": "2004",
        "period": "Q3",
        "revenue": 363000000,
        "costOfRevenue": 226000000,
        "grossProfit": 137000000,
        "grossProfitRatio": 0.3774104683,
        "researchAndDevelopmentExpenses": 0,
        "generalAndAdministrativeExpenses": 22000000,
        "sellingAndMarketingExpenses": 0,
        "sellingGeneralAndAdministrativeExpenses": 22000000,
        "otherExpenses": 0,
        "operatingExpenses": 22000000,
        "costAndExpenses": 248000000,
        "interestIncome": 0,
        "interestExpense": -28000000,
        "depreciationAndAmortization": 27000000,
        "ebitda": 66000000,
        "ebitdaratio": 0.1818181818,
        "operatingIncome": 115000000,
        "operatingIncomeRatio": 0.3168044077,
        "totalOtherIncomeExpensesNet": -28000000,
        "incomeBeforeTax": 87000000,
        "incomeBeforeTaxRatio": 0.2396694215,
        "incomeTaxExpense": -10000000,
        "netIncome": 77000000,
        "netIncomeRatio": 0.2121212121,
        "eps": 0.42,
        "epsdiluted": 0.42,
        "weightedAverageShsOut": 183000000,
        "weightedAverageShsOutDil": 183000000,
        "link": "https://www.sec.gov/Archives/edgar/data/849213/000119312504186137/0001193125-04-186137-index.htm",
        "finalLink": "https://www.sec.gov/Archives/edgar/data/849213/000119312504186137/d10q.htm"
    },
    {
        "date": "2004-06-30",
        "symbol": "PCL",
        "reportedCurrency": "USD",
        "cik": "0000849213",
        "fillingDate": "2004-08-02",
        "acceptedDate": "2004-08-02 17:16:55",
        "calendarYear": "2004",
        "period": "Q2",
        "revenue": 341000000,
        "costOfRevenue": 230000000,
        "grossProfit": 111000000,
        "grossProfitRatio": 0.3255131965,
        "researchAndDevelopmentExpenses": 0,
        "generalAndAdministrativeExpenses": 22000000,
        "sellingAndMarketingExpenses": 0,
        "sellingGeneralAndAdministrativeExpenses": 22000000,
        "otherExpenses": 0,
        "operatingExpenses": 22000000,
        "costAndExpenses": 252000000,
        "interestIncome": 0,
        "interestExpense": -27000000,
        "depreciationAndAmortization": 24000000,
        "ebitda": 44000000,
        "ebitdaratio": 0.1290322581,
        "operatingIncome": 94000000,
        "operatingIncomeRatio": 0.275659824,
        "totalOtherIncomeExpensesNet": -27000000,
        "incomeBeforeTax": 67000000,
        "incomeBeforeTaxRatio": 0.1964809384,
        "incomeTaxExpense": -10000000,
        "netIncome": 57000000,
        "netIncomeRatio": 0.1671554252,
        "eps": 0.31,
        "epsdiluted": 0.31,
        "weightedAverageShsOut": 183000000,
        "weightedAverageShsOutDil": 183000000,
        "link": "https://www.sec.gov/Archives/edgar/data/849213/000084921304000194/0000849213-04-000194-index.htm",
        "finalLink": "https://www.sec.gov/Archives/edgar/data/849213/000084921304000194/pc10q-630.htm"
    },
    {
        "date": "2004-03-31",
        "symbol": "PCL",
        "reportedCurrency": "USD",
        "cik": "0000849213",
        "fillingDate": "2004-05-05",
        "acceptedDate": "2004-05-05 15:50:10",
        "calendarYear": "2004",
        "period": "Q1",
        "revenue": 497000000,
        "costOfRevenue": 288000000,
        "grossProfit": 209000000,
        "grossProfitRatio": 0.4205231388,
        "researchAndDevelopmentExpenses": 0,
        "generalAndAdministrativeExpenses": 18000000,
        "sellingAndMarketingExpenses": 0,
        "sellingGeneralAndAdministrativeExpenses": 18000000,
        "otherExpenses": 0,
        "operatingExpenses": 18000000,
        "costAndExpenses": 306000000,
        "interestIncome": 0,
        "interestExpense": -29000000,
        "depreciationAndAmortization": 27000000,
        "ebitda": 146000000,
        "ebitdaratio": 0.2937625755,
        "operatingIncome": 191000000,
        "operatingIncomeRatio": 0.384305835,
        "totalOtherIncomeExpensesNet": -29000000,
        "incomeBeforeTax": 162000000,
        "incomeBeforeTaxRatio": 0.3259557344,
        "incomeTaxExpense": -7000000,
        "netIncome": 155000000,
        "netIncomeRatio": 0.3118712274,
        "eps": 0.85,
        "epsdiluted": 0.85,
        "weightedAverageShsOut": 183000000,
        "weightedAverageShsOutDil": 183000000,
        "link": "https://www.sec.gov/Archives/edgar/data/849213/000084921304000155/0000849213-04-000155-index.htm",
        "finalLink": "https://www.sec.gov/Archives/edgar/data/849213/000084921304000155/pc10q-331.htm"
    },
    {
        "date": "2003-12-31",
        "symbol": "PCL",
        "reportedCurrency": "USD",
        "cik": "0000849213",
        "fillingDate": "2004-03-03",
        "acceptedDate": "2004-03-03 17:24:39",
        "calendarYear": "2003",
        "period": "Q4",
        "revenue": 315000000,
        "costOfRevenue": 206000000,
        "grossProfit": 109000000,
        "grossProfitRatio": 0.346031746,
        "researchAndDevelopmentExpenses": 0,
        "generalAndAdministrativeExpenses": 21000000,
        "sellingAndMarketingExpenses": 0,
        "sellingGeneralAndAdministrativeExpenses": 21000000,
        "otherExpenses": 0,
        "operatingExpenses": 21000000,
        "costAndExpenses": 227000000,
        "interestIncome": 0,
        "interestExpense": -31000000,
        "depreciationAndAmortization": -64000000,
        "ebitda": 24000000,
        "ebitdaratio": 0.0761904762,
        "operatingIncome": 88000000,
        "operatingIncomeRatio": 0.2793650794,
        "totalOtherIncomeExpensesNet": -31000000,
        "incomeBeforeTax": 57000000,
        "incomeBeforeTaxRatio": 0.180952381,
        "incomeTaxExpense": -1000000,
        "netIncome": 56000000,
        "netIncomeRatio": 0.1777777778,
        "eps": 0.31,
        "epsdiluted": 0.31,
        "weightedAverageShsOut": 183000000,
        "weightedAverageShsOutDil": 183000000,
        "link": "https://www.sec.gov/Archives/edgar/data/849213/000084921304000089/0000849213-04-000089-index.htm",
        "finalLink": "https://www.sec.gov/Archives/edgar/data/849213/000084921304000089/pc10k-32.htm"
    },
    {
        "date": "2003-09-30",
        "symbol": "PCL",
        "reportedCurrency": "USD",
        "cik": "0000849213",
        "fillingDate": "2003-11-03",
        "acceptedDate": "2003-11-03 14:31:19",
        "calendarYear": "2003",
        "period": "Q3",
        "revenue": 290000000,
        "costOfRevenue": 198000000,
        "grossProfit": 92000000,
        "grossProfitRatio": 0.3172413793,
        "researchAndDevelopmentExpenses": 0,
        "generalAndAdministrativeExpenses": 20000000,
        "sellingAndMarketingExpenses": 0,
        "sellingGeneralAndAdministrativeExpenses": 20000000,
        "otherExpenses": 0,
        "operatingExpenses": 20000000,
        "costAndExpenses": 218000000,
        "interestIncome": 0,
        "interestExpense": -29000000,
        "depreciationAndAmortization": -51000000,
        "ebitda": -33000000,
        "ebitdaratio": -0.1137931034,
        "operatingIncome": 72000000,
        "operatingIncomeRatio": 0.2482758621,
        "totalOtherIncomeExpensesNet": -29000000,
        "incomeBeforeTax": 43000000,
        "incomeBeforeTaxRatio": 0.1482758621,
        "incomeTaxExpense": 2000000,
        "netIncome": 45000000,
        "netIncomeRatio": 0.1551724138,
        "eps": 0.25,
        "epsdiluted": 0.25,
        "weightedAverageShsOut": 183000000,
        "weightedAverageShsOutDil": 183000000,
        "link": "https://www.sec.gov/Archives/edgar/data/849213/000084921303000116/0000849213-03-000116-index.htm",
        "finalLink": "https://www.sec.gov/Archives/edgar/data/849213/000084921303000116/pc10q-930.htm"
    },
    {
        "date": "2003-06-30",
        "symbol": "PCL",
        "reportedCurrency": "USD",
        "cik": "0000849213",
        "fillingDate": "2003-08-04",
        "acceptedDate": "2003-08-04 13:30:26",
        "calendarYear": "2003",
        "period": "Q2",
        "revenue": 318000000,
        "costOfRevenue": 215000000,
        "grossProfit": 103000000,
        "grossProfitRatio": 0.3238993711,
        "researchAndDevelopmentExpenses": 0,
        "generalAndAdministrativeExpenses": 19000000,
        "sellingAndMarketingExpenses": 0,
        "sellingGeneralAndAdministrativeExpenses": 19000000,
        "otherExpenses": 0,
        "operatingExpenses": 19000000,
        "costAndExpenses": 234000000,
        "interestIncome": 0,
        "interestExpense": -29000000,
        "depreciationAndAmortization": 26000000,
        "ebitda": 58000000,
        "ebitdaratio": 0.1823899371,
        "operatingIncome": 84000000,
        "operatingIncomeRatio": 0.2641509434,
        "totalOtherIncomeExpensesNet": -29000000,
        "incomeBeforeTax": 55000000,
        "incomeBeforeTaxRatio": 0.1729559748,
        "incomeTaxExpense": 3000000,
        "netIncome": 58000000,
        "netIncomeRatio": 0.1823899371,
        "eps": 0.32,
        "epsdiluted": 0.32,
        "weightedAverageShsOut": 183000000,
        "weightedAverageShsOutDil": 183000000,
        "link": "https://www.sec.gov/Archives/edgar/data/849213/000084921303000064/0000849213-03-000064-index.htm",
        "finalLink": "https://www.sec.gov/Archives/edgar/data/849213/000084921303000064/pc10q-630.htm"
    },
    {
        "date": "2003-03-31",
        "symbol": "PCL",
        "reportedCurrency": "USD",
        "cik": "0000849213",
        "fillingDate": "2003-05-06",
        "acceptedDate": "2003-05-05 20:08:30",
        "calendarYear": "2003",
        "period": "Q1",
        "revenue": 273000000,
        "costOfRevenue": 197000000,
        "grossProfit": 76000000,
        "grossProfitRatio": 0.2783882784,
        "researchAndDevelopmentExpenses": 0,
        "generalAndAdministrativeExpenses": 17000000,
        "sellingAndMarketingExpenses": 0,
        "sellingGeneralAndAdministrativeExpenses": 17000000,
        "otherExpenses": 0,
        "operatingExpenses": 17000000,
        "costAndExpenses": 214000000,
        "interestIncome": 0,
        "interestExpense": -28000000,
        "depreciationAndAmortization": 25000000,
        "ebitda": 32000000,
        "ebitdaratio": 0.1172161172,
        "operatingIncome": 59000000,
        "operatingIncomeRatio": 0.2161172161,
        "totalOtherIncomeExpensesNet": -28000000,
        "incomeBeforeTax": 31000000,
        "incomeBeforeTaxRatio": 0.1135531136,
        "incomeTaxExpense": 2000000,
        "netIncome": 33000000,
        "netIncomeRatio": 0.1208791209,
        "eps": 0.18,
        "epsdiluted": 0.18,
        "weightedAverageShsOut": 184000000,
        "weightedAverageShsOutDil": 184000000,
        "link": "https://www.sec.gov/Archives/edgar/data/849213/000084921303000029/0000849213-03-000029-index.htm",
        "finalLink": "https://www.sec.gov/Archives/edgar/data/849213/000084921303000029/pc10q-331.htm"
    },
    {
        "date": "2002-12-31",
        "symbol": "PCL",
        "reportedCurrency": "USD",
        "cik": "0000849213",
        "fillingDate": "2003-03-11",
        "acceptedDate": "2003-03-11 16:07:40",
        "calendarYear": "2002",
        "period": "Q4",
        "revenue": 281000000,
        "costOfRevenue": 184000000,
        "grossProfit": 97000000,
        "grossProfitRatio": 0.3451957295,
        "researchAndDevelopmentExpenses": 0,
        "generalAndAdministrativeExpenses": 22000000,
        "sellingAndMarketingExpenses": 0,
        "sellingGeneralAndAdministrativeExpenses": 22000000,
        "otherExpenses": 0,
        "operatingExpenses": 22000000,
        "costAndExpenses": 206000000,
        "interestIncome": 0,
        "interestExpense": -26000000,
        "depreciationAndAmortization": 27000000,
        "ebitda": 46000000,
        "ebitdaratio": 0.1637010676,
        "operatingIncome": 75000000,
        "operatingIncomeRatio": 0.2669039146,
        "totalOtherIncomeExpensesNet": -26000000,
        "incomeBeforeTax": 49000000,
        "incomeBeforeTaxRatio": 0.1743772242,
        "incomeTaxExpense": -9000000,
        "netIncome": 54000000,
        "netIncomeRatio": 0.1921708185,
        "eps": 0.29,
        "epsdiluted": 0.29,
        "weightedAverageShsOut": 184000000,
        "weightedAverageShsOutDil": 184000000,
        "link": "https://www.sec.gov/Archives/edgar/data/849213/000089102003000729/0000891020-03-000729-index.htm",
        "finalLink": "https://www.sec.gov/Archives/edgar/data/849213/000089102003000729/v88039e10vk.htm"
    },
    {
        "date": "2002-09-30",
        "symbol": "PCL",
        "reportedCurrency": "USD",
        "cik": "0000849213",
        "fillingDate": "2002-11-12",
        "acceptedDate": "2002-11-12 09:55:02",
        "calendarYear": "2002",
        "period": "Q3",
        "revenue": 310000000,
        "costOfRevenue": 194000000,
        "grossProfit": 116000000,
        "grossProfitRatio": 0.3741935484,
        "researchAndDevelopmentExpenses": 0,
        "generalAndAdministrativeExpenses": 19000000,
        "sellingAndMarketingExpenses": 0,
        "sellingGeneralAndAdministrativeExpenses": 19000000,
        "otherExpenses": 0,
        "operatingExpenses": 19000000,
        "costAndExpenses": 213000000,
        "interestIncome": 0,
        "interestExpense": -25000000,
        "depreciationAndAmortization": 28000000,
        "ebitda": 75000000,
        "ebitdaratio": 0.2419354839,
        "operatingIncome": 97000000,
        "operatingIncomeRatio": 0.3129032258,
        "totalOtherIncomeExpensesNet": -25000000,
        "incomeBeforeTax": 72000000,
        "incomeBeforeTaxRatio": 0.2322580645,
        "incomeTaxExpense": 2000000,
        "netIncome": 70000000,
        "netIncomeRatio": 0.2258064516,
        "eps": 0.38,
        "epsdiluted": 0.38,
        "weightedAverageShsOut": 184000000,
        "weightedAverageShsOutDil": 184000000,
        "link": "https://www.sec.gov/Archives/edgar/data/849213/000084921302000006/0000849213-02-000006-index.htm",
        "finalLink": "https://www.sec.gov/Archives/edgar/data/849213/000084921302000006/pc10q-930.htm"
    },
    {
        "date": "2002-06-30",
        "symbol": "PCL",
        "reportedCurrency": "USD",
        "cik": "0000849213",
        "fillingDate": "2002-08-08",
        "acceptedDate": "2002-08-08 15:36:30",
        "calendarYear": "2002",
        "period": "Q2",
        "revenue": 271000000,
        "costOfRevenue": 172000000,
        "grossProfit": 99000000,
        "grossProfitRatio": 0.3653136531,
        "researchAndDevelopmentExpenses": 0,
        "generalAndAdministrativeExpenses": 17000000,
        "sellingAndMarketingExpenses": 0,
        "sellingGeneralAndAdministrativeExpenses": 17000000,
        "otherExpenses": 0,
        "operatingExpenses": 17000000,
        "costAndExpenses": 189000000,
        "interestIncome": 0,
        "interestExpense": -26000000,
        "depreciationAndAmortization": 24000000,
        "ebitda": 54000000,
        "ebitdaratio": 0.1992619926,
        "operatingIncome": 82000000,
        "operatingIncomeRatio": 0.3025830258,
        "totalOtherIncomeExpensesNet": -26000000,
        "incomeBeforeTax": 56000000,
        "incomeBeforeTaxRatio": 0.2066420664,
        "incomeTaxExpense": 3000000,
        "netIncome": 53000000,
        "netIncomeRatio": 0.1955719557,
        "eps": 0.29,
        "epsdiluted": 0.29,
        "weightedAverageShsOut": 184000000,
        "weightedAverageShsOutDil": 184000000,
        "link": "https://www.sec.gov/Archives/edgar/data/849213/000084921302000004/0000849213-02-000004-index.htm",
        "finalLink": "https://www.sec.gov/Archives/edgar/data/849213/000084921302000004/pc10q-630.htm"
    },
    {
        "date": "2002-03-31",
        "symbol": "PCL",
        "reportedCurrency": "USD",
        "cik": "0000849213",
        "fillingDate": "2002-05-06",
        "acceptedDate": "2002-05-03 19:25:06",
        "calendarYear": "2002",
        "period": "Q1",
        "revenue": 275000000,
        "costOfRevenue": 174000000,
        "grossProfit": 101000000,
        "grossProfitRatio": 0.3672727273,
        "researchAndDevelopmentExpenses": 0,
        "generalAndAdministrativeExpenses": 17000000,
        "sellingAndMarketingExpenses": 0,
        "sellingGeneralAndAdministrativeExpenses": 17000000,
        "otherExpenses": 0,
        "operatingExpenses": 17000000,
        "costAndExpenses": 191000000,
        "interestIncome": 0,
        "interestExpense": -26000000,
        "depreciationAndAmortization": 26000000,
        "ebitda": 58000000,
        "ebitdaratio": 0.2109090909,
        "operatingIncome": 84000000,
        "operatingIncomeRatio": 0.3054545455,
        "totalOtherIncomeExpensesNet": -26000000,
        "incomeBeforeTax": 58000000,
        "incomeBeforeTaxRatio": 0.2109090909,
        "incomeTaxExpense": 2000000,
        "netIncome": 56000000,
        "netIncomeRatio": 0.2036363636,
        "eps": 0.3,
        "epsdiluted": 0.3,
        "weightedAverageShsOut": 184000000,
        "weightedAverageShsOutDil": 184000000,
        "link": "https://www.sec.gov/Archives/edgar/data/849213/000103221002000736/0001032210-02-000736-index.htm",
        "finalLink": "https://www.sec.gov/Archives/edgar/data/849213/000103221002000736/d10q.htm"
    }
]