[
    {
        "date": "2014-03-30",
        "symbol": "PCP",
        "reportedCurrency": "USD",
        "cik": "0000079958",
        "fillingDate": "2014-05-29",
        "acceptedDate": "2014-05-29 15:57:00",
        "calendarYear": "2014",
        "period": "Q4",
        "revenue": 2530000000,
        "costOfRevenue": 1642000000,
        "grossProfit": 888000000,
        "grossProfitRatio": 0.3509881423,
        "researchAndDevelopmentExpenses": 0,
        "generalAndAdministrativeExpenses": -309000000,
        "sellingAndMarketingExpenses": 477000000,
        "sellingGeneralAndAdministrativeExpenses": 168000000,
        "otherExpenses": 0,
        "operatingExpenses": 168000000,
        "costAndExpenses": 1825000000,
        "interestIncome": 0,
        "interestExpense": 17000000,
        "depreciationAndAmortization": 76000000,
        "ebitda": 801000000,
        "ebitdaratio": 0.3166007905,
        "operatingIncome": 484000000,
        "operatingIncomeRatio": 0.1913043478,
        "totalOtherIncomeExpensesNet": -3000000,
        "incomeBeforeTax": 481000000,
        "incomeBeforeTaxRatio": 0.1901185771,
        "incomeTaxExpense": 224000000,
        "netIncome": 484000000,
        "netIncomeRatio": 0.1913043478,
        "eps": 3.32,
        "epsdiluted": 3.3,
        "weightedAverageShsOut": 145600000,
        "weightedAverageShsOutDil": 146600000,
        "link": "https://www.sec.gov/Archives/edgar/data/79958/000007995814000023/0000079958-14-000023-index.htm",
        "finalLink": "https://www.sec.gov/Archives/edgar/data/79958/000007995814000023/pcp2014052910k.htm"
    },
    {
        "date": "2013-12-29",
        "symbol": "PCP",
        "reportedCurrency": "USD",
        "cik": "0000079958",
        "fillingDate": "2014-02-06",
        "acceptedDate": "2014-02-06 16:32:57",
        "calendarYear": "2014",
        "period": "Q3",
        "revenue": 2357000000,
        "costOfRevenue": 1548000000,
        "grossProfit": 809000000,
        "grossProfitRatio": 0.3432329232,
        "researchAndDevelopmentExpenses": 0,
        "generalAndAdministrativeExpenses": 0,
        "sellingAndMarketingExpenses": 150000000,
        "sellingGeneralAndAdministrativeExpenses": 150000000,
        "otherExpenses": 0,
        "operatingExpenses": 150000000,
        "costAndExpenses": 1717000000,
        "interestIncome": 0,
        "interestExpense": 20000000,
        "depreciationAndAmortization": 77000000,
        "ebitda": 736000000,
        "ebitdaratio": 0.3122613492,
        "operatingIncome": 433000000,
        "operatingIncomeRatio": 0.1837081035,
        "totalOtherIncomeExpensesNet": 1000000,
        "incomeBeforeTax": 434000000,
        "incomeBeforeTaxRatio": 0.1841323717,
        "incomeTaxExpense": 206000000,
        "netIncome": 433000000,
        "netIncomeRatio": 0.1837081035,
        "eps": 2.97,
        "epsdiluted": 2.95,
        "weightedAverageShsOut": 145700000,
        "weightedAverageShsOutDil": 146700000,
        "link": "https://www.sec.gov/Archives/edgar/data/79958/000007995814000012/0000079958-14-000012-index.htm",
        "finalLink": "https://www.sec.gov/Archives/edgar/data/79958/000007995814000012/pcp2013122910-q.htm"
    },
    {
        "date": "2013-09-29",
        "symbol": "PCP",
        "reportedCurrency": "USD",
        "cik": "0000079958",
        "fillingDate": "2013-11-07",
        "acceptedDate": "2013-11-07 14:32:01",
        "calendarYear": "2014",
        "period": "Q2",
        "revenue": 2362000000,
        "costOfRevenue": 1557000000,
        "grossProfit": 805000000,
        "grossProfitRatio": 0.3408128704,
        "researchAndDevelopmentExpenses": 0,
        "generalAndAdministrativeExpenses": 0,
        "sellingAndMarketingExpenses": 156000000,
        "sellingGeneralAndAdministrativeExpenses": 156000000,
        "otherExpenses": 0,
        "operatingExpenses": 156000000,
        "costAndExpenses": 1731000000,
        "interestIncome": 0,
        "interestExpense": 19000000,
        "depreciationAndAmortization": 70000000,
        "ebitda": 718000000,
        "ebitdaratio": 0.3039796782,
        "operatingIncome": 424000000,
        "operatingIncomeRatio": 0.1795088908,
        "totalOtherIncomeExpensesNet": 2000000,
        "incomeBeforeTax": 426000000,
        "incomeBeforeTaxRatio": 0.1803556308,
        "incomeTaxExpense": 205000000,
        "netIncome": 424000000,
        "netIncomeRatio": 0.1795088908,
        "eps": 2.91,
        "epsdiluted": 2.89,
        "weightedAverageShsOut": 145800000,
        "weightedAverageShsOutDil": 146800000,
        "link": "https://www.sec.gov/Archives/edgar/data/79958/000007995813000042/0000079958-13-000042-index.htm",
        "finalLink": "https://www.sec.gov/Archives/edgar/data/79958/000007995813000042/pcp2013092910-q.htm"
    },
    {
        "date": "2013-06-30",
        "symbol": "PCP",
        "reportedCurrency": "USD",
        "cik": "0000079958",
        "fillingDate": "2013-08-08",
        "acceptedDate": "2013-08-08 14:03:08",
        "calendarYear": "2014",
        "period": "Q1",
        "revenue": 2367000000,
        "costOfRevenue": 1570000000,
        "grossProfit": 797000000,
        "grossProfitRatio": 0.336713139,
        "researchAndDevelopmentExpenses": 0,
        "generalAndAdministrativeExpenses": 0,
        "sellingAndMarketingExpenses": 153000000,
        "sellingGeneralAndAdministrativeExpenses": 153000000,
        "otherExpenses": 0,
        "operatingExpenses": 153000000,
        "costAndExpenses": 1742000000,
        "interestIncome": 0,
        "interestExpense": 20000000,
        "depreciationAndAmortization": 70000000,
        "ebitda": 726000000,
        "ebitdaratio": 0.3067173638,
        "operatingIncome": 436000000,
        "operatingIncomeRatio": 0.1841994085,
        "totalOtherIncomeExpensesNet": -10000000,
        "incomeBeforeTax": 426000000,
        "incomeBeforeTaxRatio": 0.1799746515,
        "incomeTaxExpense": 200000000,
        "netIncome": 436000000,
        "netIncomeRatio": 0.1841994085,
        "eps": 2.98,
        "epsdiluted": 2.96,
        "weightedAverageShsOut": 146200000,
        "weightedAverageShsOutDil": 147100000,
        "link": "https://www.sec.gov/Archives/edgar/data/79958/000007995813000026/0000079958-13-000026-index.htm",
        "finalLink": "https://www.sec.gov/Archives/edgar/data/79958/000007995813000026/pcp2013063010-q.htm"
    },
    {
        "date": "2013-03-31",
        "symbol": "PCP",
        "reportedCurrency": "USD",
        "cik": "0000079958",
        "fillingDate": "2013-05-30",
        "acceptedDate": "2013-05-30 15:42:27",
        "calendarYear": "2013",
        "period": "Q4",
        "revenue": 2438100000,
        "costOfRevenue": 1651500000,
        "grossProfit": 786600000,
        "grossProfitRatio": 0.3226282761,
        "researchAndDevelopmentExpenses": 0,
        "generalAndAdministrativeExpenses": -600000,
        "sellingAndMarketingExpenses": 160000000,
        "sellingGeneralAndAdministrativeExpenses": 159400000,
        "otherExpenses": 0,
        "operatingExpenses": 159400000,
        "costAndExpenses": 1829300000,
        "interestIncome": 0,
        "interestExpense": 19900000,
        "depreciationAndAmortization": 68800000,
        "ebitda": 694700000,
        "ebitdaratio": 0.2849349904,
        "operatingIncome": 608800000,
        "operatingIncomeRatio": 0.2497026373,
        "totalOtherIncomeExpensesNet": 0,
        "incomeBeforeTax": 608800000,
        "incomeBeforeTaxRatio": 0.2497026373,
        "incomeTaxExpense": 191800000,
        "netIncome": 414200000,
        "netIncomeRatio": 0.1698863869,
        "eps": 2.84,
        "epsdiluted": 2.82,
        "weightedAverageShsOut": 145700000,
        "weightedAverageShsOutDil": 146700000,
        "link": "https://www.sec.gov/Archives/edgar/data/79958/000007995813000018/0000079958-13-000018-index.htm",
        "finalLink": "https://www.sec.gov/Archives/edgar/data/79958/000007995813000018/pcp2013053010k.htm"
    },
    {
        "date": "2012-12-30",
        "symbol": "PCP",
        "reportedCurrency": "USD",
        "cik": "0000079958",
        "fillingDate": "2013-02-08",
        "acceptedDate": "2013-02-08 14:09:45",
        "calendarYear": "2013",
        "period": "Q3",
        "revenue": 2043200000,
        "costOfRevenue": 1387000000,
        "grossProfit": 656200000,
        "grossProfitRatio": 0.3211628818,
        "researchAndDevelopmentExpenses": 0,
        "generalAndAdministrativeExpenses": 600000,
        "sellingAndMarketingExpenses": 135000000,
        "sellingGeneralAndAdministrativeExpenses": 135600000,
        "otherExpenses": 0,
        "operatingExpenses": 135600000,
        "costAndExpenses": 1532900000,
        "interestIncome": 0,
        "interestExpense": 11900000,
        "depreciationAndAmortization": 52600000,
        "ebitda": 570600000,
        "ebitdaratio": 0.2792678152,
        "operatingIncome": 510300000,
        "operatingIncomeRatio": 0.2497552858,
        "totalOtherIncomeExpensesNet": 0,
        "incomeBeforeTax": 510300000,
        "incomeBeforeTaxRatio": 0.2497552858,
        "incomeTaxExpense": 168100000,
        "netIncome": 338000000,
        "netIncomeRatio": 0.1654267815,
        "eps": 2.32,
        "epsdiluted": 2.31,
        "weightedAverageShsOut": 145500000,
        "weightedAverageShsOutDil": 146500000,
        "link": "https://www.sec.gov/Archives/edgar/data/79958/000007995813000006/0000079958-13-000006-index.htm",
        "finalLink": "https://www.sec.gov/Archives/edgar/data/79958/000007995813000006/pcp2012123010-q.htm"
    },
    {
        "date": "2012-09-30",
        "symbol": "PCP",
        "reportedCurrency": "USD",
        "cik": "0000079958",
        "fillingDate": "2012-11-09",
        "acceptedDate": "2012-11-09 16:15:27",
        "calendarYear": "2013",
        "period": "Q2",
        "revenue": 1926800000,
        "costOfRevenue": 1308000000,
        "grossProfit": 618800000,
        "grossProfitRatio": 0.3211542454,
        "researchAndDevelopmentExpenses": 0,
        "generalAndAdministrativeExpenses": -200000,
        "sellingAndMarketingExpenses": 121000000,
        "sellingGeneralAndAdministrativeExpenses": 120800000,
        "otherExpenses": 0,
        "operatingExpenses": 120800000,
        "costAndExpenses": 1430700000,
        "interestIncome": 0,
        "interestExpense": 3500000,
        "depreciationAndAmortization": 47900000,
        "ebitda": 548000000,
        "ebitdaratio": 0.2844093834,
        "operatingIncome": 496100000,
        "operatingIncomeRatio": 0.2574735312,
        "totalOtherIncomeExpensesNet": 0,
        "incomeBeforeTax": 496100000,
        "incomeBeforeTaxRatio": 0.2574735312,
        "incomeTaxExpense": 163900000,
        "netIncome": 332700000,
        "netIncomeRatio": 0.1726697114,
        "eps": 2.29,
        "epsdiluted": 2.27,
        "weightedAverageShsOut": 145300000,
        "weightedAverageShsOutDil": 146400000,
        "link": "https://www.sec.gov/Archives/edgar/data/79958/000007995812000033/0000079958-12-000033-index.htm",
        "finalLink": "https://www.sec.gov/Archives/edgar/data/79958/000007995812000033/pcp2012093010-q.htm"
    },
    {
        "date": "2012-07-01",
        "symbol": "PCP",
        "reportedCurrency": "USD",
        "cik": "0000079958",
        "fillingDate": "2012-08-08",
        "acceptedDate": "2012-08-08 17:14:10",
        "calendarYear": "2013",
        "period": "Q1",
        "revenue": 1969700000,
        "costOfRevenue": 1333800000,
        "grossProfit": 635900000,
        "grossProfitRatio": 0.3228410418,
        "researchAndDevelopmentExpenses": 0,
        "generalAndAdministrativeExpenses": 400000,
        "sellingAndMarketingExpenses": 120000000,
        "sellingGeneralAndAdministrativeExpenses": 120400000,
        "otherExpenses": 0,
        "operatingExpenses": 120400000,
        "costAndExpenses": 1455400000,
        "interestIncome": 0,
        "interestExpense": 2800000,
        "depreciationAndAmortization": 45600000,
        "ebitda": 561900000,
        "ebitdaratio": 0.2852718688,
        "operatingIncome": 514300000,
        "operatingIncomeRatio": 0.2611057521,
        "totalOtherIncomeExpensesNet": 0,
        "incomeBeforeTax": 514300000,
        "incomeBeforeTaxRatio": 0.2611057521,
        "incomeTaxExpense": 171800000,
        "netIncome": 341700000,
        "netIncomeRatio": 0.1734781946,
        "eps": 2.35,
        "epsdiluted": 2.33,
        "weightedAverageShsOut": 145300000,
        "weightedAverageShsOutDil": 146400000,
        "link": "https://www.sec.gov/Archives/edgar/data/79958/000007995812000026/0000079958-12-000026-index.htm",
        "finalLink": "https://www.sec.gov/Archives/edgar/data/79958/000007995812000026/pcp2012070110-q.htm"
    },
    {
        "date": "2012-04-01",
        "symbol": "PCP",
        "reportedCurrency": "USD",
        "cik": "0000079958",
        "fillingDate": "2012-05-31",
        "acceptedDate": "2012-05-31 13:18:25",
        "calendarYear": "2012",
        "period": "Q4",
        "revenue": 1932900000,
        "costOfRevenue": 1314600000,
        "grossProfit": 618300000,
        "grossProfitRatio": 0.3198820425,
        "researchAndDevelopmentExpenses": 17800000,
        "generalAndAdministrativeExpenses": -500000,
        "sellingAndMarketingExpenses": 117000000,
        "sellingGeneralAndAdministrativeExpenses": 116500000,
        "otherExpenses": -17800000,
        "operatingExpenses": 116500000,
        "costAndExpenses": 1431600000,
        "interestIncome": 0,
        "interestExpense": 2800000,
        "depreciationAndAmortization": 42800000,
        "ebitda": 543500000,
        "ebitdaratio": 0.2811837136,
        "operatingIncome": 501300000,
        "operatingIncomeRatio": 0.2593512339,
        "totalOtherIncomeExpensesNet": 0,
        "incomeBeforeTax": 501300000,
        "incomeBeforeTaxRatio": 0.2593512339,
        "incomeTaxExpense": 161800000,
        "netIncome": 336100000,
        "netIncomeRatio": 0.1738838015,
        "eps": 2.33,
        "epsdiluted": 2.31,
        "weightedAverageShsOut": 144400000,
        "weightedAverageShsOutDil": 145600000,
        "link": "https://www.sec.gov/Archives/edgar/data/79958/000007995812000015/0000079958-12-000015-index.htm",
        "finalLink": "https://www.sec.gov/Archives/edgar/data/79958/000007995812000015/pcp2012053110k.htm"
    },
    {
        "date": "2012-01-01",
        "symbol": "PCP",
        "reportedCurrency": "USD",
        "cik": "0000079958",
        "fillingDate": "2012-02-10",
        "acceptedDate": "2012-02-10 14:15:50",
        "calendarYear": "2012",
        "period": "Q3",
        "revenue": 1816800000,
        "costOfRevenue": 1244100000,
        "grossProfit": 572700000,
        "grossProfitRatio": 0.3152245707,
        "researchAndDevelopmentExpenses": 0,
        "generalAndAdministrativeExpenses": -300000,
        "sellingAndMarketingExpenses": 114000000,
        "sellingGeneralAndAdministrativeExpenses": 113700000,
        "otherExpenses": 0,
        "operatingExpenses": 113700000,
        "costAndExpenses": 1360200000,
        "interestIncome": 0,
        "interestExpense": 3900000,
        "depreciationAndAmortization": 42800000,
        "ebitda": 506100000,
        "ebitdaratio": 0.2785667107,
        "operatingIncome": 456600000,
        "operatingIncomeRatio": 0.251321004,
        "totalOtherIncomeExpensesNet": 0,
        "incomeBeforeTax": 456600000,
        "incomeBeforeTaxRatio": 0.251321004,
        "incomeTaxExpense": 152100000,
        "netIncome": 307300000,
        "netIncomeRatio": 0.1691435491,
        "eps": 2.13,
        "epsdiluted": 2.11,
        "weightedAverageShsOut": 144100000,
        "weightedAverageShsOutDil": 145400000,
        "link": "https://www.sec.gov/Archives/edgar/data/79958/000007995812000007/0000079958-12-000007-index.htm",
        "finalLink": "https://www.sec.gov/Archives/edgar/data/79958/000007995812000007/pcp2012010110-q.htm"
    },
    {
        "date": "2011-10-02",
        "symbol": "PCP",
        "reportedCurrency": "USD",
        "cik": "0000079958",
        "fillingDate": "2011-11-10",
        "acceptedDate": "2011-11-10 13:17:43",
        "calendarYear": "2012",
        "period": "Q2",
        "revenue": 1789600000,
        "costOfRevenue": 1240300000,
        "grossProfit": 549300000,
        "grossProfitRatio": 0.3069400983,
        "researchAndDevelopmentExpenses": 0,
        "generalAndAdministrativeExpenses": 400000,
        "sellingAndMarketingExpenses": 112000000,
        "sellingGeneralAndAdministrativeExpenses": 112400000,
        "otherExpenses": 0,
        "operatingExpenses": 112400000,
        "costAndExpenses": 1354000000,
        "interestIncome": 0,
        "interestExpense": 3200000,
        "depreciationAndAmortization": 42900000,
        "ebitda": 485700000,
        "ebitdaratio": 0.2714014305,
        "operatingIncome": 435600000,
        "operatingIncomeRatio": 0.2434063478,
        "totalOtherIncomeExpensesNet": 0,
        "incomeBeforeTax": 435600000,
        "incomeBeforeTaxRatio": 0.2434063478,
        "incomeTaxExpense": 144900000,
        "netIncome": 294700000,
        "netIncomeRatio": 0.1646736701,
        "eps": 2.05,
        "epsdiluted": 2.03,
        "weightedAverageShsOut": 143900000,
        "weightedAverageShsOutDil": 145200000,
        "link": "https://www.sec.gov/Archives/edgar/data/79958/000007995811000048/0000079958-11-000048-index.htm",
        "finalLink": "https://www.sec.gov/Archives/edgar/data/79958/000007995811000048/pcp2011100210-q.htm"
    },
    {
        "date": "2011-07-03",
        "symbol": "PCP",
        "reportedCurrency": "USD",
        "cik": "0000079958",
        "fillingDate": "2011-08-12",
        "acceptedDate": "2011-08-12 13:15:37",
        "calendarYear": "2012",
        "period": "Q1",
        "revenue": 1675300000,
        "costOfRevenue": 1150300000,
        "grossProfit": 525000000,
        "grossProfitRatio": 0.3133767086,
        "researchAndDevelopmentExpenses": 0,
        "generalAndAdministrativeExpenses": 500000,
        "sellingAndMarketingExpenses": 105000000,
        "sellingGeneralAndAdministrativeExpenses": 105500000,
        "otherExpenses": 0,
        "operatingExpenses": 105500000,
        "costAndExpenses": 1256800000,
        "interestIncome": 0,
        "interestExpense": 2900000,
        "depreciationAndAmortization": 41300000,
        "ebitda": 465800000,
        "ebitdaratio": 0.2780397541,
        "operatingIncome": 418500000,
        "operatingIncomeRatio": 0.2498060049,
        "totalOtherIncomeExpensesNet": 0,
        "incomeBeforeTax": 418500000,
        "incomeBeforeTaxRatio": 0.2498060049,
        "incomeTaxExpense": 135600000,
        "netIncome": 286000000,
        "netIncomeRatio": 0.1707156927,
        "eps": 1.99,
        "epsdiluted": 1.97,
        "weightedAverageShsOut": 143800000,
        "weightedAverageShsOutDil": 145100000,
        "link": "https://www.sec.gov/Archives/edgar/data/79958/000007995811000039/0000079958-11-000039-index.htm",
        "finalLink": "https://www.sec.gov/Archives/edgar/data/79958/000007995811000039/pcp2011070310-q.htm"
    },
    {
        "date": "2011-04-03",
        "symbol": "PCP",
        "reportedCurrency": "USD",
        "cik": "0000079958",
        "fillingDate": "2011-06-02",
        "acceptedDate": "2011-06-02 14:20:32",
        "calendarYear": "2011",
        "period": "Q4",
        "revenue": 1674900000,
        "costOfRevenue": 1181100000,
        "grossProfit": 493800000,
        "grossProfitRatio": 0.2948235716,
        "researchAndDevelopmentExpenses": 17100000,
        "generalAndAdministrativeExpenses": 400000,
        "sellingAndMarketingExpenses": 92000000,
        "sellingGeneralAndAdministrativeExpenses": 92400000,
        "otherExpenses": -17100000,
        "operatingExpenses": 92400000,
        "costAndExpenses": 1282500000,
        "interestIncome": 0,
        "interestExpense": 3000000,
        "depreciationAndAmortization": 41200000,
        "ebitda": 446100000,
        "ebitdaratio": 0.2663442594,
        "operatingIncome": 400000000,
        "operatingIncomeRatio": 0.2388202281,
        "totalOtherIncomeExpensesNet": 0,
        "incomeBeforeTax": 400000000,
        "incomeBeforeTaxRatio": 0.2388202281,
        "incomeTaxExpense": 130900000,
        "netIncome": 271000000,
        "netIncomeRatio": 0.1618007045,
        "eps": 1.9,
        "epsdiluted": 1.88,
        "weightedAverageShsOut": 142700000,
        "weightedAverageShsOutDil": 143900000,
        "link": "https://www.sec.gov/Archives/edgar/data/79958/000007995811000023/0000079958-11-000023-index.htm",
        "finalLink": "https://www.sec.gov/Archives/edgar/data/79958/000007995811000023/pcp2011060210k.htm"
    },
    {
        "date": "2011-01-02",
        "symbol": "PCP",
        "reportedCurrency": "USD",
        "cik": "0000079958",
        "fillingDate": "2011-02-11",
        "acceptedDate": "2011-02-11 12:33:05",
        "calendarYear": "2011",
        "period": "Q3",
        "revenue": 1590300000,
        "costOfRevenue": 1101700000,
        "grossProfit": 488600000,
        "grossProfitRatio": 0.3072376281,
        "researchAndDevelopmentExpenses": 0,
        "generalAndAdministrativeExpenses": -300000,
        "sellingAndMarketingExpenses": 102000000,
        "sellingGeneralAndAdministrativeExpenses": 101700000,
        "otherExpenses": 0,
        "operatingExpenses": 101700000,
        "costAndExpenses": 1203400000,
        "interestIncome": 0,
        "interestExpense": 3700000,
        "depreciationAndAmortization": 41500000,
        "ebitda": 429600000,
        "ebitdaratio": 0.2701377099,
        "operatingIncome": 384500000,
        "operatingIncomeRatio": 0.2417782808,
        "totalOtherIncomeExpensesNet": 0,
        "incomeBeforeTax": 384500000,
        "incomeBeforeTaxRatio": 0.2417782808,
        "incomeTaxExpense": 127900000,
        "netIncome": 256500000,
        "netIncomeRatio": 0.1612903226,
        "eps": 1.8,
        "epsdiluted": 1.78,
        "weightedAverageShsOut": 142400000,
        "weightedAverageShsOutDil": 143700000,
        "link": "https://www.sec.gov/Archives/edgar/data/79958/000007995811000010/0000079958-11-000010-index.htm",
        "finalLink": "https://www.sec.gov/Archives/edgar/data/79958/000007995811000010/pcp2011010210q.htm"
    },
    {
        "date": "2010-09-26",
        "symbol": "PCP",
        "reportedCurrency": "USD",
        "cik": "0000079958",
        "fillingDate": "2010-11-05",
        "acceptedDate": "2010-11-05 15:33:59",
        "calendarYear": "2011",
        "period": "Q2",
        "revenue": 1508100000,
        "costOfRevenue": 1047200000,
        "grossProfit": 460900000,
        "grossProfitRatio": 0.3056163384,
        "researchAndDevelopmentExpenses": 0,
        "generalAndAdministrativeExpenses": 300000,
        "sellingAndMarketingExpenses": 98000000,
        "sellingGeneralAndAdministrativeExpenses": 98300000,
        "otherExpenses": 0,
        "operatingExpenses": 98300000,
        "costAndExpenses": 1145500000,
        "interestIncome": 0,
        "interestExpense": 3400000,
        "depreciationAndAmortization": 40700000,
        "ebitda": 654400000,
        "ebitdaratio": 0.4339234799,
        "operatingIncome": 360200000,
        "operatingIncomeRatio": 0.238843578,
        "totalOtherIncomeExpensesNet": 0,
        "incomeBeforeTax": 360200000,
        "incomeBeforeTaxRatio": 0.238843578,
        "incomeTaxExpense": 359300000,
        "netIncome": 251000000,
        "netIncomeRatio": 0.1664345866,
        "eps": 1.77,
        "epsdiluted": 1.75,
        "weightedAverageShsOut": 142200000,
        "weightedAverageShsOutDil": 143500000,
        "link": "https://www.sec.gov/Archives/edgar/data/79958/000119312510249983/0001193125-10-249983-index.htm",
        "finalLink": "https://www.sec.gov/Archives/edgar/data/79958/000119312510249983/d10q.htm"
    },
    {
        "date": "2010-06-27",
        "symbol": "PCP",
        "reportedCurrency": "USD",
        "cik": "0000079958",
        "fillingDate": "2010-08-06",
        "acceptedDate": "2010-08-06 13:26:20",
        "calendarYear": "2011",
        "period": "Q1",
        "revenue": 1446800000,
        "costOfRevenue": 996700000,
        "grossProfit": 450100000,
        "grossProfitRatio": 0.3111003594,
        "researchAndDevelopmentExpenses": 0,
        "generalAndAdministrativeExpenses": 200000,
        "sellingAndMarketingExpenses": 98000000,
        "sellingGeneralAndAdministrativeExpenses": 98200000,
        "otherExpenses": 0,
        "operatingExpenses": 98200000,
        "costAndExpenses": 1094900000,
        "interestIncome": 0,
        "interestExpense": 3400000,
        "depreciationAndAmortization": 40400000,
        "ebitda": 160800000,
        "ebitdaratio": 0.1111418302,
        "operatingIncome": 349100000,
        "operatingIncomeRatio": 0.2412911252,
        "totalOtherIncomeExpensesNet": 0,
        "incomeBeforeTax": 349100000,
        "incomeBeforeTaxRatio": 0.2412911252,
        "incomeTaxExpense": -118000000,
        "netIncome": 235000000,
        "netIncomeRatio": 0.162427426,
        "eps": 1.65,
        "epsdiluted": 1.64,
        "weightedAverageShsOut": 142100000,
        "weightedAverageShsOutDil": 143400000,
        "link": "https://www.sec.gov/Archives/edgar/data/79958/000119312510180983/0001193125-10-180983-index.htm",
        "finalLink": "https://www.sec.gov/Archives/edgar/data/79958/000119312510180983/d10q.htm"
    },
    {
        "date": "2010-03-28",
        "symbol": "PCP",
        "reportedCurrency": "USD",
        "cik": "0000079958",
        "fillingDate": "2010-05-27",
        "acceptedDate": "2010-05-27 14:50:32",
        "calendarYear": "2010",
        "period": "Q4",
        "revenue": 4404285000,
        "costOfRevenue": 2785158000,
        "grossProfit": 1619127000,
        "grossProfitRatio": 0.3676253921,
        "researchAndDevelopmentExpenses": 0,
        "generalAndAdministrativeExpenses": 124023000,
        "sellingAndMarketingExpenses": 94000000,
        "sellingGeneralAndAdministrativeExpenses": 218023000,
        "otherExpenses": 0,
        "operatingExpenses": 218023000,
        "costAndExpenses": 3003181000,
        "interestIncome": 0,
        "interestExpense": 11618000,
        "depreciationAndAmortization": 149107000,
        "ebitda": 1550713000,
        "ebitdaratio": 0.3520918832,
        "operatingIncome": 1388004000,
        "operatingIncomeRatio": 0.3151485428,
        "totalOtherIncomeExpensesNet": 3884000,
        "incomeBeforeTax": 1391888000,
        "incomeBeforeTaxRatio": 0.3160304113,
        "incomeTaxExpense": 481065000,
        "netIncome": 908923000,
        "netIncomeRatio": 0.2063724305,
        "eps": 6.46,
        "epsdiluted": 6.4,
        "weightedAverageShsOut": 140700000,
        "weightedAverageShsOutDil": 142100000,
        "link": "https://www.sec.gov/Archives/edgar/data/79958/000119312510130580/0001193125-10-130580-index.htm",
        "finalLink": "https://www.sec.gov/Archives/edgar/data/79958/000119312510130580/d10k.htm"
    },
    {
        "date": "2009-12-27",
        "symbol": "PCP",
        "reportedCurrency": "USD",
        "cik": "0000079958",
        "fillingDate": "2010-02-05",
        "acceptedDate": "2010-02-05 15:00:19",
        "calendarYear": "2010",
        "period": "Q3",
        "revenue": 251000000,
        "costOfRevenue": 925000000,
        "grossProfit": -674000000,
        "grossProfitRatio": -2.6852589641,
        "researchAndDevelopmentExpenses": 0,
        "generalAndAdministrativeExpenses": 0,
        "sellingAndMarketingExpenses": 88000000,
        "sellingGeneralAndAdministrativeExpenses": 88000000,
        "otherExpenses": 0,
        "operatingExpenses": 88000000,
        "costAndExpenses": 1013000000,
        "interestIncome": 0,
        "interestExpense": -4000000,
        "depreciationAndAmortization": 41000000,
        "ebitda": 393000000,
        "ebitdaratio": 1.5657370518,
        "operatingIncome": 228000000,
        "operatingIncomeRatio": 0.9083665339,
        "totalOtherIncomeExpensesNet": 121000000,
        "incomeBeforeTax": 349000000,
        "incomeBeforeTaxRatio": 1.390438247,
        "incomeTaxExpense": 122000000,
        "netIncome": 234000000,
        "netIncomeRatio": 0.9322709163,
        "eps": 1.66,
        "epsdiluted": 1.65,
        "weightedAverageShsOut": 140700000,
        "weightedAverageShsOutDil": 142100000,
        "link": "https://www.sec.gov/Archives/edgar/data/79958/000119312510023271/0001193125-10-023271-index.htm",
        "finalLink": "https://www.sec.gov/Archives/edgar/data/79958/000119312510023271/d10q.htm"
    },
    {
        "date": "2009-09-27",
        "symbol": "PCP",
        "reportedCurrency": "USD",
        "cik": "0000079958",
        "fillingDate": "2009-11-06",
        "acceptedDate": "2009-11-06 13:22:15",
        "calendarYear": "2010",
        "period": "Q2",
        "revenue": 477000000,
        "costOfRevenue": 1786000000,
        "grossProfit": -1309000000,
        "grossProfitRatio": -2.7442348008,
        "researchAndDevelopmentExpenses": 0,
        "generalAndAdministrativeExpenses": 0,
        "sellingAndMarketingExpenses": 188000000,
        "sellingGeneralAndAdministrativeExpenses": 188000000,
        "otherExpenses": 0,
        "operatingExpenses": 188000000,
        "costAndExpenses": 1974000000,
        "interestIncome": 0,
        "interestExpense": -8000000,
        "depreciationAndAmortization": 38000000,
        "ebitda": 718000000,
        "ebitdaratio": 1.5052410901,
        "operatingIncome": 458000000,
        "operatingIncomeRatio": 0.9601677149,
        "totalOtherIncomeExpensesNet": 242000000,
        "incomeBeforeTax": 700000000,
        "incomeBeforeTaxRatio": 1.4675052411,
        "incomeTaxExpense": 241000000,
        "netIncome": 447000000,
        "netIncomeRatio": 0.9371069182,
        "eps": 3.18,
        "epsdiluted": 3.15,
        "weightedAverageShsOut": 140700000,
        "weightedAverageShsOutDil": 142100000,
        "link": "https://www.sec.gov/Archives/edgar/data/79958/000119312509227113/0001193125-09-227113-index.htm",
        "finalLink": "https://www.sec.gov/Archives/edgar/data/79958/000119312509227113/d10q.htm"
    },
    {
        "date": "2009-06-28",
        "symbol": "PCP",
        "reportedCurrency": "USD",
        "cik": "0000079958",
        "fillingDate": "2009-08-07",
        "acceptedDate": "2009-08-07 13:12:47",
        "calendarYear": "2010",
        "period": "Q1",
        "revenue": 1379000000,
        "costOfRevenue": 0,
        "grossProfit": 1379000000,
        "grossProfitRatio": 1,
        "researchAndDevelopmentExpenses": 0,
        "generalAndAdministrativeExpenses": 0,
        "sellingAndMarketingExpenses": 0,
        "sellingGeneralAndAdministrativeExpenses": 1010000000,
        "otherExpenses": 0,
        "operatingExpenses": 1010000000,
        "costAndExpenses": 1010000000,
        "interestIncome": 0,
        "interestExpense": -4000000,
        "depreciationAndAmortization": 36000000,
        "ebitda": 398000000,
        "ebitdaratio": 0.2886149384,
        "operatingIncome": 369000000,
        "operatingIncomeRatio": 0.2675852067,
        "totalOtherIncomeExpensesNet": -3000000,
        "incomeBeforeTax": 366000000,
        "incomeBeforeTaxRatio": 0.2654097172,
        "incomeTaxExpense": 0,
        "netIncome": 366000000,
        "netIncomeRatio": 0.2654097172,
        "eps": 2.6,
        "epsdiluted": 2.58,
        "weightedAverageShsOut": 140700000,
        "weightedAverageShsOutDil": 142100000,
        "link": "https://www.sec.gov/Archives/edgar/data/79958/000119312509168742/0001193125-09-168742-index.htm",
        "finalLink": "https://www.sec.gov/Archives/edgar/data/79958/000119312509168742/d10q.htm"
    },
    {
        "date": "2009-03-29",
        "symbol": "PCP",
        "reportedCurrency": "USD",
        "cik": "0000079958",
        "fillingDate": "2009-05-28",
        "acceptedDate": "2009-05-28 15:42:03",
        "calendarYear": "2009",
        "period": "Q4",
        "revenue": 1604000000,
        "costOfRevenue": 1106000000,
        "grossProfit": 498000000,
        "grossProfitRatio": 0.3104738155,
        "researchAndDevelopmentExpenses": 0,
        "generalAndAdministrativeExpenses": 0,
        "sellingAndMarketingExpenses": 100000000,
        "sellingGeneralAndAdministrativeExpenses": 100000000,
        "otherExpenses": 0,
        "operatingExpenses": 100000000,
        "costAndExpenses": 1206000000,
        "interestIncome": 0,
        "interestExpense": -5000000,
        "depreciationAndAmortization": 37000000,
        "ebitda": 425000000,
        "ebitdaratio": 0.2649625935,
        "operatingIncome": 263000000,
        "operatingIncomeRatio": 0.1639650873,
        "totalOtherIncomeExpensesNet": 133000000,
        "incomeBeforeTax": 396000000,
        "incomeBeforeTaxRatio": 0.246882793,
        "incomeTaxExpense": 133000000,
        "netIncome": 260000000,
        "netIncomeRatio": 0.1620947631,
        "eps": 1.86,
        "epsdiluted": 1.86,
        "weightedAverageShsOut": 140134000,
        "weightedAverageShsOutDil": 140134000,
        "link": "https://www.sec.gov/Archives/edgar/data/79958/000119312509120337/0001193125-09-120337-index.htm",
        "finalLink": "https://www.sec.gov/Archives/edgar/data/79958/000119312509120337/d10k.htm"
    },
    {
        "date": "2008-12-28",
        "symbol": "PCP",
        "reportedCurrency": "USD",
        "cik": "0000079958",
        "fillingDate": "2009-02-06",
        "acceptedDate": "2009-02-06 16:42:29",
        "calendarYear": "2009",
        "period": "Q3",
        "revenue": 1569000000,
        "costOfRevenue": 1107000000,
        "grossProfit": 462000000,
        "grossProfitRatio": 0.2944550669,
        "researchAndDevelopmentExpenses": 0,
        "generalAndAdministrativeExpenses": 0,
        "sellingAndMarketingExpenses": 91000000,
        "sellingGeneralAndAdministrativeExpenses": 91000000,
        "otherExpenses": 0,
        "operatingExpenses": 91000000,
        "costAndExpenses": 1198000000,
        "interestIncome": 0,
        "interestExpense": -4000000,
        "depreciationAndAmortization": 30000000,
        "ebitda": 388000000,
        "ebitdaratio": 0.2472912683,
        "operatingIncome": 235000000,
        "operatingIncomeRatio": 0.149776928,
        "totalOtherIncomeExpensesNet": 122000000,
        "incomeBeforeTax": 357000000,
        "incomeBeforeTaxRatio": 0.2275334608,
        "incomeTaxExpense": 123000000,
        "netIncome": 239000000,
        "netIncomeRatio": 0.1523263225,
        "eps": 1.68,
        "epsdiluted": 1.68,
        "weightedAverageShsOut": 142545000,
        "weightedAverageShsOutDil": 142545000,
        "link": "https://www.sec.gov/Archives/edgar/data/79958/000119312509021319/0001193125-09-021319-index.htm",
        "finalLink": "https://www.sec.gov/Archives/edgar/data/79958/000119312509021319/d10q.htm"
    },
    {
        "date": "2008-09-28",
        "symbol": "PCP",
        "reportedCurrency": "USD",
        "cik": "0000079958",
        "fillingDate": "2008-11-07",
        "acceptedDate": "2008-11-07 16:28:14",
        "calendarYear": "2009",
        "period": "Q2",
        "revenue": 1820000000,
        "costOfRevenue": 1318000000,
        "grossProfit": 502000000,
        "grossProfitRatio": 0.2758241758,
        "researchAndDevelopmentExpenses": 0,
        "generalAndAdministrativeExpenses": 0,
        "sellingAndMarketingExpenses": 96000000,
        "sellingGeneralAndAdministrativeExpenses": 96000000,
        "otherExpenses": 0,
        "operatingExpenses": 96000000,
        "costAndExpenses": 1414000000,
        "interestIncome": 0,
        "interestExpense": -5000000,
        "depreciationAndAmortization": 38000000,
        "ebitda": 441000000,
        "ebitdaratio": 0.2423076923,
        "operatingIncome": 266000000,
        "operatingIncomeRatio": 0.1461538462,
        "totalOtherIncomeExpensesNet": 138000000,
        "incomeBeforeTax": 404000000,
        "incomeBeforeTaxRatio": 0.221978022,
        "incomeTaxExpense": 138000000,
        "netIncome": 270000000,
        "netIncomeRatio": 0.1483516484,
        "eps": 1.9,
        "epsdiluted": 1.9,
        "weightedAverageShsOut": 141927000,
        "weightedAverageShsOutDil": 141927000,
        "link": "https://www.sec.gov/Archives/edgar/data/79958/000119312508230065/0001193125-08-230065-index.htm",
        "finalLink": "https://www.sec.gov/Archives/edgar/data/79958/000119312508230065/d10q.htm"
    },
    {
        "date": "2008-06-29",
        "symbol": "PCP",
        "reportedCurrency": "USD",
        "cik": "0000079958",
        "fillingDate": "2008-08-08",
        "acceptedDate": "2008-08-08 16:44:03",
        "calendarYear": "2009",
        "period": "Q1",
        "revenue": 1834000000,
        "costOfRevenue": 1307000000,
        "grossProfit": 527000000,
        "grossProfitRatio": 0.2873500545,
        "researchAndDevelopmentExpenses": 0,
        "generalAndAdministrativeExpenses": 0,
        "sellingAndMarketingExpenses": 103000000,
        "sellingGeneralAndAdministrativeExpenses": 103000000,
        "otherExpenses": 0,
        "operatingExpenses": 103000000,
        "costAndExpenses": 1410000000,
        "interestIncome": 0,
        "interestExpense": -4000000,
        "depreciationAndAmortization": 35000000,
        "ebitda": 451000000,
        "ebitdaratio": 0.245910578,
        "operatingIncome": 274000000,
        "operatingIncomeRatio": 0.1494002181,
        "totalOtherIncomeExpensesNet": 146000000,
        "incomeBeforeTax": 420000000,
        "incomeBeforeTaxRatio": 0.2290076336,
        "incomeTaxExpense": 145000000,
        "netIncome": 275000000,
        "netIncomeRatio": 0.1499454744,
        "eps": 1.98,
        "epsdiluted": 1.96,
        "weightedAverageShsOut": 139000000,
        "weightedAverageShsOutDil": 140000000,
        "link": "https://www.sec.gov/Archives/edgar/data/79958/000119312508172028/0001193125-08-172028-index.htm",
        "finalLink": "https://www.sec.gov/Archives/edgar/data/79958/000119312508172028/d10q.htm"
    },
    {
        "date": "2008-03-30",
        "symbol": "PCP",
        "reportedCurrency": "USD",
        "cik": "0000079958",
        "fillingDate": "2008-05-29",
        "acceptedDate": "2008-05-29 15:10:09",
        "calendarYear": "2008",
        "period": "Q4",
        "revenue": 1774000000,
        "costOfRevenue": 1278000000,
        "grossProfit": 496000000,
        "grossProfitRatio": 0.2795941375,
        "researchAndDevelopmentExpenses": 0,
        "generalAndAdministrativeExpenses": 0,
        "sellingAndMarketingExpenses": 79000000,
        "sellingGeneralAndAdministrativeExpenses": 79000000,
        "otherExpenses": 0,
        "operatingExpenses": 79000000,
        "costAndExpenses": 1357000000,
        "interestIncome": 0,
        "interestExpense": -6000000,
        "depreciationAndAmortization": 33000000,
        "ebitda": 445000000,
        "ebitdaratio": 0.2508455468,
        "operatingIncome": 264000000,
        "operatingIncomeRatio": 0.1488162345,
        "totalOtherIncomeExpensesNet": 140000000,
        "incomeBeforeTax": 404000000,
        "incomeBeforeTaxRatio": 0.2277339346,
        "incomeTaxExpense": 139000000,
        "netIncome": 279000000,
        "netIncomeRatio": 0.1572717024,
        "eps": 1.98,
        "epsdiluted": 1.98,
        "weightedAverageShsOut": 141202000,
        "weightedAverageShsOutDil": 141202000,
        "link": "https://www.sec.gov/Archives/edgar/data/79958/000119312508124576/0001193125-08-124576-index.htm",
        "finalLink": "https://www.sec.gov/Archives/edgar/data/79958/000119312508124576/d10k.htm"
    },
    {
        "date": "2007-12-30",
        "symbol": "PCP",
        "reportedCurrency": "USD",
        "cik": "0000079958",
        "fillingDate": "2008-02-08",
        "acceptedDate": "2008-02-08 17:26:39",
        "calendarYear": "2008",
        "period": "Q3",
        "revenue": 1691000000,
        "costOfRevenue": 1229000000,
        "grossProfit": 462000000,
        "grossProfitRatio": 0.2732111177,
        "researchAndDevelopmentExpenses": 0,
        "generalAndAdministrativeExpenses": 0,
        "sellingAndMarketingExpenses": 90000000,
        "sellingGeneralAndAdministrativeExpenses": 90000000,
        "otherExpenses": 0,
        "operatingExpenses": 90000000,
        "costAndExpenses": 1319000000,
        "interestIncome": 0,
        "interestExpense": -10000000,
        "depreciationAndAmortization": 33000000,
        "ebitda": 391000000,
        "ebitdaratio": 0.2312241277,
        "operatingIncome": 242000000,
        "operatingIncomeRatio": 0.1431105855,
        "totalOtherIncomeExpensesNet": 120000000,
        "incomeBeforeTax": 362000000,
        "incomeBeforeTaxRatio": 0.2140745121,
        "incomeTaxExpense": 121000000,
        "netIncome": 247000000,
        "netIncomeRatio": 0.1460674157,
        "eps": 1.8,
        "epsdiluted": 1.76,
        "weightedAverageShsOut": 137000000,
        "weightedAverageShsOutDil": 140000000,
        "link": "https://www.sec.gov/Archives/edgar/data/79958/000119312508024473/0001193125-08-024473-index.htm",
        "finalLink": "https://www.sec.gov/Archives/edgar/data/79958/000119312508024473/d10q.htm"
    },
    {
        "date": "2007-09-30",
        "symbol": "PCP",
        "reportedCurrency": "USD",
        "cik": "0000079958",
        "fillingDate": "2007-11-09",
        "acceptedDate": "2007-11-09 16:17:23",
        "calendarYear": "2008",
        "period": "Q2",
        "revenue": 3373000000,
        "costOfRevenue": 2464000000,
        "grossProfit": 909000000,
        "grossProfitRatio": 0.2694930329,
        "researchAndDevelopmentExpenses": 0,
        "generalAndAdministrativeExpenses": 0,
        "sellingAndMarketingExpenses": 188000000,
        "sellingGeneralAndAdministrativeExpenses": 188000000,
        "otherExpenses": 0,
        "operatingExpenses": 188000000,
        "costAndExpenses": 2652000000,
        "interestIncome": 0,
        "interestExpense": -26000000,
        "depreciationAndAmortization": 32000000,
        "ebitda": 700000000,
        "ebitdaratio": 0.2075303884,
        "operatingIncome": 458000000,
        "operatingIncomeRatio": 0.1357841684,
        "totalOtherIncomeExpensesNet": 236000000,
        "incomeBeforeTax": 694000000,
        "incomeBeforeTaxRatio": 0.2057515565,
        "incomeTaxExpense": 235000000,
        "netIncome": 459000000,
        "netIncomeRatio": 0.1360806404,
        "eps": 3.35,
        "epsdiluted": 3.3,
        "weightedAverageShsOut": 137000000,
        "weightedAverageShsOutDil": 139000000,
        "link": "https://www.sec.gov/Archives/edgar/data/79958/000119312507242469/0001193125-07-242469-index.htm",
        "finalLink": "https://www.sec.gov/Archives/edgar/data/79958/000119312507242469/d10q.htm"
    },
    {
        "date": "2007-07-01",
        "symbol": "PCP",
        "reportedCurrency": "USD",
        "cik": "0000079958",
        "fillingDate": "2007-08-10",
        "acceptedDate": "2007-08-10 14:01:03",
        "calendarYear": "2008",
        "period": "Q1",
        "revenue": 14000000,
        "costOfRevenue": 11000000,
        "grossProfit": 3000000,
        "grossProfitRatio": 0.2142857143,
        "researchAndDevelopmentExpenses": 0,
        "generalAndAdministrativeExpenses": 0,
        "sellingAndMarketingExpenses": 1000000,
        "sellingGeneralAndAdministrativeExpenses": 1000000,
        "otherExpenses": 0,
        "operatingExpenses": 1000000,
        "costAndExpenses": 12000000,
        "interestIncome": 0,
        "interestExpense": 0,
        "depreciationAndAmortization": 32000000,
        "ebitda": 34000000,
        "ebitdaratio": 2.4285714286,
        "operatingIncome": 1000000,
        "operatingIncomeRatio": 0.0714285714,
        "totalOtherIncomeExpensesNet": 1000000,
        "incomeBeforeTax": 2000000,
        "incomeBeforeTaxRatio": 0.1428571429,
        "incomeTaxExpense": 0,
        "netIncome": 2000000,
        "netIncomeRatio": 0.1428571429,
        "eps": 0.0143,
        "epsdiluted": 0.0143,
        "weightedAverageShsOut": 140044000,
        "weightedAverageShsOutDil": 140044000,
        "link": "https://www.sec.gov/Archives/edgar/data/79958/000119312507178819/0001193125-07-178819-index.htm",
        "finalLink": "https://www.sec.gov/Archives/edgar/data/79958/000119312507178819/d10q.htm"
    },
    {
        "date": "2007-04-01",
        "symbol": "PCP",
        "reportedCurrency": "USD",
        "cik": "0000079958",
        "fillingDate": "2007-05-31",
        "acceptedDate": "2007-05-31 16:04:12",
        "calendarYear": "2007",
        "period": "Q4",
        "revenue": 1547000000,
        "costOfRevenue": 1152000000,
        "grossProfit": 395000000,
        "grossProfitRatio": 0.2553329024,
        "researchAndDevelopmentExpenses": 0,
        "generalAndAdministrativeExpenses": 0,
        "sellingAndMarketingExpenses": 89000000,
        "sellingGeneralAndAdministrativeExpenses": 89000000,
        "otherExpenses": 0,
        "operatingExpenses": 89000000,
        "costAndExpenses": 1241000000,
        "interestIncome": 0,
        "interestExpense": -12000000,
        "depreciationAndAmortization": 29000000,
        "ebitda": 316000000,
        "ebitdaratio": 0.2042663219,
        "operatingIncome": 200000000,
        "operatingIncomeRatio": 0.1292824822,
        "totalOtherIncomeExpensesNet": 94000000,
        "incomeBeforeTax": 294000000,
        "incomeBeforeTaxRatio": 0.1900452489,
        "incomeTaxExpense": 94000000,
        "netIncome": 205000000,
        "netIncomeRatio": 0.1325145443,
        "eps": 1.46,
        "epsdiluted": 1.46,
        "weightedAverageShsOut": 140044000,
        "weightedAverageShsOutDil": 140044000,
        "link": "https://www.sec.gov/Archives/edgar/data/79958/000119312507127000/0001193125-07-127000-index.htm",
        "finalLink": "https://www.sec.gov/Archives/edgar/data/79958/000119312507127000/d10k.htm"
    },
    {
        "date": "2006-12-31",
        "symbol": "PCP",
        "reportedCurrency": "USD",
        "cik": "0000079958",
        "fillingDate": "2007-02-09",
        "acceptedDate": "2007-02-09 14:22:37",
        "calendarYear": "2007",
        "period": "Q3",
        "revenue": 1384000000,
        "costOfRevenue": 1050000000,
        "grossProfit": 334000000,
        "grossProfitRatio": 0.2413294798,
        "researchAndDevelopmentExpenses": 0,
        "generalAndAdministrativeExpenses": 0,
        "sellingAndMarketingExpenses": 88000000,
        "sellingGeneralAndAdministrativeExpenses": 88000000,
        "otherExpenses": 0,
        "operatingExpenses": 88000000,
        "costAndExpenses": 1138000000,
        "interestIncome": 0,
        "interestExpense": -12000000,
        "depreciationAndAmortization": 29000000,
        "ebitda": 252000000,
        "ebitdaratio": 0.1820809249,
        "operatingIncome": 158000000,
        "operatingIncomeRatio": 0.1141618497,
        "totalOtherIncomeExpensesNet": 77000000,
        "incomeBeforeTax": 235000000,
        "incomeBeforeTaxRatio": 0.1697976879,
        "incomeTaxExpense": 76000000,
        "netIncome": 159000000,
        "netIncomeRatio": 0.1148843931,
        "eps": 1.18,
        "epsdiluted": 1.16,
        "weightedAverageShsOut": 135000000,
        "weightedAverageShsOutDil": 137000000,
        "link": "https://www.sec.gov/Archives/edgar/data/79958/000119312507025475/0001193125-07-025475-index.htm",
        "finalLink": "https://www.sec.gov/Archives/edgar/data/79958/000119312507025475/d10q.htm"
    },
    {
        "date": "2006-10-01",
        "symbol": "PCP",
        "reportedCurrency": "USD",
        "cik": "0000079958",
        "fillingDate": "2006-11-08",
        "acceptedDate": "2006-11-08 17:00:19",
        "calendarYear": "2007",
        "period": "Q2",
        "revenue": 1308000000,
        "costOfRevenue": 993000000,
        "grossProfit": 315000000,
        "grossProfitRatio": 0.2408256881,
        "researchAndDevelopmentExpenses": 0,
        "generalAndAdministrativeExpenses": 0,
        "sellingAndMarketingExpenses": 85000000,
        "sellingGeneralAndAdministrativeExpenses": 85000000,
        "otherExpenses": 0,
        "operatingExpenses": 85000000,
        "costAndExpenses": 1078000000,
        "interestIncome": 0,
        "interestExpense": -15000000,
        "depreciationAndAmortization": 28000000,
        "ebitda": 243000000,
        "ebitdaratio": 0.1857798165,
        "operatingIncome": 138000000,
        "operatingIncomeRatio": 0.1055045872,
        "totalOtherIncomeExpensesNet": 77000000,
        "incomeBeforeTax": 215000000,
        "incomeBeforeTaxRatio": 0.1643730887,
        "incomeTaxExpense": 76000000,
        "netIncome": 154000000,
        "netIncomeRatio": 0.1177370031,
        "eps": 1.08,
        "epsdiluted": 1.08,
        "weightedAverageShsOut": 142328000,
        "weightedAverageShsOutDil": 142328000,
        "link": "https://www.sec.gov/Archives/edgar/data/79958/000119312506228494/0001193125-06-228494-index.htm",
        "finalLink": "https://www.sec.gov/Archives/edgar/data/79958/000119312506228494/d10q.htm"
    },
    {
        "date": "2006-07-02",
        "symbol": "PCP",
        "reportedCurrency": "USD",
        "cik": "0000079958",
        "fillingDate": "2006-08-11",
        "acceptedDate": "2006-08-11 13:46:01",
        "calendarYear": "2007",
        "period": "Q1",
        "revenue": 1122000000,
        "costOfRevenue": 856000000,
        "grossProfit": 266000000,
        "grossProfitRatio": 0.2370766488,
        "researchAndDevelopmentExpenses": 0,
        "generalAndAdministrativeExpenses": 0,
        "sellingAndMarketingExpenses": 75000000,
        "sellingGeneralAndAdministrativeExpenses": 75000000,
        "otherExpenses": 0,
        "operatingExpenses": 75000000,
        "costAndExpenses": 931000000,
        "interestIncome": 0,
        "interestExpense": -13000000,
        "depreciationAndAmortization": 26000000,
        "ebitda": 186000000,
        "ebitdaratio": 0.1657754011,
        "operatingIncome": 118000000,
        "operatingIncomeRatio": 0.1051693405,
        "totalOtherIncomeExpensesNet": 58000000,
        "incomeBeforeTax": 176000000,
        "incomeBeforeTaxRatio": 0.1568627451,
        "incomeTaxExpense": 58000000,
        "netIncome": 115000000,
        "netIncomeRatio": 0.1024955437,
        "eps": 0.87,
        "epsdiluted": 0.87,
        "weightedAverageShsOut": 132184000,
        "weightedAverageShsOutDil": 132184000,
        "link": "https://www.sec.gov/Archives/edgar/data/79958/000119312506170603/0001193125-06-170603-index.htm",
        "finalLink": "https://www.sec.gov/Archives/edgar/data/79958/000119312506170603/d10q.htm"
    },
    {
        "date": "2006-04-02",
        "symbol": "PCP",
        "reportedCurrency": "USD",
        "cik": "0000079958",
        "fillingDate": "2006-06-14",
        "acceptedDate": "2006-06-14 16:37:03",
        "calendarYear": "2006",
        "period": "Q4",
        "revenue": 953000000,
        "costOfRevenue": 2739000000,
        "grossProfit": -1786000000,
        "grossProfitRatio": -1.8740818468,
        "researchAndDevelopmentExpenses": 0,
        "generalAndAdministrativeExpenses": 0,
        "sellingAndMarketingExpenses": 63000000,
        "sellingGeneralAndAdministrativeExpenses": 63000000,
        "otherExpenses": 0,
        "operatingExpenses": 63000000,
        "costAndExpenses": 2802000000,
        "interestIncome": 0,
        "interestExpense": -10000000,
        "depreciationAndAmortization": 25000000,
        "ebitda": 165000000,
        "ebitdaratio": 0.1731374607,
        "operatingIncome": 101000000,
        "operatingIncomeRatio": 0.1059811123,
        "totalOtherIncomeExpensesNet": 50000000,
        "incomeBeforeTax": 151000000,
        "incomeBeforeTaxRatio": 0.1584470094,
        "incomeTaxExpense": 50000000,
        "netIncome": 100000000,
        "netIncomeRatio": 0.1049317943,
        "eps": 0.75,
        "epsdiluted": 0.75,
        "weightedAverageShsOut": 133588000,
        "weightedAverageShsOutDil": 133588000,
        "link": "https://www.sec.gov/Archives/edgar/data/79958/000119312506129833/0001193125-06-129833-index.htm",
        "finalLink": "https://www.sec.gov/Archives/edgar/data/79958/000119312506129833/d10k.htm"
    },
    {
        "date": "2006-01-01",
        "symbol": "PCP",
        "reportedCurrency": "USD",
        "cik": "0000079958",
        "fillingDate": "2006-02-17",
        "acceptedDate": "2006-02-17 16:19:53",
        "calendarYear": "2006",
        "period": "Q3",
        "revenue": 864000000,
        "costOfRevenue": 1342000000,
        "grossProfit": -478000000,
        "grossProfitRatio": -0.5532407407,
        "researchAndDevelopmentExpenses": 0,
        "generalAndAdministrativeExpenses": 0,
        "sellingAndMarketingExpenses": 58000000,
        "sellingGeneralAndAdministrativeExpenses": 58000000,
        "otherExpenses": 0,
        "operatingExpenses": 58000000,
        "costAndExpenses": 773000000,
        "interestIncome": 0,
        "interestExpense": -10000000,
        "depreciationAndAmortization": 25000000,
        "ebitda": 143000000,
        "ebitdaratio": 0.1655092593,
        "operatingIncome": 91000000,
        "operatingIncomeRatio": 0.1053240741,
        "totalOtherIncomeExpensesNet": 34000000,
        "incomeBeforeTax": 125000000,
        "incomeBeforeTaxRatio": 0.1446759259,
        "incomeTaxExpense": 34000000,
        "netIncome": 94000000,
        "netIncomeRatio": 0.1087962963,
        "eps": 0.7,
        "epsdiluted": 0.7,
        "weightedAverageShsOut": 133690000,
        "weightedAverageShsOutDil": 133690000,
        "link": "https://www.sec.gov/Archives/edgar/data/79958/000110465906010509/0001104659-06-010509-index.htm",
        "finalLink": "https://www.sec.gov/Archives/edgar/data/79958/000110465906010509/a06-4488_210q.htm"
    },
    {
        "date": "2005-10-02",
        "symbol": "PCP",
        "reportedCurrency": "USD",
        "cik": "0000079958",
        "fillingDate": "2006-02-17",
        "acceptedDate": "2006-02-17 16:17:29",
        "calendarYear": "2006",
        "period": "Q2",
        "revenue": 875000000,
        "costOfRevenue": 680000000,
        "grossProfit": 195000000,
        "grossProfitRatio": 0.2228571429,
        "researchAndDevelopmentExpenses": 0,
        "generalAndAdministrativeExpenses": 0,
        "sellingAndMarketingExpenses": 66000000,
        "sellingGeneralAndAdministrativeExpenses": 66000000,
        "otherExpenses": 0,
        "operatingExpenses": 66000000,
        "costAndExpenses": 746000000,
        "interestIncome": 0,
        "interestExpense": -11000000,
        "depreciationAndAmortization": 24000000,
        "ebitda": 131000000,
        "ebitdaratio": 0.1497142857,
        "operatingIncome": 80000000,
        "operatingIncomeRatio": 0.0914285714,
        "totalOtherIncomeExpensesNet": 39000000,
        "incomeBeforeTax": 119000000,
        "incomeBeforeTaxRatio": 0.136,
        "incomeTaxExpense": 39000000,
        "netIncome": 79000000,
        "netIncomeRatio": 0.0902857143,
        "eps": 0.6,
        "epsdiluted": 0.6,
        "weightedAverageShsOut": 131092000,
        "weightedAverageShsOutDil": 131092000,
        "link": "https://www.sec.gov/Archives/edgar/data/79958/000110465906010508/0001104659-06-010508-index.htm",
        "finalLink": "https://www.sec.gov/Archives/edgar/data/79958/000110465906010508/a06-4488_110q.htm"
    },
    {
        "date": "2005-07-03",
        "symbol": "PCP",
        "reportedCurrency": "USD",
        "cik": "0000079958",
        "fillingDate": "2005-08-12",
        "acceptedDate": "2005-08-12 11:05:41",
        "calendarYear": "2006",
        "period": "Q1",
        "revenue": 854000000,
        "costOfRevenue": 662000000,
        "grossProfit": 192000000,
        "grossProfitRatio": 0.224824356,
        "researchAndDevelopmentExpenses": 0,
        "generalAndAdministrativeExpenses": 0,
        "sellingAndMarketingExpenses": 63000000,
        "sellingGeneralAndAdministrativeExpenses": 63000000,
        "otherExpenses": 0,
        "operatingExpenses": 63000000,
        "costAndExpenses": 725000000,
        "interestIncome": 0,
        "interestExpense": -10000000,
        "depreciationAndAmortization": 25000000,
        "ebitda": 131000000,
        "ebitdaratio": 0.1533957845,
        "operatingIncome": 77000000,
        "operatingIncomeRatio": 0.0901639344,
        "totalOtherIncomeExpensesNet": 40000000,
        "incomeBeforeTax": 117000000,
        "incomeBeforeTaxRatio": 0.1370023419,
        "incomeTaxExpense": 39000000,
        "netIncome": 77000000,
        "netIncomeRatio": 0.0901639344,
        "eps": 1.17,
        "epsdiluted": 1.17,
        "weightedAverageShsOut": 65812000,
        "weightedAverageShsOutDil": 65812000,
        "link": "https://www.sec.gov/Archives/edgar/data/79958/000110465905038869/0001104659-05-038869-index.htm",
        "finalLink": "https://www.sec.gov/Archives/edgar/data/79958/000110465905038869/a05-14568_110q.htm"
    },
    {
        "date": "2005-04-03",
        "symbol": "PCP",
        "reportedCurrency": "USD",
        "cik": "0000079958",
        "fillingDate": "2005-06-17",
        "acceptedDate": "2005-06-17 14:53:12",
        "calendarYear": "2005",
        "period": "Q4",
        "revenue": 810000000,
        "costOfRevenue": 633000000,
        "grossProfit": 177000000,
        "grossProfitRatio": 0.2185185185,
        "researchAndDevelopmentExpenses": 0,
        "generalAndAdministrativeExpenses": 0,
        "sellingAndMarketingExpenses": 57000000,
        "sellingGeneralAndAdministrativeExpenses": 57000000,
        "otherExpenses": 0,
        "operatingExpenses": 57000000,
        "costAndExpenses": 690000000,
        "interestIncome": 0,
        "interestExpense": -13000000,
        "depreciationAndAmortization": 25000000,
        "ebitda": 118000000,
        "ebitdaratio": 0.1456790123,
        "operatingIncome": 70000000,
        "operatingIncomeRatio": 0.0864197531,
        "totalOtherIncomeExpensesNet": 36000000,
        "incomeBeforeTax": 106000000,
        "incomeBeforeTaxRatio": 0.1308641975,
        "incomeTaxExpense": 35000000,
        "netIncome": 71000000,
        "netIncomeRatio": 0.087654321,
        "eps": 1.08,
        "epsdiluted": 1.08,
        "weightedAverageShsOut": 65668000,
        "weightedAverageShsOutDil": 65668000,
        "link": "https://www.sec.gov/Archives/edgar/data/79958/000104746905017527/0001047469-05-017527-index.htm",
        "finalLink": "https://www.sec.gov/Archives/edgar/data/79958/000104746905017527/a2159654z10-k.htm"
    },
    {
        "date": "2005-01-02",
        "symbol": "PCP",
        "reportedCurrency": "USD",
        "cik": "0000079958",
        "fillingDate": "2005-02-11",
        "acceptedDate": "2005-02-11 16:54:03",
        "calendarYear": "2005",
        "period": "Q3",
        "revenue": 744000000,
        "costOfRevenue": 576000000,
        "grossProfit": 168000000,
        "grossProfitRatio": 0.2258064516,
        "researchAndDevelopmentExpenses": 0,
        "generalAndAdministrativeExpenses": 0,
        "sellingAndMarketingExpenses": 58000000,
        "sellingGeneralAndAdministrativeExpenses": 58000000,
        "otherExpenses": 0,
        "operatingExpenses": 58000000,
        "costAndExpenses": 634000000,
        "interestIncome": 0,
        "interestExpense": -14000000,
        "depreciationAndAmortization": 25000000,
        "ebitda": 106000000,
        "ebitdaratio": 0.1424731183,
        "operatingIncome": 62000000,
        "operatingIncomeRatio": 0.0833333333,
        "totalOtherIncomeExpensesNet": 33000000,
        "incomeBeforeTax": 95000000,
        "incomeBeforeTaxRatio": 0.127688172,
        "incomeTaxExpense": 33000000,
        "netIncome": 62000000,
        "netIncomeRatio": 0.0833333333,
        "eps": 0.95,
        "epsdiluted": 0.95,
        "weightedAverageShsOut": 65134000,
        "weightedAverageShsOutDil": 65134000,
        "link": "https://www.sec.gov/Archives/edgar/data/79958/000110465905005842/0001104659-05-005842-index.htm",
        "finalLink": "https://www.sec.gov/Archives/edgar/data/79958/000110465905005842/a05-2534_110q.htm"
    },
    {
        "date": "2004-09-30",
        "symbol": "PCP",
        "reportedCurrency": "USD",
        "cik": "0000079958",
        "fillingDate": "2004-11-05",
        "acceptedDate": "2004-11-05 16:35:11",
        "calendarYear": "2005",
        "period": "Q2",
        "revenue": 627000000,
        "costOfRevenue": 483000000,
        "grossProfit": 144000000,
        "grossProfitRatio": 0.2296650718,
        "researchAndDevelopmentExpenses": 0,
        "generalAndAdministrativeExpenses": 0,
        "sellingAndMarketingExpenses": 47000000,
        "sellingGeneralAndAdministrativeExpenses": 47000000,
        "otherExpenses": 0,
        "operatingExpenses": 47000000,
        "costAndExpenses": 530000000,
        "interestIncome": 0,
        "interestExpense": -15000000,
        "depreciationAndAmortization": 21000000,
        "ebitda": 88000000,
        "ebitdaratio": 0.1403508772,
        "operatingIncome": 55000000,
        "operatingIncomeRatio": 0.0877192982,
        "totalOtherIncomeExpensesNet": 28000000,
        "incomeBeforeTax": 83000000,
        "incomeBeforeTaxRatio": 0.1323763955,
        "incomeTaxExpense": 27000000,
        "netIncome": 55000000,
        "netIncomeRatio": 0.0877192982,
        "eps": 0.85,
        "epsdiluted": 0.85,
        "weightedAverageShsOut": 65060000,
        "weightedAverageShsOutDil": 65060000,
        "link": "https://www.sec.gov/Archives/edgar/data/79958/000110465904033938/0001104659-04-033938-index.htm",
        "finalLink": "https://www.sec.gov/Archives/edgar/data/79958/000110465904033938/a04-12519_110q.htm"
    },
    {
        "date": "2004-06-27",
        "symbol": "PCP",
        "reportedCurrency": "USD",
        "cik": "0000079958",
        "fillingDate": "2004-08-06",
        "acceptedDate": "2004-08-06 13:11:51",
        "calendarYear": "2005",
        "period": "Q1",
        "revenue": 738000000,
        "costOfRevenue": 573000000,
        "grossProfit": 165000000,
        "grossProfitRatio": 0.2235772358,
        "researchAndDevelopmentExpenses": 0,
        "generalAndAdministrativeExpenses": 0,
        "sellingAndMarketingExpenses": 71000000,
        "sellingGeneralAndAdministrativeExpenses": 71000000,
        "otherExpenses": 0,
        "operatingExpenses": 71000000,
        "costAndExpenses": 644000000,
        "interestIncome": 0,
        "interestExpense": -14000000,
        "depreciationAndAmortization": 26000000,
        "ebitda": 91000000,
        "ebitdaratio": 0.1233062331,
        "operatingIncome": 52000000,
        "operatingIncomeRatio": 0.0704607046,
        "totalOtherIncomeExpensesNet": 26000000,
        "incomeBeforeTax": 78000000,
        "incomeBeforeTaxRatio": 0.1056910569,
        "incomeTaxExpense": 26000000,
        "netIncome": 53000000,
        "netIncomeRatio": 0.0718157182,
        "eps": 0.81,
        "epsdiluted": 0.81,
        "weightedAverageShsOut": 65432000,
        "weightedAverageShsOutDil": 65432000,
        "link": "https://www.sec.gov/Archives/edgar/data/79958/000110465904022920/0001104659-04-022920-index.htm",
        "finalLink": "https://www.sec.gov/Archives/edgar/data/79958/000110465904022920/a04-8782_110q.htm"
    },
    {
        "date": "2004-03-28",
        "symbol": "PCP",
        "reportedCurrency": "USD",
        "cik": "0000079958",
        "fillingDate": "2004-06-14",
        "acceptedDate": "2004-06-14 13:01:04",
        "calendarYear": "2004",
        "period": "Q4",
        "revenue": 705000000,
        "costOfRevenue": 550000000,
        "grossProfit": 155000000,
        "grossProfitRatio": 0.219858156,
        "researchAndDevelopmentExpenses": 0,
        "generalAndAdministrativeExpenses": 0,
        "sellingAndMarketingExpenses": 70000000,
        "sellingGeneralAndAdministrativeExpenses": 70000000,
        "otherExpenses": 0,
        "operatingExpenses": 70000000,
        "costAndExpenses": 620000000,
        "interestIncome": 0,
        "interestExpense": -16000000,
        "depreciationAndAmortization": 27000000,
        "ebitda": 75000000,
        "ebitdaratio": 0.1063829787,
        "operatingIncome": 41000000,
        "operatingIncomeRatio": 0.0581560284,
        "totalOtherIncomeExpensesNet": 24000000,
        "incomeBeforeTax": 65000000,
        "incomeBeforeTaxRatio": 0.0921985816,
        "incomeTaxExpense": 23000000,
        "netIncome": 41000000,
        "netIncomeRatio": 0.0581560284,
        "eps": 0.84,
        "epsdiluted": 0.84,
        "weightedAverageShsOut": 48750000,
        "weightedAverageShsOutDil": 48750000,
        "link": "https://www.sec.gov/Archives/edgar/data/79958/000104746904020259/0001047469-04-020259-index.htm",
        "finalLink": "https://www.sec.gov/Archives/edgar/data/79958/000104746904020259/a2138155z10-k.htm"
    },
    {
        "date": "2003-12-28",
        "symbol": "PCP",
        "reportedCurrency": "USD",
        "cik": "0000079958",
        "fillingDate": "2004-02-11",
        "acceptedDate": "2004-02-11 17:05:48",
        "calendarYear": "2004",
        "period": "Q3",
        "revenue": 517000000,
        "costOfRevenue": 399000000,
        "grossProfit": 118000000,
        "grossProfitRatio": 0.2282398453,
        "researchAndDevelopmentExpenses": 0,
        "generalAndAdministrativeExpenses": 0,
        "sellingAndMarketingExpenses": 50000000,
        "sellingGeneralAndAdministrativeExpenses": 50000000,
        "otherExpenses": 0,
        "operatingExpenses": 50000000,
        "costAndExpenses": 449000000,
        "interestIncome": 0,
        "interestExpense": -13000000,
        "depreciationAndAmortization": 21000000,
        "ebitda": 50000000,
        "ebitdaratio": 0.0967117988,
        "operatingIncome": 30000000,
        "operatingIncomeRatio": 0.0580270793,
        "totalOtherIncomeExpensesNet": 14000000,
        "incomeBeforeTax": 44000000,
        "incomeBeforeTaxRatio": 0.085106383,
        "incomeTaxExpense": 14000000,
        "netIncome": 28000000,
        "netIncomeRatio": 0.0541586074,
        "eps": 0.64,
        "epsdiluted": 0.64,
        "weightedAverageShsOut": 43429000,
        "weightedAverageShsOutDil": 43429000,
        "link": "https://www.sec.gov/Archives/edgar/data/79958/000110465904003578/0001104659-04-003578-index.htm",
        "finalLink": "https://www.sec.gov/Archives/edgar/data/79958/000110465904003578/a04-2082_110q.htm"
    },
    {
        "date": "2003-09-28",
        "symbol": "PCP",
        "reportedCurrency": "USD",
        "cik": "0000079958",
        "fillingDate": "2003-11-05",
        "acceptedDate": "2003-11-05 15:56:24",
        "calendarYear": "2004",
        "period": "Q2",
        "revenue": 471000000,
        "costOfRevenue": 357000000,
        "grossProfit": 114000000,
        "grossProfitRatio": 0.2420382166,
        "researchAndDevelopmentExpenses": 0,
        "generalAndAdministrativeExpenses": 0,
        "sellingAndMarketingExpenses": 45000000,
        "sellingGeneralAndAdministrativeExpenses": 45000000,
        "otherExpenses": 0,
        "operatingExpenses": 45000000,
        "costAndExpenses": 402000000,
        "interestIncome": 0,
        "interestExpense": -12000000,
        "depreciationAndAmortization": 20000000,
        "ebitda": 40000000,
        "ebitdaratio": 0.08492569,
        "operatingIncome": 30000000,
        "operatingIncomeRatio": 0.0636942675,
        "totalOtherIncomeExpensesNet": 19000000,
        "incomeBeforeTax": 49000000,
        "incomeBeforeTaxRatio": 0.1040339703,
        "incomeTaxExpense": 18000000,
        "netIncome": 14000000,
        "netIncomeRatio": 0.0297239915,
        "eps": 0.36,
        "epsdiluted": 0.36,
        "weightedAverageShsOut": 39344000,
        "weightedAverageShsOutDil": 39344000,
        "link": "https://www.sec.gov/Archives/edgar/data/79958/000110465903024778/0001104659-03-024778-index.htm",
        "finalLink": "https://www.sec.gov/Archives/edgar/data/79958/000110465903024778/a03-4725_110q.htm"
    },
    {
        "date": "2003-06-29",
        "symbol": "PCP",
        "reportedCurrency": "USD",
        "cik": "0000079958",
        "fillingDate": "2003-08-13",
        "acceptedDate": "2003-08-12 19:47:41",
        "calendarYear": "2004",
        "period": "Q1",
        "revenue": 481000000,
        "costOfRevenue": 373000000,
        "grossProfit": 108000000,
        "grossProfitRatio": 0.2245322245,
        "researchAndDevelopmentExpenses": 0,
        "generalAndAdministrativeExpenses": 0,
        "sellingAndMarketingExpenses": 39000000,
        "sellingGeneralAndAdministrativeExpenses": 39000000,
        "otherExpenses": 0,
        "operatingExpenses": 39000000,
        "costAndExpenses": 412000000,
        "interestIncome": 0,
        "interestExpense": -13000000,
        "depreciationAndAmortization": 20000000,
        "ebitda": 61000000,
        "ebitdaratio": 0.1268191268,
        "operatingIncome": 34000000,
        "operatingIncomeRatio": 0.0706860707,
        "totalOtherIncomeExpensesNet": 20000000,
        "incomeBeforeTax": 54000000,
        "incomeBeforeTaxRatio": 0.1122661123,
        "incomeTaxExpense": 20000000,
        "netIncome": 34000000,
        "netIncomeRatio": 0.0706860707,
        "eps": 0.65,
        "epsdiluted": 0.65,
        "weightedAverageShsOut": 52308000,
        "weightedAverageShsOutDil": 52308000,
        "link": "https://www.sec.gov/Archives/edgar/data/79958/000110465903017828/0001104659-03-017828-index.htm",
        "finalLink": "https://www.sec.gov/Archives/edgar/data/79958/000110465903017828/a03-2509_110q.htm"
    },
    {
        "date": "2003-03-30",
        "symbol": "PCP",
        "reportedCurrency": "USD",
        "cik": "0000079958",
        "fillingDate": "2003-06-27",
        "acceptedDate": "2003-06-27 12:56:57",
        "calendarYear": "2003",
        "period": "Q4",
        "revenue": 499000000,
        "costOfRevenue": 381000000,
        "grossProfit": 118000000,
        "grossProfitRatio": 0.2364729459,
        "researchAndDevelopmentExpenses": 0,
        "generalAndAdministrativeExpenses": 0,
        "sellingAndMarketingExpenses": 41000000,
        "sellingGeneralAndAdministrativeExpenses": 41000000,
        "otherExpenses": 0,
        "operatingExpenses": 41000000,
        "costAndExpenses": 422000000,
        "interestIncome": 0,
        "interestExpense": -13000000,
        "depreciationAndAmortization": 21000000,
        "ebitda": 43000000,
        "ebitdaratio": 0.0861723447,
        "operatingIncome": 38000000,
        "operatingIncomeRatio": 0.0761523046,
        "totalOtherIncomeExpensesNet": 15000000,
        "incomeBeforeTax": 53000000,
        "incomeBeforeTaxRatio": 0.1062124248,
        "incomeTaxExpense": 14000000,
        "netIncome": 21000000,
        "netIncomeRatio": 0.0420841683,
        "eps": 0.51,
        "epsdiluted": 0.51,
        "weightedAverageShsOut": 40789000,
        "weightedAverageShsOutDil": 40789000,
        "link": "https://www.sec.gov/Archives/edgar/data/79958/000110465903013329/0001104659-03-013329-index.htm",
        "finalLink": "https://www.sec.gov/Archives/edgar/data/79958/000110465903013329/j2390_10k.htm"
    },
    {
        "date": "2002-12-29",
        "symbol": "PCP",
        "reportedCurrency": "USD",
        "cik": "0000079958",
        "fillingDate": "2003-02-12",
        "acceptedDate": "2003-02-12 15:07:03",
        "calendarYear": "2003",
        "period": "Q3",
        "revenue": 501000000,
        "costOfRevenue": 379000000,
        "grossProfit": 122000000,
        "grossProfitRatio": 0.2435129741,
        "researchAndDevelopmentExpenses": 0,
        "generalAndAdministrativeExpenses": 0,
        "sellingAndMarketingExpenses": 47000000,
        "sellingGeneralAndAdministrativeExpenses": 47000000,
        "otherExpenses": 0,
        "operatingExpenses": 47000000,
        "costAndExpenses": 426000000,
        "interestIncome": 0,
        "interestExpense": -15000000,
        "depreciationAndAmortization": 21000000,
        "ebitda": 64000000,
        "ebitdaratio": 0.127744511,
        "operatingIncome": 39000000,
        "operatingIncomeRatio": 0.0778443114,
        "totalOtherIncomeExpensesNet": 21000000,
        "incomeBeforeTax": 60000000,
        "incomeBeforeTaxRatio": 0.119760479,
        "incomeTaxExpense": 22000000,
        "netIncome": 36000000,
        "netIncomeRatio": 0.0718562874,
        "eps": 0.81,
        "epsdiluted": 0.81,
        "weightedAverageShsOut": 44589000,
        "weightedAverageShsOutDil": 44589000,
        "link": "https://www.sec.gov/Archives/edgar/data/79958/000110465903001732/0001104659-03-001732-index.htm",
        "finalLink": "https://www.sec.gov/Archives/edgar/data/79958/000110465903001732/j7180_10q.htm"
    },
    {
        "date": "2002-09-29",
        "symbol": "PCP",
        "reportedCurrency": "USD",
        "cik": "0000079958",
        "fillingDate": "2002-11-13",
        "acceptedDate": "2002-11-13 14:12:52",
        "calendarYear": "2003",
        "period": "Q2",
        "revenue": 1117000000,
        "costOfRevenue": 401000000,
        "grossProfit": 716000000,
        "grossProfitRatio": 0.6410026858,
        "researchAndDevelopmentExpenses": 0,
        "generalAndAdministrativeExpenses": 0,
        "sellingAndMarketingExpenses": 50000000,
        "sellingGeneralAndAdministrativeExpenses": 50000000,
        "otherExpenses": 0,
        "operatingExpenses": 50000000,
        "costAndExpenses": 451000000,
        "interestIncome": 0,
        "interestExpense": -14000000,
        "depreciationAndAmortization": 20000000,
        "ebitda": 56000000,
        "ebitdaratio": 0.0501342883,
        "operatingIncome": 18000000,
        "operatingIncomeRatio": 0.0161145927,
        "totalOtherIncomeExpensesNet": 48000000,
        "incomeBeforeTax": 66000000,
        "incomeBeforeTaxRatio": 0.0590868397,
        "incomeTaxExpense": 24000000,
        "netIncome": 26000000,
        "netIncomeRatio": 0.0232766338,
        "eps": 0.61,
        "epsdiluted": 0.61,
        "weightedAverageShsOut": 42405000,
        "weightedAverageShsOutDil": 42405000,
        "link": "https://www.sec.gov/Archives/edgar/data/79958/000110465902005873/0001104659-02-005873-index.htm",
        "finalLink": "https://www.sec.gov/Archives/edgar/data/79958/000110465902005873/j5533_10q.htm"
    },
    {
        "date": "2002-06-30",
        "symbol": "PCP",
        "reportedCurrency": "USD",
        "cik": "0000079958",
        "fillingDate": "2002-08-13",
        "acceptedDate": "2002-08-13 17:00:45",
        "calendarYear": "2003",
        "period": "Q1",
        "revenue": 0,
        "costOfRevenue": 458000000,
        "grossProfit": -458000000,
        "grossProfitRatio": 0,
        "researchAndDevelopmentExpenses": 0,
        "generalAndAdministrativeExpenses": 0,
        "sellingAndMarketingExpenses": 52000000,
        "sellingGeneralAndAdministrativeExpenses": 52000000,
        "otherExpenses": 0,
        "operatingExpenses": 52000000,
        "costAndExpenses": 510000000,
        "interestIncome": 0,
        "interestExpense": -14000000,
        "depreciationAndAmortization": 20000000,
        "ebitda": 70000000,
        "ebitdaratio": 0,
        "operatingIncome": 64000000,
        "operatingIncomeRatio": 0,
        "totalOtherIncomeExpensesNet": 0,
        "incomeBeforeTax": 64000000,
        "incomeBeforeTaxRatio": 0,
        "incomeTaxExpense": 23000000,
        "netIncome": 41000000,
        "netIncomeRatio": 0,
        "eps": 0.79,
        "epsdiluted": 0.79,
        "weightedAverageShsOut": 51899000,
        "weightedAverageShsOutDil": 51899000,
        "link": "https://www.sec.gov/Archives/edgar/data/79958/000110465902003775/0001104659-02-003775-index.htm",
        "finalLink": "https://www.sec.gov/Archives/edgar/data/79958/000110465902003775/j4780_10q.htm"
    },
    {
        "date": "2002-03-31",
        "symbol": "PCP",
        "reportedCurrency": "USD",
        "cik": "0000079958",
        "fillingDate": "2002-06-11",
        "acceptedDate": "2002-06-11 17:07:38",
        "calendarYear": "2002",
        "period": "Q4",
        "revenue": 631000000,
        "costOfRevenue": 477000000,
        "grossProfit": 154000000,
        "grossProfitRatio": 0.2440570523,
        "researchAndDevelopmentExpenses": 0,
        "generalAndAdministrativeExpenses": 0,
        "sellingAndMarketingExpenses": 62000000,
        "sellingGeneralAndAdministrativeExpenses": 62000000,
        "otherExpenses": 0,
        "operatingExpenses": 62000000,
        "costAndExpenses": 539000000,
        "interestIncome": 0,
        "interestExpense": -15000000,
        "depreciationAndAmortization": 25000000,
        "ebitda": 89000000,
        "ebitdaratio": 0.1410459588,
        "operatingIncome": 80000000,
        "operatingIncomeRatio": 0.1267828843,
        "totalOtherIncomeExpensesNet": 0,
        "incomeBeforeTax": 80000000,
        "incomeBeforeTaxRatio": 0.1267828843,
        "incomeTaxExpense": 31000000,
        "netIncome": 48000000,
        "netIncomeRatio": 0.0760697306,
        "eps": 0.94,
        "epsdiluted": 0.94,
        "weightedAverageShsOut": 51220000,
        "weightedAverageShsOutDil": 51220000,
        "link": "https://www.sec.gov/Archives/edgar/data/79958/000091205702023829/0000912057-02-023829-index.htm",
        "finalLink": "https://www.sec.gov/Archives/edgar/data/79958/000091205702023829/a2082140z10-k.htm"
    },
    {
        "date": "2001-12-30",
        "symbol": "PCP",
        "reportedCurrency": "USD",
        "cik": "0000079958",
        "fillingDate": "2002-02-14",
        "acceptedDate": "2002-02-14 00:00:00",
        "calendarYear": "2002",
        "period": "Q3",
        "revenue": 626000000,
        "costOfRevenue": 30000000,
        "grossProfit": 596000000,
        "grossProfitRatio": 0.9520766773,
        "researchAndDevelopmentExpenses": 0,
        "generalAndAdministrativeExpenses": 0,
        "sellingAndMarketingExpenses": 112000000,
        "sellingGeneralAndAdministrativeExpenses": 112000000,
        "otherExpenses": 0,
        "operatingExpenses": 112000000,
        "costAndExpenses": 82000000,
        "interestIncome": 0,
        "interestExpense": -34000000,
        "depreciationAndAmortization": 25000000,
        "ebitda": 19000000,
        "ebitdaratio": 0.0303514377,
        "operatingIncome": 28000000,
        "operatingIncomeRatio": 0.0447284345,
        "totalOtherIncomeExpensesNet": 0,
        "incomeBeforeTax": 28000000,
        "incomeBeforeTaxRatio": 0.0447284345,
        "incomeTaxExpense": 46000000,
        "netIncome": -18000000,
        "netIncomeRatio": -0.0287539936,
        "eps": -0.39,
        "epsdiluted": -0.39,
        "weightedAverageShsOut": 46154000,
        "weightedAverageShsOutDil": 46154000,
        "link": "https://www.sec.gov/Archives/edgar/data/79958/000091205702005890/0000912057-02-005890-index.htm",
        "finalLink": "https://www.sec.gov/Archives/edgar/data/79958/000091205702005890/a2070583z10-q.htm"
    },
    {
        "date": "2001-09-30",
        "symbol": "PCP",
        "reportedCurrency": "USD",
        "cik": "0000079958",
        "fillingDate": "2001-11-14",
        "acceptedDate": "2001-11-14 00:00:00",
        "calendarYear": "2002",
        "period": "Q2",
        "revenue": 1300000000,
        "costOfRevenue": 1530000000,
        "grossProfit": -230000000,
        "grossProfitRatio": -0.1769230769,
        "researchAndDevelopmentExpenses": 0,
        "generalAndAdministrativeExpenses": 0,
        "sellingAndMarketingExpenses": 59000000,
        "sellingGeneralAndAdministrativeExpenses": 59000000,
        "otherExpenses": 0,
        "operatingExpenses": 59000000,
        "costAndExpenses": 1589000000,
        "interestIncome": 0,
        "interestExpense": -17000000,
        "depreciationAndAmortization": 50000000,
        "ebitda": 60000000,
        "ebitdaratio": 0.0461538462,
        "operatingIncome": 27000000,
        "operatingIncomeRatio": 0.0207692308,
        "totalOtherIncomeExpensesNet": 0,
        "incomeBeforeTax": 27000000,
        "incomeBeforeTaxRatio": 0.0207692308,
        "incomeTaxExpense": 15000000,
        "netIncome": 12000000,
        "netIncomeRatio": 0.0092307692,
        "eps": 0.23,
        "epsdiluted": 0.23,
        "weightedAverageShsOut": 52174000,
        "weightedAverageShsOutDil": 52174000,
        "link": "https://www.sec.gov/Archives/edgar/data/79958/000091205701539672/0000912057-01-539672-index.htm",
        "finalLink": "https://www.sec.gov/Archives/edgar/data/79958/000091205701539672/a2063680z10-q.htm"
    },
    {
        "date": "2001-07-01",
        "symbol": "PCP",
        "reportedCurrency": "USD",
        "cik": "0000079958",
        "fillingDate": "2001-08-15",
        "acceptedDate": "2001-08-15 00:00:00",
        "calendarYear": "2002",
        "period": "Q1",
        "revenue": 0,
        "costOfRevenue": 500000000,
        "grossProfit": -500000000,
        "grossProfitRatio": 0,
        "researchAndDevelopmentExpenses": 0,
        "generalAndAdministrativeExpenses": 0,
        "sellingAndMarketingExpenses": 53000000,
        "sellingGeneralAndAdministrativeExpenses": 53000000,
        "otherExpenses": 0,
        "operatingExpenses": 53000000,
        "costAndExpenses": 553000000,
        "interestIncome": 0,
        "interestExpense": -18000000,
        "depreciationAndAmortization": 25000000,
        "ebitda": 73000000,
        "ebitdaratio": 0,
        "operatingIncome": 66000000,
        "operatingIncomeRatio": 0,
        "totalOtherIncomeExpensesNet": 0,
        "incomeBeforeTax": 66000000,
        "incomeBeforeTaxRatio": 0,
        "incomeTaxExpense": 26000000,
        "netIncome": 40000000,
        "netIncomeRatio": 0,
        "eps": 0.79,
        "epsdiluted": 0.79,
        "weightedAverageShsOut": 50633000,
        "weightedAverageShsOutDil": 50633000,
        "link": "https://www.sec.gov/Archives/edgar/data/79958/000091205701528899/0000912057-01-528899-index.htm",
        "finalLink": "https://www.sec.gov/Archives/edgar/data/79958/000091205701528899/a2057179z10-q.htm"
    },
    {
        "date": "2001-04-01",
        "symbol": "PCP",
        "reportedCurrency": "USD",
        "cik": "0000079958",
        "fillingDate": "2001-06-12",
        "acceptedDate": "2001-06-12 00:00:00",
        "calendarYear": "2001",
        "period": "Q4",
        "revenue": 1746000000,
        "costOfRevenue": 1356000000,
        "grossProfit": 390000000,
        "grossProfitRatio": 0.2233676976,
        "researchAndDevelopmentExpenses": 0,
        "generalAndAdministrativeExpenses": 0,
        "sellingAndMarketingExpenses": 165000000,
        "sellingGeneralAndAdministrativeExpenses": 165000000,
        "otherExpenses": 0,
        "operatingExpenses": 165000000,
        "costAndExpenses": 1521000000,
        "interestIncome": 0,
        "interestExpense": -61000000,
        "depreciationAndAmortization": 25000000,
        "ebitda": 127000000,
        "ebitdaratio": 0.0727376861,
        "operatingIncome": 163000000,
        "operatingIncomeRatio": 0.0933562428,
        "totalOtherIncomeExpensesNet": 0,
        "incomeBeforeTax": 163000000,
        "incomeBeforeTaxRatio": 0.0933562428,
        "incomeTaxExpense": 65000000,
        "netIncome": 98000000,
        "netIncomeRatio": 0.0561282932,
        "eps": 1.98,
        "epsdiluted": 1.98,
        "weightedAverageShsOut": 49600000,
        "weightedAverageShsOutDil": 49600000,
        "link": "https://www.sec.gov/Archives/edgar/data/79958/000091205701519574/0000912057-01-519574-index.htm",
        "finalLink": "https://www.sec.gov/Archives/edgar/data/79958/000091205701519574/a2051292z10-k.htm"
    }
]