[
    {
        "date": "2025-06-30",
        "symbol": "PENN",
        "reportedCurrency": "USD",
        "cik": "0000921738",
        "fillingDate": "2025-08-07",
        "acceptedDate": "2025-08-07 16:17:58",
        "calendarYear": "2025",
        "period": "Q2",
        "revenue": 1765000000,
        "costOfRevenue": 1262200000,
        "grossProfit": 502800000,
        "grossProfitRatio": 0.2848725212,
        "researchAndDevelopmentExpenses": 0,
        "generalAndAdministrativeExpenses": 410300000,
        "sellingAndMarketingExpenses": 0,
        "sellingGeneralAndAdministrativeExpenses": 410300000,
        "otherExpenses": 0,
        "operatingExpenses": 410300000,
        "costAndExpenses": 1672500000,
        "interestIncome": 2100000,
        "interestExpense": 95900000,
        "depreciationAndAmortization": 110500000,
        "ebitda": 194500000,
        "ebitdaratio": 0.1101983003,
        "operatingIncome": 92500000,
        "operatingIncomeRatio": 0.052407932,
        "totalOtherIncomeExpensesNet": -104400000,
        "incomeBeforeTax": -11900000,
        "incomeBeforeTaxRatio": -0.0067422096,
        "incomeTaxExpense": 6400000,
        "netIncome": -17400000,
        "netIncomeRatio": -0.0098583569,
        "eps": -0.12,
        "epsdiluted": -0.12,
        "weightedAverageShsOut": 149000000,
        "weightedAverageShsOutDil": 149000000,
        "link": "https://www.sec.gov/Archives/edgar/data/921738/000092173825000029/0000921738-25-000029-index.htm",
        "finalLink": "https://www.sec.gov/Archives/edgar/data/921738/000092173825000029/penn-20250630.htm"
    },
    {
        "date": "2025-03-31",
        "symbol": "PENN",
        "reportedCurrency": "USD",
        "cik": "0000921738",
        "fillingDate": "2025-05-12",
        "acceptedDate": "2025-05-12 16:15:51",
        "calendarYear": "2025",
        "period": "Q1",
        "revenue": 1672500000,
        "costOfRevenue": 1118700000,
        "grossProfit": 553800000,
        "grossProfitRatio": 0.3311210762,
        "researchAndDevelopmentExpenses": 0,
        "generalAndAdministrativeExpenses": 403000000,
        "sellingAndMarketingExpenses": 0,
        "sellingGeneralAndAdministrativeExpenses": 403000000,
        "otherExpenses": 108000000,
        "operatingExpenses": 511000000,
        "costAndExpenses": 1629700000,
        "interestIncome": 3200000,
        "interestExpense": 110800000,
        "depreciationAndAmortization": 108000000,
        "ebitda": 378000000,
        "ebitdaratio": 0.2260089686,
        "operatingIncome": 42800000,
        "operatingIncomeRatio": 0.0255904335,
        "totalOtherIncomeExpensesNet": 116400000,
        "incomeBeforeTax": 159200000,
        "incomeBeforeTaxRatio": 0.095186846,
        "incomeTaxExpense": 47700000,
        "netIncome": 111800000,
        "netIncomeRatio": 0.0668460389,
        "eps": 0.73,
        "epsdiluted": 0.67,
        "weightedAverageShsOut": 152300000,
        "weightedAverageShsOutDil": 167000000,
        "link": "https://www.sec.gov/Archives/edgar/data/921738/000092173825000017/0000921738-25-000017-index.htm",
        "finalLink": "https://www.sec.gov/Archives/edgar/data/921738/000092173825000017/penn-20250331.htm"
    },
    {
        "date": "2024-12-31",
        "symbol": "PENN",
        "reportedCurrency": "USD",
        "cik": "0000921738",
        "fillingDate": "2025-02-27",
        "acceptedDate": "2025-02-27 16:15:50",
        "calendarYear": "2024",
        "period": "Q4",
        "revenue": 1669000000,
        "costOfRevenue": 1122600000,
        "grossProfit": 546400000,
        "grossProfitRatio": 0.3273816657,
        "researchAndDevelopmentExpenses": 0,
        "generalAndAdministrativeExpenses": 398300000,
        "sellingAndMarketingExpenses": 0,
        "sellingGeneralAndAdministrativeExpenses": 398300000,
        "otherExpenses": 196200000,
        "operatingExpenses": 594500000,
        "costAndExpenses": 1717100000,
        "interestIncome": 4400000,
        "interestExpense": 113600000,
        "depreciationAndAmortization": 107100000,
        "ebitda": 71900000,
        "ebitdaratio": 0.0430796884,
        "operatingIncome": -48100000,
        "operatingIncomeRatio": -0.0288196525,
        "totalOtherIncomeExpensesNet": -100700000,
        "incomeBeforeTax": -148800000,
        "incomeBeforeTaxRatio": -0.0891551827,
        "incomeTaxExpense": -15000000,
        "netIncome": -133300000,
        "netIncomeRatio": -0.0798681845,
        "eps": -0.88,
        "epsdiluted": -0.88,
        "weightedAverageShsOut": 152200000,
        "weightedAverageShsOutDil": 152200000,
        "link": "https://www.sec.gov/Archives/edgar/data/921738/000092173825000008/0000921738-25-000008-index.htm",
        "finalLink": "https://www.sec.gov/Archives/edgar/data/921738/000092173825000008/penn-20241231.htm"
    },
    {
        "date": "2024-09-30",
        "symbol": "PENN",
        "reportedCurrency": "USD",
        "cik": "0000921738",
        "fillingDate": "2024-11-07",
        "acceptedDate": "2024-11-07 16:15:55",
        "calendarYear": "2024",
        "period": "Q3",
        "revenue": 1639200000,
        "costOfRevenue": 1070500000,
        "grossProfit": 568700000,
        "grossProfitRatio": 0.3469375305,
        "researchAndDevelopmentExpenses": 0,
        "generalAndAdministrativeExpenses": 392500000,
        "sellingAndMarketingExpenses": 0,
        "sellingGeneralAndAdministrativeExpenses": 392500000,
        "otherExpenses": 108700000,
        "operatingExpenses": 501200000,
        "costAndExpenses": 1571700000,
        "interestIncome": 6300000,
        "interestExpense": 118400000,
        "depreciationAndAmortization": 108700000,
        "ebitda": 192400000,
        "ebitdaratio": 0.1173743289,
        "operatingIncome": 67500000,
        "operatingIncomeRatio": 0.0411786237,
        "totalOtherIncomeExpensesNet": -102200000,
        "incomeBeforeTax": -34700000,
        "incomeBeforeTaxRatio": -0.0211688629,
        "incomeTaxExpense": 2800000,
        "netIncome": -36700000,
        "netIncomeRatio": -0.0223889702,
        "eps": -0.24,
        "epsdiluted": -0.24,
        "weightedAverageShsOut": 152200000,
        "weightedAverageShsOutDil": 152200000,
        "link": "https://www.sec.gov/Archives/edgar/data/921738/000092173824000038/0000921738-24-000038-index.htm",
        "finalLink": "https://www.sec.gov/Archives/edgar/data/921738/000092173824000038/penn-20240930.htm"
    },
    {
        "date": "2024-06-30",
        "symbol": "PENN",
        "reportedCurrency": "USD",
        "cik": "0000921738",
        "fillingDate": "2024-08-08",
        "acceptedDate": "2024-08-08 16:15:23",
        "calendarYear": "2024",
        "period": "Q2",
        "revenue": 1663000000,
        "costOfRevenue": 1090700000,
        "grossProfit": 572300000,
        "grossProfitRatio": 0.3441371016,
        "researchAndDevelopmentExpenses": 0,
        "generalAndAdministrativeExpenses": 388700000,
        "sellingAndMarketingExpenses": 0,
        "sellingGeneralAndAdministrativeExpenses": 388700000,
        "otherExpenses": 109100000,
        "operatingExpenses": 497800000,
        "costAndExpenses": 1588500000,
        "interestIncome": 5800000,
        "interestExpense": 119400000,
        "depreciationAndAmortization": 109100000,
        "ebitda": 198200000,
        "ebitdaratio": 0.1191822008,
        "operatingIncome": 74500000,
        "operatingIncomeRatio": 0.0447985568,
        "totalOtherIncomeExpensesNet": -104800000,
        "incomeBeforeTax": -30300000,
        "incomeBeforeTaxRatio": -0.0182200842,
        "incomeTaxExpense": -3200000,
        "netIncome": -26800000,
        "netIncomeRatio": -0.016115454,
        "eps": -0.18,
        "epsdiluted": -0.18,
        "weightedAverageShsOut": 152100000,
        "weightedAverageShsOutDil": 152100000,
        "link": "https://www.sec.gov/Archives/edgar/data/921738/000092173824000029/0000921738-24-000029-index.htm",
        "finalLink": "https://www.sec.gov/Archives/edgar/data/921738/000092173824000029/penn-20240630.htm"
    },
    {
        "date": "2024-03-31",
        "symbol": "PENN",
        "reportedCurrency": "USD",
        "cik": "0000921738",
        "fillingDate": "2024-05-02",
        "acceptedDate": "2024-05-02 16:13:02",
        "calendarYear": "2024",
        "period": "Q1",
        "revenue": 1606900000,
        "costOfRevenue": 1130700000,
        "grossProfit": 476200000,
        "grossProfitRatio": 0.2963470035,
        "researchAndDevelopmentExpenses": 0,
        "generalAndAdministrativeExpenses": 388900000,
        "sellingAndMarketingExpenses": 0,
        "sellingGeneralAndAdministrativeExpenses": 388900000,
        "otherExpenses": 108700000,
        "operatingExpenses": 497600000,
        "costAndExpenses": 1628300000,
        "interestIncome": 7100000,
        "interestExpense": 119100000,
        "depreciationAndAmortization": 108700000,
        "ebitda": 100300000,
        "ebitdaratio": 0.062418321,
        "operatingIncome": -21200000,
        "operatingIncomeRatio": -0.0131931047,
        "totalOtherIncomeExpensesNet": -106300000,
        "incomeBeforeTax": -127500000,
        "incomeBeforeTaxRatio": -0.0793453233,
        "incomeTaxExpense": -12600000,
        "netIncome": -114700000,
        "netIncomeRatio": -0.0713796752,
        "eps": -0.76,
        "epsdiluted": -0.76,
        "weightedAverageShsOut": 151900000,
        "weightedAverageShsOutDil": 151900000,
        "link": "https://www.sec.gov/Archives/edgar/data/921738/000092173824000021/0000921738-24-000021-index.htm",
        "finalLink": "https://www.sec.gov/Archives/edgar/data/921738/000092173824000021/penn-20240331.htm"
    },
    {
        "date": "2023-12-31",
        "symbol": "PENN",
        "reportedCurrency": "USD",
        "cik": "0000921738",
        "fillingDate": "2024-02-22",
        "acceptedDate": "2024-02-22 09:01:33",
        "calendarYear": "2023",
        "period": "Q4",
        "revenue": 1395400000,
        "costOfRevenue": 1189400000,
        "grossProfit": 206000000,
        "grossProfitRatio": 0.1476279203,
        "researchAndDevelopmentExpenses": 0,
        "generalAndAdministrativeExpenses": 383800000,
        "sellingAndMarketingExpenses": 0,
        "sellingGeneralAndAdministrativeExpenses": 383800000,
        "otherExpenses": 0,
        "operatingExpenses": 383800000,
        "costAndExpenses": 1703800000,
        "interestIncome": 9800000,
        "interestExpense": 118600000,
        "depreciationAndAmortization": 111200000,
        "ebitda": -178100000,
        "ebitdaratio": -0.1276336534,
        "operatingIncome": -308400000,
        "operatingIncomeRatio": -0.2210118962,
        "totalOtherIncomeExpensesNet": -99500000,
        "incomeBeforeTax": -407900000,
        "incomeBeforeTaxRatio": -0.292317615,
        "incomeTaxExpense": -49100000,
        "netIncome": -358100000,
        "netIncomeRatio": -0.2566289236,
        "eps": -2.37,
        "epsdiluted": -2.37,
        "weightedAverageShsOut": 151300000,
        "weightedAverageShsOutDil": 151300000,
        "link": "https://www.sec.gov/Archives/edgar/data/921738/000092173824000012/0000921738-24-000012-index.htm",
        "finalLink": "https://www.sec.gov/Archives/edgar/data/921738/000092173824000012/penn-20231231.htm"
    },
    {
        "date": "2023-09-30",
        "symbol": "PENN",
        "reportedCurrency": "USD",
        "cik": "0000921738",
        "fillingDate": "2023-11-02",
        "acceptedDate": "2023-11-02 16:23:27",
        "calendarYear": "2023",
        "period": "Q3",
        "revenue": 1619400000,
        "costOfRevenue": 970400000,
        "grossProfit": 649000000,
        "grossProfitRatio": 0.4007657157,
        "researchAndDevelopmentExpenses": 0,
        "generalAndAdministrativeExpenses": 406400000,
        "sellingAndMarketingExpenses": 0,
        "sellingGeneralAndAdministrativeExpenses": 406400000,
        "otherExpenses": -300000,
        "operatingExpenses": 512200000,
        "costAndExpenses": 1482600000,
        "interestIncome": 10200000,
        "interestExpense": 117500000,
        "depreciationAndAmortization": 105800000,
        "ebitda": -663500000,
        "ebitdaratio": -0.4097196493,
        "operatingIncome": -786400000,
        "operatingIncomeRatio": -0.485611955,
        "totalOtherIncomeExpensesNet": -100400000,
        "incomeBeforeTax": -886800000,
        "incomeBeforeTaxRatio": -0.547610226,
        "incomeTaxExpense": -161700000,
        "netIncome": -724800000,
        "netIncomeRatio": -0.4475731753,
        "eps": -4.8,
        "epsdiluted": -4.8,
        "weightedAverageShsOut": 150900000,
        "weightedAverageShsOutDil": 150900000,
        "link": "https://www.sec.gov/Archives/edgar/data/921738/000092173823000050/0000921738-23-000050-index.htm",
        "finalLink": "https://www.sec.gov/Archives/edgar/data/921738/000092173823000050/penn-20230930.htm"
    },
    {
        "date": "2023-06-30",
        "symbol": "PENN",
        "reportedCurrency": "USD",
        "cik": "0000921738",
        "fillingDate": "2023-08-09",
        "acceptedDate": "2023-08-09 16:11:35",
        "calendarYear": "2023",
        "period": "Q2",
        "revenue": 1674800000,
        "costOfRevenue": 978400000,
        "grossProfit": 696400000,
        "grossProfitRatio": 0.4158108431,
        "researchAndDevelopmentExpenses": 0,
        "generalAndAdministrativeExpenses": 380300000,
        "sellingAndMarketingExpenses": 0,
        "sellingGeneralAndAdministrativeExpenses": 380300000,
        "otherExpenses": 5800000,
        "operatingExpenses": 490900000,
        "costAndExpenses": 1469300000,
        "interestIncome": 9900000,
        "interestExpense": 115600000,
        "depreciationAndAmortization": 178900000,
        "ebitda": 339000000,
        "ebitdaratio": 0.2024122283,
        "operatingIncome": 205500000,
        "operatingIncomeRatio": 0.1227012181,
        "totalOtherIncomeExpensesNet": -92700000,
        "incomeBeforeTax": 112800000,
        "incomeBeforeTaxRatio": 0.0673513255,
        "incomeTaxExpense": 34700000,
        "netIncome": 78400000,
        "netIncomeRatio": 0.0468115596,
        "eps": 0.51,
        "epsdiluted": 0.47,
        "weightedAverageShsOut": 152800000,
        "weightedAverageShsOutDil": 167900000,
        "link": "https://www.sec.gov/Archives/edgar/data/921738/000092173823000025/0000921738-23-000025-index.htm",
        "finalLink": "https://www.sec.gov/Archives/edgar/data/921738/000092173823000025/penn-20230630.htm"
    },
    {
        "date": "2023-03-31",
        "symbol": "PENN",
        "reportedCurrency": "USD",
        "cik": "0000921738",
        "fillingDate": "2023-03-31",
        "acceptedDate": "2023-03-31 00:00:00",
        "calendarYear": "2023",
        "period": "Q1",
        "revenue": 1673300000,
        "costOfRevenue": 973800000,
        "grossProfit": 699500000,
        "grossProfitRatio": 0.4180362159,
        "researchAndDevelopmentExpenses": 0,
        "generalAndAdministrativeExpenses": 392900000,
        "sellingAndMarketingExpenses": 0,
        "sellingGeneralAndAdministrativeExpenses": 392900000,
        "otherExpenses": 107500000,
        "operatingExpenses": 500400000,
        "costAndExpenses": 1474200000,
        "interestIncome": 10400000,
        "interestExpense": 113000000,
        "depreciationAndAmortization": 194000000,
        "ebitda": 989300000,
        "ebitdaratio": 0.5912269169,
        "operatingIncome": 199100000,
        "operatingIncomeRatio": 0.118986434,
        "totalOtherIncomeExpensesNet": 483200000,
        "incomeBeforeTax": 682300000,
        "incomeBeforeTaxRatio": 0.4077571266,
        "incomeTaxExpense": 167900000,
        "netIncome": 514400000,
        "netIncomeRatio": 0.3074164824,
        "eps": 3.35,
        "epsdiluted": 3.04,
        "weightedAverageShsOut": 153300000,
        "weightedAverageShsOutDil": 168600000,
        "link": null,
        "finalLink": null
    },
    {
        "date": "2022-12-31",
        "symbol": "PENN",
        "reportedCurrency": "USD",
        "cik": "0000921738",
        "fillingDate": "2023-02-23",
        "acceptedDate": "2023-02-23 16:26:47",
        "calendarYear": "2022",
        "period": "Q4",
        "revenue": 1585600000,
        "costOfRevenue": 915600000,
        "grossProfit": 670000000,
        "grossProfitRatio": 0.4225529768,
        "researchAndDevelopmentExpenses": 0,
        "generalAndAdministrativeExpenses": 263200000,
        "sellingAndMarketingExpenses": 0,
        "sellingGeneralAndAdministrativeExpenses": 263200000,
        "otherExpenses": 163900000,
        "operatingExpenses": 427100000,
        "costAndExpenses": 1342700000,
        "interestIncome": 11300000,
        "interestExpense": 203500000,
        "depreciationAndAmortization": 150300000,
        "ebitda": 439900000,
        "ebitdaratio": 0.2774344097,
        "operatingIncome": 242900000,
        "operatingIncomeRatio": 0.153191221,
        "totalOtherIncomeExpensesNet": -190400000,
        "incomeBeforeTax": 52500000,
        "incomeBeforeTaxRatio": 0.0331104945,
        "incomeTaxExpense": 31700000,
        "netIncome": 20800000,
        "netIncomeRatio": 0.0131180626,
        "eps": 0.0992,
        "epsdiluted": 0.0902,
        "weightedAverageShsOut": 154200000,
        "weightedAverageShsOutDil": 169700000,
        "link": "https://www.sec.gov/Archives/edgar/data/921738/000092173823000010/0000921738-23-000010-index.htm",
        "finalLink": "https://www.sec.gov/Archives/edgar/data/921738/000092173823000010/penn-20221231.htm"
    },
    {
        "date": "2022-09-30",
        "symbol": "PENN",
        "reportedCurrency": "USD",
        "cik": "0000921738",
        "fillingDate": "2022-11-03",
        "acceptedDate": "2022-11-03 16:21:08",
        "calendarYear": "2022",
        "period": "Q3",
        "revenue": 1625000000,
        "costOfRevenue": 957100000,
        "grossProfit": 667900000,
        "grossProfitRatio": 0.4110153846,
        "researchAndDevelopmentExpenses": 0,
        "generalAndAdministrativeExpenses": 277900000,
        "sellingAndMarketingExpenses": 0,
        "sellingGeneralAndAdministrativeExpenses": 277900000,
        "otherExpenses": 148700000,
        "operatingExpenses": 426600000,
        "costAndExpenses": 1383700000,
        "interestIncome": 5200000,
        "interestExpense": 198500000,
        "depreciationAndAmortization": 169300000,
        "ebitda": 393000000,
        "ebitdaratio": 0.2418461538,
        "operatingIncome": 244300000,
        "operatingIncomeRatio": 0.1503384615,
        "totalOtherIncomeExpensesNet": -195500000,
        "incomeBeforeTax": -58800000,
        "incomeBeforeTaxRatio": -0.0361846154,
        "incomeTaxExpense": -182000000,
        "netIncome": 123500000,
        "netIncomeRatio": 0.076,
        "eps": 0.72,
        "epsdiluted": 0.71,
        "weightedAverageShsOut": 170504874,
        "weightedAverageShsOutDil": 173000000,
        "link": "https://www.sec.gov/Archives/edgar/data/921738/000092173822000051/0000921738-22-000051-index.htm",
        "finalLink": "https://www.sec.gov/Archives/edgar/data/921738/000092173822000051/penn-20220930.htm"
    },
    {
        "date": "2022-06-30",
        "symbol": "PENN",
        "reportedCurrency": "USD",
        "cik": "0000921738",
        "fillingDate": "2022-08-04",
        "acceptedDate": "2022-08-04 16:12:43",
        "calendarYear": "2022",
        "period": "Q2",
        "revenue": 1626900000,
        "costOfRevenue": 900400000,
        "grossProfit": 726500000,
        "grossProfitRatio": 0.4465547975,
        "researchAndDevelopmentExpenses": 0,
        "generalAndAdministrativeExpenses": 273800000,
        "sellingAndMarketingExpenses": 0,
        "sellingGeneralAndAdministrativeExpenses": 273800000,
        "otherExpenses": 150300000,
        "operatingExpenses": 424100000,
        "costAndExpenses": 1324500000,
        "interestIncome": 1300000,
        "interestExpense": 194900000,
        "depreciationAndAmortization": 172300000,
        "ebitda": 427700000,
        "ebitdaratio": 0.2628926179,
        "operatingIncome": 302400000,
        "operatingIncomeRatio": 0.185874977,
        "totalOtherIncomeExpensesNet": -220000000,
        "incomeBeforeTax": 82400000,
        "incomeBeforeTaxRatio": 0.0506484726,
        "incomeTaxExpense": 56300000,
        "netIncome": 26100000,
        "netIncomeRatio": 0.0160427807,
        "eps": 0.14,
        "epsdiluted": 0.14,
        "weightedAverageShsOut": 180200000,
        "weightedAverageShsOutDil": 180200000,
        "link": "https://www.sec.gov/Archives/edgar/data/921738/000092173822000037/0000921738-22-000037-index.htm",
        "finalLink": "https://www.sec.gov/Archives/edgar/data/921738/000092173822000037/penn-20220630.htm"
    },
    {
        "date": "2022-03-31",
        "symbol": "PENN",
        "reportedCurrency": "USD",
        "cik": "0000921738",
        "fillingDate": "2022-05-05",
        "acceptedDate": "2022-05-05 16:09:11",
        "calendarYear": "2022",
        "period": "Q1",
        "revenue": 1564200000,
        "costOfRevenue": 858500000,
        "grossProfit": 705700000,
        "grossProfitRatio": 0.451157141,
        "researchAndDevelopmentExpenses": 0,
        "generalAndAdministrativeExpenses": 295500000,
        "sellingAndMarketingExpenses": 0,
        "sellingGeneralAndAdministrativeExpenses": 295500000,
        "otherExpenses": 118200000,
        "operatingExpenses": 413700000,
        "costAndExpenses": 1272200000,
        "interestIncome": 500000,
        "interestExpense": 160800000,
        "depreciationAndAmortization": 143400000,
        "ebitda": 378700000,
        "ebitdaratio": 0.2421045902,
        "operatingIncome": 292000000,
        "operatingIncomeRatio": 0.1866768955,
        "totalOtherIncomeExpensesNet": -192800000,
        "incomeBeforeTax": 99200000,
        "incomeBeforeTaxRatio": 0.0634190001,
        "incomeTaxExpense": 47600000,
        "netIncome": 51700000,
        "netIncomeRatio": 0.0330520394,
        "eps": 0.29,
        "epsdiluted": 0.28,
        "weightedAverageShsOut": 177979603,
        "weightedAverageShsOutDil": 184200000,
        "link": "https://www.sec.gov/Archives/edgar/data/921738/000092173822000019/0000921738-22-000019-index.htm",
        "finalLink": "https://www.sec.gov/Archives/edgar/data/921738/000092173822000019/penn-20220331.htm"
    },
    {
        "date": "2021-12-31",
        "symbol": "PENN",
        "reportedCurrency": "USD",
        "cik": "0000921738",
        "fillingDate": "2022-02-28",
        "acceptedDate": "2022-02-28 16:32:01",
        "calendarYear": "2021",
        "period": "Q4",
        "revenue": 1572500000,
        "costOfRevenue": 915100000,
        "grossProfit": 657400000,
        "grossProfitRatio": 0.4180604134,
        "researchAndDevelopmentExpenses": 0,
        "generalAndAdministrativeExpenses": 333700000,
        "sellingAndMarketingExpenses": 0,
        "sellingGeneralAndAdministrativeExpenses": 333700000,
        "otherExpenses": -40600000,
        "operatingExpenses": 431300000,
        "costAndExpenses": 1346400000,
        "interestIncome": 400000,
        "interestExpense": 143100000,
        "depreciationAndAmortization": 141300000,
        "ebitda": 294400000,
        "ebitdaratio": 0.187217806,
        "operatingIncome": 226100000,
        "operatingIncomeRatio": 0.1437837838,
        "totalOtherIncomeExpensesNet": -172800000,
        "incomeBeforeTax": 53300000,
        "incomeBeforeTaxRatio": 0.0338950715,
        "incomeTaxExpense": 8500000,
        "netIncome": 45000000,
        "netIncomeRatio": 0.0286168521,
        "eps": 0.27,
        "epsdiluted": 0.26,
        "weightedAverageShsOut": 166900000,
        "weightedAverageShsOutDil": 169200000,
        "link": "https://www.sec.gov/Archives/edgar/data/921738/000092173822000011/0000921738-22-000011-index.htm",
        "finalLink": "https://www.sec.gov/Archives/edgar/data/921738/000092173822000011/penn-20211231.htm"
    },
    {
        "date": "2021-09-30",
        "symbol": "PENN",
        "reportedCurrency": "USD",
        "cik": "0000921738",
        "fillingDate": "2021-11-04",
        "acceptedDate": "2021-11-04 16:50:04",
        "calendarYear": "2021",
        "period": "Q3",
        "revenue": 1511800000,
        "costOfRevenue": 812500000,
        "grossProfit": 699300000,
        "grossProfitRatio": 0.4625611853,
        "researchAndDevelopmentExpenses": 0,
        "generalAndAdministrativeExpenses": 376500000,
        "sellingAndMarketingExpenses": 0,
        "sellingGeneralAndAdministrativeExpenses": 376500000,
        "otherExpenses": 19200000,
        "operatingExpenses": 460200000,
        "costAndExpenses": 1272700000,
        "interestIncome": 300000,
        "interestExpense": 145200000,
        "depreciationAndAmortization": 125300000,
        "ebitda": 351400000,
        "ebitdaratio": 0.2324381532,
        "operatingIncome": 239100000,
        "operatingIncomeRatio": 0.1581558407,
        "totalOtherIncomeExpensesNet": -116600000,
        "incomeBeforeTax": 122500000,
        "incomeBeforeTaxRatio": 0.0810292367,
        "incomeTaxExpense": 36400000,
        "netIncome": 86100000,
        "netIncomeRatio": 0.0569519778,
        "eps": 0.55,
        "epsdiluted": 0.52,
        "weightedAverageShsOut": 156100000,
        "weightedAverageShsOutDil": 172700000,
        "link": "https://www.sec.gov/Archives/edgar/data/921738/000092173821000056/0000921738-21-000056-index.htm",
        "finalLink": "https://www.sec.gov/Archives/edgar/data/921738/000092173821000056/penn-20210930.htm"
    },
    {
        "date": "2021-06-30",
        "symbol": "PENN",
        "reportedCurrency": "USD",
        "cik": "0000921738",
        "fillingDate": "2021-08-05",
        "acceptedDate": "2021-08-05 16:31:34",
        "calendarYear": "2021",
        "period": "Q2",
        "revenue": 1545800000,
        "costOfRevenue": 769500000,
        "grossProfit": 776300000,
        "grossProfitRatio": 0.5021995083,
        "researchAndDevelopmentExpenses": 0,
        "generalAndAdministrativeExpenses": 316500000,
        "sellingAndMarketingExpenses": 0,
        "sellingGeneralAndAdministrativeExpenses": 316500000,
        "otherExpenses": 2800000,
        "operatingExpenses": 398400000,
        "costAndExpenses": 1167900000,
        "interestIncome": 200000,
        "interestExpense": 138200000,
        "depreciationAndAmortization": 121900000,
        "ebitda": 471900000,
        "ebitdaratio": 0.30527882,
        "operatingIncome": 377900000,
        "operatingIncomeRatio": 0.2444688834,
        "totalOtherIncomeExpensesNet": -126100000,
        "incomeBeforeTax": 251800000,
        "incomeBeforeTaxRatio": 0.1628930004,
        "incomeTaxExpense": 53100000,
        "netIncome": 198700000,
        "netIncomeRatio": 0.1285418553,
        "eps": 1.27,
        "epsdiluted": 1.17,
        "weightedAverageShsOut": 156000000,
        "weightedAverageShsOutDil": 172700000,
        "link": "https://www.sec.gov/Archives/edgar/data/921738/000092173821000046/0000921738-21-000046-index.htm",
        "finalLink": "https://www.sec.gov/Archives/edgar/data/921738/000092173821000046/penn-20210630.htm"
    },
    {
        "date": "2021-03-31",
        "symbol": "PENN",
        "reportedCurrency": "USD",
        "cik": "0000921738",
        "fillingDate": "2021-05-06",
        "acceptedDate": "2021-05-06 16:22:14",
        "calendarYear": "2021",
        "period": "Q1",
        "revenue": 1274900000,
        "costOfRevenue": 650900000,
        "grossProfit": 624000000,
        "grossProfitRatio": 0.489450153,
        "researchAndDevelopmentExpenses": 0,
        "generalAndAdministrativeExpenses": 326200000,
        "sellingAndMarketingExpenses": 0,
        "sellingGeneralAndAdministrativeExpenses": 326200000,
        "otherExpenses": 21100000,
        "operatingExpenses": 407500000,
        "costAndExpenses": 1058400000,
        "interestIncome": 200000,
        "interestExpense": 135900000,
        "depreciationAndAmortization": 116800000,
        "ebitda": 328700000,
        "ebitdaratio": 0.2578241431,
        "operatingIncome": 216500000,
        "operatingIncomeRatio": 0.1698172406,
        "totalOtherIncomeExpensesNet": -105000000,
        "incomeBeforeTax": 111500000,
        "incomeBeforeTaxRatio": 0.0874578398,
        "incomeTaxExpense": 20600000,
        "netIncome": 91000000,
        "netIncomeRatio": 0.0713781473,
        "eps": 0.58,
        "epsdiluted": 0.55,
        "weightedAverageShsOut": 155700000,
        "weightedAverageShsOutDil": 172800000,
        "link": "https://www.sec.gov/Archives/edgar/data/921738/000092173821000017/0000921738-21-000017-index.htm",
        "finalLink": "https://www.sec.gov/Archives/edgar/data/921738/000092173821000017/penn-20210331.htm"
    },
    {
        "date": "2020-12-31",
        "symbol": "PENN",
        "reportedCurrency": "USD",
        "cik": "0000921738",
        "fillingDate": "2021-02-26",
        "acceptedDate": "2021-02-26 16:53:18",
        "calendarYear": "2020",
        "period": "Q4",
        "revenue": 1027400000,
        "costOfRevenue": 507000000,
        "grossProfit": 520400000,
        "grossProfitRatio": 0.5065213159,
        "researchAndDevelopmentExpenses": 0,
        "generalAndAdministrativeExpenses": 302100000,
        "sellingAndMarketingExpenses": 0,
        "sellingGeneralAndAdministrativeExpenses": 302100000,
        "otherExpenses": 31100000,
        "operatingExpenses": 393500000,
        "costAndExpenses": 900500000,
        "interestIncome": 200000,
        "interestExpense": 136100000,
        "depreciationAndAmortization": 91400000,
        "ebitda": 247500000,
        "ebitdaratio": 0.2408993576,
        "operatingIncome": 119600000,
        "operatingIncomeRatio": 0.1164103562,
        "totalOtherIncomeExpensesNet": -99800000,
        "incomeBeforeTax": 19800000,
        "incomeBeforeTaxRatio": 0.0192719486,
        "incomeTaxExpense": 7100000,
        "netIncome": 11100000,
        "netIncomeRatio": 0.0108039712,
        "eps": 0.07,
        "epsdiluted": 0.07,
        "weightedAverageShsOut": 155000000,
        "weightedAverageShsOutDil": 158100000,
        "link": "https://www.sec.gov/Archives/edgar/data/921738/000092173821000009/0000921738-21-000009-index.htm",
        "finalLink": "https://www.sec.gov/Archives/edgar/data/921738/000092173821000009/penn-20201231.htm"
    },
    {
        "date": "2020-09-30",
        "symbol": "PENN",
        "reportedCurrency": "USD",
        "cik": "0000921738",
        "fillingDate": "2020-11-04",
        "acceptedDate": "2020-11-04 16:22:33",
        "calendarYear": "2020",
        "period": "Q3",
        "revenue": 1129700000,
        "costOfRevenue": 528200000,
        "grossProfit": 601500000,
        "grossProfitRatio": 0.5324422413,
        "researchAndDevelopmentExpenses": 0,
        "generalAndAdministrativeExpenses": 317600000,
        "sellingAndMarketingExpenses": 0,
        "sellingGeneralAndAdministrativeExpenses": 317600000,
        "otherExpenses": 68000000,
        "operatingExpenses": 405300000,
        "costAndExpenses": 933500000,
        "interestIncome": 300000,
        "interestExpense": 142300000,
        "depreciationAndAmortization": 87700000,
        "ebitda": 357200000,
        "ebitdaratio": 0.316190139,
        "operatingIncome": 196200000,
        "operatingIncomeRatio": 0.1736744268,
        "totalOtherIncomeExpensesNet": -69300000,
        "incomeBeforeTax": 126900000,
        "incomeBeforeTaxRatio": 0.1123307073,
        "incomeTaxExpense": -14300000,
        "netIncome": 141900000,
        "netIncomeRatio": 0.1256085686,
        "eps": 1.02,
        "epsdiluted": 0.93,
        "weightedAverageShsOut": 138200000,
        "weightedAverageShsOutDil": 155500000,
        "link": "https://www.sec.gov/Archives/edgar/data/921738/000092173820000041/0000921738-20-000041-index.htm",
        "finalLink": "https://www.sec.gov/Archives/edgar/data/921738/000092173820000041/penn-20200930.htm"
    },
    {
        "date": "2020-06-30",
        "symbol": "PENN",
        "reportedCurrency": "USD",
        "cik": "0000921738",
        "fillingDate": "2020-08-06",
        "acceptedDate": "2020-08-06 17:08:23",
        "calendarYear": "2020",
        "period": "Q2",
        "revenue": 305500000,
        "costOfRevenue": 174900000,
        "grossProfit": 130600000,
        "grossProfitRatio": 0.4274959083,
        "researchAndDevelopmentExpenses": 0,
        "generalAndAdministrativeExpenses": 204100000,
        "sellingAndMarketingExpenses": 0,
        "sellingGeneralAndAdministrativeExpenses": 204100000,
        "otherExpenses": 29300000,
        "operatingExpenses": 296000000,
        "costAndExpenses": 470900000,
        "interestIncome": 200000,
        "interestExpense": 135200000,
        "depreciationAndAmortization": 91900000,
        "ebitda": -15200000,
        "ebitdaratio": -0.0497545008,
        "operatingIncome": -165400000,
        "operatingIncomeRatio": -0.5414075286,
        "totalOtherIncomeExpensesNet": -107400000,
        "incomeBeforeTax": -272800000,
        "incomeBeforeTaxRatio": -0.8929623568,
        "incomeTaxExpense": -58400000,
        "netIncome": -214400000,
        "netIncomeRatio": -0.7018003273,
        "eps": -1.69,
        "epsdiluted": -1.69,
        "weightedAverageShsOut": 126568047,
        "weightedAverageShsOutDil": 126800000,
        "link": "https://www.sec.gov/Archives/edgar/data/921738/000092173820000031/0000921738-20-000031-index.htm",
        "finalLink": "https://www.sec.gov/Archives/edgar/data/921738/000092173820000031/penn-20200630.htm"
    },
    {
        "date": "2020-03-31",
        "symbol": "PENN",
        "reportedCurrency": "USD",
        "cik": "0000921738",
        "fillingDate": "2020-05-08",
        "acceptedDate": "2020-05-08 15:42:35",
        "calendarYear": "2020",
        "period": "Q1",
        "revenue": 1116100000,
        "costOfRevenue": 657900000,
        "grossProfit": 458200000,
        "grossProfitRatio": 0.4105366903,
        "researchAndDevelopmentExpenses": 0,
        "generalAndAdministrativeExpenses": 307000000,
        "sellingAndMarketingExpenses": 0,
        "sellingGeneralAndAdministrativeExpenses": 307000000,
        "otherExpenses": -21800000,
        "operatingExpenses": 402700000,
        "costAndExpenses": 1060600000,
        "interestIncome": 200000,
        "interestExpense": 129800000,
        "depreciationAndAmortization": 95700000,
        "ebitda": -460400000,
        "ebitdaratio": -0.4125078398,
        "operatingIncome": -560600000,
        "operatingIncomeRatio": -0.5022847415,
        "totalOtherIncomeExpensesNet": -147500000,
        "incomeBeforeTax": -708100000,
        "incomeBeforeTaxRatio": -0.6344413583,
        "incomeTaxExpense": -99500000,
        "netIncome": -608600000,
        "netIncomeRatio": -0.5452916405,
        "eps": -5.26,
        "epsdiluted": -5.26,
        "weightedAverageShsOut": 115700000,
        "weightedAverageShsOutDil": 115700000,
        "link": "https://www.sec.gov/Archives/edgar/data/921738/000092173820000018/0000921738-20-000018-index.htm",
        "finalLink": "https://www.sec.gov/Archives/edgar/data/921738/000092173820000018/penn0331202010q.htm"
    },
    {
        "date": "2019-12-31",
        "symbol": "PENN",
        "reportedCurrency": "USD",
        "cik": "0000921738",
        "fillingDate": "2020-02-27",
        "acceptedDate": "2020-02-27 16:32:27",
        "calendarYear": "2019",
        "period": "Q4",
        "revenue": 1341200000,
        "costOfRevenue": 754900000,
        "grossProfit": 586300000,
        "grossProfitRatio": 0.4371458395,
        "researchAndDevelopmentExpenses": 0,
        "generalAndAdministrativeExpenses": 304100000,
        "sellingAndMarketingExpenses": 0,
        "sellingGeneralAndAdministrativeExpenses": 304100000,
        "otherExpenses": 12800000,
        "operatingExpenses": 401900000,
        "costAndExpenses": 1156800000,
        "interestIncome": 200000,
        "interestExpense": 133700000,
        "depreciationAndAmortization": 97800000,
        "ebitda": 128800000,
        "ebitdaratio": 0.0960334029,
        "operatingIncome": 11300000,
        "operatingIncomeRatio": 0.0084252908,
        "totalOtherIncomeExpensesNet": -114200000,
        "incomeBeforeTax": -102900000,
        "incomeBeforeTaxRatio": -0.0767223382,
        "incomeTaxExpense": -10000000,
        "netIncome": -92500000,
        "netIncomeRatio": -0.0689680883,
        "eps": -0.81,
        "epsdiluted": -0.8,
        "weightedAverageShsOut": 114647344,
        "weightedAverageShsOutDil": 115200000,
        "link": "https://www.sec.gov/Archives/edgar/data/921738/000092173820000009/0000921738-20-000009-index.htm",
        "finalLink": "https://www.sec.gov/Archives/edgar/data/921738/000092173820000009/penn1231201910k.htm"
    },
    {
        "date": "2019-09-30",
        "symbol": "PENN",
        "reportedCurrency": "USD",
        "cik": "0000921738",
        "fillingDate": "2019-11-07",
        "acceptedDate": "2019-11-07 13:36:28",
        "calendarYear": "2019",
        "period": "Q3",
        "revenue": 1354500000,
        "costOfRevenue": 758700000,
        "grossProfit": 595800000,
        "grossProfitRatio": 0.4398671096,
        "researchAndDevelopmentExpenses": 0,
        "generalAndAdministrativeExpenses": 309700000,
        "sellingAndMarketingExpenses": 0,
        "sellingGeneralAndAdministrativeExpenses": 309700000,
        "otherExpenses": 7200000,
        "operatingExpenses": 416000000,
        "costAndExpenses": 1174700000,
        "interestIncome": 600000,
        "interestExpense": 133500000,
        "depreciationAndAmortization": 106300000,
        "ebitda": 303700000,
        "ebitdaratio": 0.2242155777,
        "operatingIncome": 179800000,
        "operatingIncomeRatio": 0.1327427095,
        "totalOtherIncomeExpensesNet": -116500000,
        "incomeBeforeTax": 63300000,
        "incomeBeforeTaxRatio": 0.0467331118,
        "incomeTaxExpense": 19600000,
        "netIncome": 43900000,
        "netIncomeRatio": 0.0324104836,
        "eps": 0.38,
        "epsdiluted": 0.38,
        "weightedAverageShsOut": 115200000,
        "weightedAverageShsOutDil": 116700000,
        "link": "https://www.sec.gov/Archives/edgar/data/921738/000092173819000041/0000921738-19-000041-index.htm",
        "finalLink": "https://www.sec.gov/Archives/edgar/data/921738/000092173819000041/penn0930201910q.htm"
    },
    {
        "date": "2019-06-30",
        "symbol": "PENN",
        "reportedCurrency": "USD",
        "cik": "0000921738",
        "fillingDate": "2019-08-08",
        "acceptedDate": "2019-08-08 15:04:36",
        "calendarYear": "2019",
        "period": "Q2",
        "revenue": 1323094000,
        "costOfRevenue": 731726000,
        "grossProfit": 591368000,
        "grossProfitRatio": 0.4469584172,
        "researchAndDevelopmentExpenses": 0,
        "generalAndAdministrativeExpenses": 286968000,
        "sellingAndMarketingExpenses": 0,
        "sellingGeneralAndAdministrativeExpenses": 286968000,
        "otherExpenses": 43000,
        "operatingExpenses": 392988000,
        "costAndExpenses": 1124714000,
        "interestIncome": 257000,
        "interestExpense": 135039000,
        "depreciationAndAmortization": 106020000,
        "ebitda": 310955000,
        "ebitdaratio": 0.2350210945,
        "operatingIncome": 198380000,
        "operatingIncomeRatio": 0.1499364369,
        "totalOtherIncomeExpensesNet": -128484000,
        "incomeBeforeTax": 69896000,
        "incomeBeforeTaxRatio": 0.0528276902,
        "incomeTaxExpense": 18539000,
        "netIncome": 51547000,
        "netIncomeRatio": 0.038959439,
        "eps": 0.44,
        "epsdiluted": 0.44,
        "weightedAverageShsOut": 115982000,
        "weightedAverageShsOutDil": 117676000,
        "link": "https://www.sec.gov/Archives/edgar/data/921738/000092173819000035/0000921738-19-000035-index.htm",
        "finalLink": "https://www.sec.gov/Archives/edgar/data/921738/000092173819000035/penn0630201910q.htm"
    },
    {
        "date": "2019-03-31",
        "symbol": "PENN",
        "reportedCurrency": "USD",
        "cik": "0000921738",
        "fillingDate": "2019-05-08",
        "acceptedDate": "2019-05-08 15:08:11",
        "calendarYear": "2019",
        "period": "Q1",
        "revenue": 1282571000,
        "costOfRevenue": 709204000,
        "grossProfit": 573367000,
        "grossProfitRatio": 0.4470450369,
        "researchAndDevelopmentExpenses": 0,
        "generalAndAdministrativeExpenses": 286928000,
        "sellingAndMarketingExpenses": 0,
        "sellingGeneralAndAdministrativeExpenses": 286928000,
        "otherExpenses": 104053000,
        "operatingExpenses": 390981000,
        "costAndExpenses": 1100185000,
        "interestIncome": 319000,
        "interestExpense": 132587000,
        "depreciationAndAmortization": 104053000,
        "ebitda": 292445000,
        "ebitdaratio": 0.2280146674,
        "operatingIncome": 182386000,
        "operatingIncomeRatio": 0.1422034336,
        "totalOtherIncomeExpensesNet": -131295000,
        "incomeBeforeTax": 55805000,
        "incomeBeforeTaxRatio": 0.0435102618,
        "incomeTaxExpense": 14818000,
        "netIncome": 40992000,
        "netIncomeRatio": 0.0319608037,
        "eps": 0.35,
        "epsdiluted": 0.35,
        "weightedAverageShsOut": 116293000,
        "weightedAverageShsOutDil": 118595000,
        "link": "https://www.sec.gov/Archives/edgar/data/921738/000092173819000019/0000921738-19-000019-index.htm",
        "finalLink": "https://www.sec.gov/Archives/edgar/data/921738/000092173819000019/penn0331201910q.htm"
    },
    {
        "date": "2018-12-31",
        "symbol": "PENN",
        "reportedCurrency": "USD",
        "cik": "0000921738",
        "fillingDate": "2019-02-28",
        "acceptedDate": "2019-02-28 15:59:28",
        "calendarYear": "2018",
        "period": "Q4",
        "revenue": 1155269000,
        "costOfRevenue": 663419000,
        "grossProfit": 491850000,
        "grossProfitRatio": 0.4257449996,
        "researchAndDevelopmentExpenses": 0,
        "generalAndAdministrativeExpenses": 240013000,
        "sellingAndMarketingExpenses": 0,
        "sellingGeneralAndAdministrativeExpenses": 240013000,
        "otherExpenses": -5642000,
        "operatingExpenses": 367490000,
        "costAndExpenses": 1030909000,
        "interestIncome": 269000,
        "interestExpense": 192960000,
        "depreciationAndAmortization": 93189000,
        "ebitda": 200519000,
        "ebitdaratio": 0.1735690995,
        "operatingIncome": 124360000,
        "operatingIncomeRatio": 0.1076459249,
        "totalOtherIncomeExpensesNet": -209990000,
        "incomeBeforeTax": -85630000,
        "incomeBeforeTaxRatio": -0.0741212653,
        "incomeTaxExpense": -43594000,
        "netIncome": -42036000,
        "netIncomeRatio": -0.0363863308,
        "eps": -0.38,
        "epsdiluted": -0.37,
        "weightedAverageShsOut": 112057672,
        "weightedAverageShsOutDil": 113581000,
        "link": "https://www.sec.gov/Archives/edgar/data/921738/000092173819000011/0000921738-19-000011-index.htm",
        "finalLink": "https://www.sec.gov/Archives/edgar/data/921738/000092173819000011/penn1231201810k.htm"
    },
    {
        "date": "2018-09-30",
        "symbol": "PENN",
        "reportedCurrency": "USD",
        "cik": "0000921738",
        "fillingDate": "2018-11-08",
        "acceptedDate": "2018-11-08 11:39:26",
        "calendarYear": "2018",
        "period": "Q3",
        "revenue": 789651000,
        "costOfRevenue": 451872000,
        "grossProfit": 337779000,
        "grossProfitRatio": 0.4277573257,
        "researchAndDevelopmentExpenses": 0,
        "generalAndAdministrativeExpenses": 125084000,
        "sellingAndMarketingExpenses": 0,
        "sellingGeneralAndAdministrativeExpenses": 125084000,
        "otherExpenses": -1435000,
        "operatingExpenses": 181936000,
        "costAndExpenses": 633808000,
        "interestIncome": 246000,
        "interestExpense": 114844000,
        "depreciationAndAmortization": 56852000,
        "ebitda": 216891000,
        "ebitdaratio": 0.2746669098,
        "operatingIncome": 155843000,
        "operatingIncomeRatio": 0.197356807,
        "totalOtherIncomeExpensesNet": -110648000,
        "incomeBeforeTax": 45195000,
        "incomeBeforeTaxRatio": 0.0572341452,
        "incomeTaxExpense": 9070000,
        "netIncome": 36125000,
        "netIncomeRatio": 0.0457480583,
        "eps": 0.39,
        "epsdiluted": 0.38,
        "weightedAverageShsOut": 91948000,
        "weightedAverageShsOutDil": 95334000,
        "link": "https://www.sec.gov/Archives/edgar/data/921738/000155837018008932/0001558370-18-008932-index.htm",
        "finalLink": "https://www.sec.gov/Archives/edgar/data/921738/000155837018008932/penn-20180930x10q.htm"
    },
    {
        "date": "2018-06-30",
        "symbol": "PENN",
        "reportedCurrency": "USD",
        "cik": "0000921738",
        "fillingDate": "2018-08-01",
        "acceptedDate": "2018-08-01 17:01:34",
        "calendarYear": "2018",
        "period": "Q2",
        "revenue": 826913000,
        "costOfRevenue": 470993000,
        "grossProfit": 355920000,
        "grossProfitRatio": 0.4304201288,
        "researchAndDevelopmentExpenses": 0,
        "generalAndAdministrativeExpenses": 132659000,
        "sellingAndMarketingExpenses": 0,
        "sellingGeneralAndAdministrativeExpenses": 132659000,
        "otherExpenses": -48000,
        "operatingExpenses": 174233000,
        "costAndExpenses": 645226000,
        "interestIncome": 241000,
        "interestExpense": 115873000,
        "depreciationAndAmortization": 58559000,
        "ebitda": 243662000,
        "ebitdaratio": 0.2946646141,
        "operatingIncome": 181755000,
        "operatingIncomeRatio": 0.2197994227,
        "totalOtherIncomeExpensesNet": -112525000,
        "incomeBeforeTax": 69230000,
        "incomeBeforeTaxRatio": 0.0837210202,
        "incomeTaxExpense": 15242000,
        "netIncome": 53988000,
        "netIncomeRatio": 0.0652886096,
        "eps": 0.59,
        "epsdiluted": 0.57,
        "weightedAverageShsOut": 91468000,
        "weightedAverageShsOutDil": 94995000,
        "link": "https://www.sec.gov/Archives/edgar/data/921738/000155837018006106/0001558370-18-006106-index.htm",
        "finalLink": "https://www.sec.gov/Archives/edgar/data/921738/000155837018006106/penn-20180630x10q.htm"
    },
    {
        "date": "2018-03-31",
        "symbol": "PENN",
        "reportedCurrency": "USD",
        "cik": "0000921738",
        "fillingDate": "2018-05-07",
        "acceptedDate": "2018-05-07 16:09:35",
        "calendarYear": "2018",
        "period": "Q1",
        "revenue": 816085000,
        "costOfRevenue": 461680000,
        "grossProfit": 354405000,
        "grossProfitRatio": 0.434274616,
        "researchAndDevelopmentExpenses": 0,
        "generalAndAdministrativeExpenses": 121263000,
        "sellingAndMarketingExpenses": 0,
        "sellingGeneralAndAdministrativeExpenses": 121263000,
        "otherExpenses": 4000,
        "operatingExpenses": 181653000,
        "costAndExpenses": 643333000,
        "interestIncome": 249000,
        "interestExpense": 115740000,
        "depreciationAndAmortization": 60390000,
        "ebitda": 237256000,
        "ebitdaratio": 0.2907246181,
        "operatingIncome": 172134000,
        "operatingIncomeRatio": 0.2109265579,
        "totalOtherIncomeExpensesNet": -111008000,
        "incomeBeforeTax": 61126000,
        "incomeBeforeTaxRatio": 0.0749015115,
        "incomeTaxExpense": 15689000,
        "netIncome": 45437000,
        "netIncomeRatio": 0.0556767984,
        "eps": 0.5,
        "epsdiluted": 0.48,
        "weightedAverageShsOut": 91191000,
        "weightedAverageShsOutDil": 94650000,
        "link": "https://www.sec.gov/Archives/edgar/data/921738/000155837018004149/0001558370-18-004149-index.htm",
        "finalLink": "https://www.sec.gov/Archives/edgar/data/921738/000155837018004149/penn-20180331x10q.htm"
    },
    {
        "date": "2017-12-31",
        "symbol": "PENN",
        "reportedCurrency": "USD",
        "cik": "0000921738",
        "fillingDate": "2018-03-01",
        "acceptedDate": "2018-03-01 14:44:42",
        "calendarYear": "2017",
        "period": "Q4",
        "revenue": 769036000,
        "costOfRevenue": 451654000,
        "grossProfit": 317382000,
        "grossProfitRatio": 0.4127010959,
        "researchAndDevelopmentExpenses": 0,
        "generalAndAdministrativeExpenses": 151664000,
        "sellingAndMarketingExpenses": 0,
        "sellingGeneralAndAdministrativeExpenses": 151664000,
        "otherExpenses": -55000,
        "operatingExpenses": 213038000,
        "costAndExpenses": 664692000,
        "interestIncome": 367000,
        "interestExpense": 116761000,
        "depreciationAndAmortization": 61374000,
        "ebitda": 92209000,
        "ebitdaratio": 0.1199020592,
        "operatingIncome": 56168000,
        "operatingIncomeRatio": 0.0730368929,
        "totalOtherIncomeExpensesNet": -112701000,
        "incomeBeforeTax": -56533000,
        "incomeBeforeTaxRatio": -0.0735115131,
        "incomeTaxExpense": 252134000,
        "netIncome": -308667000,
        "netIncomeRatio": -0.4013687266,
        "eps": -3.4,
        "epsdiluted": -3.4,
        "weightedAverageShsOut": 90696681,
        "weightedAverageShsOutDil": 90827000,
        "link": "https://www.sec.gov/Archives/edgar/data/921738/000155837018001376/0001558370-18-001376-index.htm",
        "finalLink": "https://www.sec.gov/Archives/edgar/data/921738/000155837018001376/penn-20171231x10k.htm"
    },
    {
        "date": "2017-09-30",
        "symbol": "PENN",
        "reportedCurrency": "USD",
        "cik": "0000921738",
        "fillingDate": "2017-11-03",
        "acceptedDate": "2017-11-03 14:58:53",
        "calendarYear": "2017",
        "period": "Q3",
        "revenue": 806247000,
        "costOfRevenue": 464583000,
        "grossProfit": 341664000,
        "grossProfitRatio": 0.4237708791,
        "researchAndDevelopmentExpenses": 0,
        "generalAndAdministrativeExpenses": 107201000,
        "sellingAndMarketingExpenses": 0,
        "sellingGeneralAndAdministrativeExpenses": 107201000,
        "otherExpenses": -236000,
        "operatingExpenses": 173684000,
        "costAndExpenses": 638267000,
        "interestIncome": 304000,
        "interestExpense": 118236000,
        "depreciationAndAmortization": 66483000,
        "ebitda": 214995000,
        "ebitdaratio": 0.2666614573,
        "operatingIncome": 143663000,
        "operatingIncomeRatio": 0.1781873297,
        "totalOtherIncomeExpensesNet": -113387000,
        "incomeBeforeTax": 30276000,
        "incomeBeforeTaxRatio": 0.0375517676,
        "incomeTaxExpense": -759064000,
        "netIncome": 789340000,
        "netIncomeRatio": 0.9790299995,
        "eps": 8.68,
        "epsdiluted": 8.43,
        "weightedAverageShsOut": 90913000,
        "weightedAverageShsOutDil": 93589000,
        "link": "https://www.sec.gov/Archives/edgar/data/921738/000155837017008104/0001558370-17-008104-index.htm",
        "finalLink": "https://www.sec.gov/Archives/edgar/data/921738/000155837017008104/penn-20170930x10q.htm"
    },
    {
        "date": "2017-06-30",
        "symbol": "PENN",
        "reportedCurrency": "USD",
        "cik": "0000921738",
        "fillingDate": "2017-08-04",
        "acceptedDate": "2017-08-04 14:40:25",
        "calendarYear": "2017",
        "period": "Q2",
        "revenue": 796463000,
        "costOfRevenue": 456774000,
        "grossProfit": 339689000,
        "grossProfitRatio": 0.4264968994,
        "researchAndDevelopmentExpenses": 0,
        "generalAndAdministrativeExpenses": 130096000,
        "sellingAndMarketingExpenses": 0,
        "sellingGeneralAndAdministrativeExpenses": 130096000,
        "otherExpenses": -173000,
        "operatingExpenses": 199065000,
        "costAndExpenses": 655839000,
        "interestIncome": 235000,
        "interestExpense": 116768000,
        "depreciationAndAmortization": 68969000,
        "ebitda": 209041000,
        "ebitdaratio": 0.2624616586,
        "operatingIncome": 134989000,
        "operatingIncomeRatio": 0.1694855882,
        "totalOtherIncomeExpensesNet": -111685000,
        "incomeBeforeTax": 23304000,
        "incomeBeforeTaxRatio": 0.029259363,
        "incomeTaxExpense": 6225000,
        "netIncome": 17079000,
        "netIncomeRatio": 0.0214435573,
        "eps": 0.19,
        "epsdiluted": 0.18,
        "weightedAverageShsOut": 90928000,
        "weightedAverageShsOutDil": 93239000,
        "link": "https://www.sec.gov/Archives/edgar/data/921738/000155837017005947/0001558370-17-005947-index.htm",
        "finalLink": "https://www.sec.gov/Archives/edgar/data/921738/000155837017005947/penn-20170630x10q.htm"
    },
    {
        "date": "2017-03-31",
        "symbol": "PENN",
        "reportedCurrency": "USD",
        "cik": "0000921738",
        "fillingDate": "2017-05-03",
        "acceptedDate": "2017-05-03 16:33:16",
        "calendarYear": "2017",
        "period": "Q1",
        "revenue": 776224000,
        "costOfRevenue": 439886000,
        "grossProfit": 336338000,
        "grossProfitRatio": 0.4333001814,
        "researchAndDevelopmentExpenses": 0,
        "generalAndAdministrativeExpenses": 125815000,
        "sellingAndMarketingExpenses": 0,
        "sellingGeneralAndAdministrativeExpenses": 125815000,
        "otherExpenses": -1793000,
        "operatingExpenses": 196051000,
        "costAndExpenses": 635937000,
        "interestIncome": 2646000,
        "interestExpense": 114996000,
        "depreciationAndAmortization": 70236000,
        "ebitda": 192534000,
        "ebitdaratio": 0.2480392258,
        "operatingIncome": 140287000,
        "operatingIncomeRatio": 0.180730047,
        "totalOtherIncomeExpensesNet": -132985000,
        "incomeBeforeTax": 7302000,
        "incomeBeforeTaxRatio": 0.0094070784,
        "incomeTaxExpense": 2198000,
        "netIncome": 5104000,
        "netIncomeRatio": 0.0065754215,
        "eps": 0.06,
        "epsdiluted": 0.06,
        "weightedAverageShsOut": 90751000,
        "weightedAverageShsOutDil": 91917000,
        "link": "https://www.sec.gov/Archives/edgar/data/921738/000155837017003399/0001558370-17-003399-index.htm",
        "finalLink": "https://www.sec.gov/Archives/edgar/data/921738/000155837017003399/penn-20170331x10q.htm"
    },
    {
        "date": "2016-12-31",
        "symbol": "PENN",
        "reportedCurrency": "USD",
        "cik": "0000921738",
        "fillingDate": "2017-02-24",
        "acceptedDate": "2017-02-24 16:47:23",
        "calendarYear": "2016",
        "period": "Q4",
        "revenue": 742910000,
        "costOfRevenue": 435779000,
        "grossProfit": 307131000,
        "grossProfitRatio": 0.4134161608,
        "researchAndDevelopmentExpenses": 0,
        "generalAndAdministrativeExpenses": 122174000,
        "sellingAndMarketingExpenses": 0,
        "sellingGeneralAndAdministrativeExpenses": 122174000,
        "otherExpenses": 299000,
        "operatingExpenses": 193283000,
        "costAndExpenses": 629062000,
        "interestIncome": 4147000,
        "interestExpense": 113695000,
        "depreciationAndAmortization": 71109000,
        "ebitda": 192078000,
        "ebitdaratio": 0.2585481418,
        "operatingIncome": 113848000,
        "operatingIncomeRatio": 0.153246019,
        "totalOtherIncomeExpensesNet": -106574000,
        "incomeBeforeTax": 7274000,
        "incomeBeforeTaxRatio": 0.0097912264,
        "incomeTaxExpense": 2242000,
        "netIncome": 5032000,
        "netIncomeRatio": 0.0067733642,
        "eps": 0.0554,
        "epsdiluted": 0.0554,
        "weightedAverageShsOut": 90751000,
        "weightedAverageShsOutDil": 90751000,
        "link": "https://www.sec.gov/Archives/edgar/data/921738/000155837017001016/0001558370-17-001016-index.htm",
        "finalLink": "https://www.sec.gov/Archives/edgar/data/921738/000155837017001016/penn-20161231x10k.htm"
    },
    {
        "date": "2016-09-30",
        "symbol": "PENN",
        "reportedCurrency": "USD",
        "cik": "0000921738",
        "fillingDate": "2016-11-04",
        "acceptedDate": "2016-11-04 12:59:58",
        "calendarYear": "2016",
        "period": "Q3",
        "revenue": 765597000,
        "costOfRevenue": 444744000,
        "grossProfit": 320853000,
        "grossProfitRatio": 0.4190886328,
        "researchAndDevelopmentExpenses": 0,
        "generalAndAdministrativeExpenses": 114376000,
        "sellingAndMarketingExpenses": 0,
        "sellingGeneralAndAdministrativeExpenses": 114376000,
        "otherExpenses": 404000,
        "operatingExpenses": 182279000,
        "costAndExpenses": 627023000,
        "interestIncome": 8202000,
        "interestExpense": 114349000,
        "depreciationAndAmortization": 67903000,
        "ebitda": 219314000,
        "ebitdaratio": 0.2864614151,
        "operatingIncome": 139300000,
        "operatingIncomeRatio": 0.1819495113,
        "totalOtherIncomeExpensesNet": -102238000,
        "incomeBeforeTax": 37062000,
        "incomeBeforeTaxRatio": 0.0484092806,
        "incomeTaxExpense": -9473000,
        "netIncome": 46535000,
        "netIncomeRatio": 0.0607826311,
        "eps": 0.52,
        "epsdiluted": 0.51,
        "weightedAverageShsOut": 83065000,
        "weightedAverageShsOutDil": 91422000,
        "link": "https://www.sec.gov/Archives/edgar/data/921738/000155837016009319/0001558370-16-009319-index.htm",
        "finalLink": "https://www.sec.gov/Archives/edgar/data/921738/000155837016009319/penn-20160930x10q.htm"
    },
    {
        "date": "2016-06-30",
        "symbol": "PENN",
        "reportedCurrency": "USD",
        "cik": "0000921738",
        "fillingDate": "2016-08-05",
        "acceptedDate": "2016-08-05 15:12:14",
        "calendarYear": "2016",
        "period": "Q2",
        "revenue": 769422000,
        "costOfRevenue": 443929000,
        "grossProfit": 325493000,
        "grossProfitRatio": 0.4230357333,
        "researchAndDevelopmentExpenses": 0,
        "generalAndAdministrativeExpenses": 109974000,
        "sellingAndMarketingExpenses": 0,
        "sellingGeneralAndAdministrativeExpenses": 109974000,
        "otherExpenses": 44000,
        "operatingExpenses": 176156000,
        "costAndExpenses": 620085000,
        "interestIncome": 6597000,
        "interestExpense": 114687000,
        "depreciationAndAmortization": 66182000,
        "ebitda": 225708000,
        "ebitdaratio": 0.2933474738,
        "operatingIncome": 149337000,
        "operatingIncomeRatio": 0.1940898493,
        "totalOtherIncomeExpensesNet": -104498000,
        "incomeBeforeTax": 44839000,
        "incomeBeforeTaxRatio": 0.0582762125,
        "incomeTaxExpense": 10804000,
        "netIncome": 34035000,
        "netIncomeRatio": 0.0442345033,
        "eps": 0.38,
        "epsdiluted": 0.37,
        "weightedAverageShsOut": 81647000,
        "weightedAverageShsOutDil": 91486000,
        "link": "https://www.sec.gov/Archives/edgar/data/921738/000155837016007526/0001558370-16-007526-index.htm",
        "finalLink": "https://www.sec.gov/Archives/edgar/data/921738/000155837016007526/penn-20160630x10q.htm"
    },
    {
        "date": "2016-03-31",
        "symbol": "PENN",
        "reportedCurrency": "USD",
        "cik": "0000921738",
        "fillingDate": "2016-05-06",
        "acceptedDate": "2016-05-06 12:06:54",
        "calendarYear": "2016",
        "period": "Q1",
        "revenue": 756451000,
        "costOfRevenue": 433396000,
        "grossProfit": 323055000,
        "grossProfitRatio": 0.4270666573,
        "researchAndDevelopmentExpenses": 0,
        "generalAndAdministrativeExpenses": 116504000,
        "sellingAndMarketingExpenses": 0,
        "sellingGeneralAndAdministrativeExpenses": 116504000,
        "otherExpenses": -2426000,
        "operatingExpenses": 182524000,
        "costAndExpenses": 615920000,
        "interestIncome": 5240000,
        "interestExpense": 116512000,
        "depreciationAndAmortization": 66020000,
        "ebitda": 213974000,
        "ebitdaratio": 0.282865645,
        "operatingIncome": 140531000,
        "operatingIncomeRatio": 0.185776739,
        "totalOtherIncomeExpensesNet": -109089000,
        "incomeBeforeTax": 31442000,
        "incomeBeforeTaxRatio": 0.0415651509,
        "incomeTaxExpense": 7734000,
        "netIncome": 23708000,
        "netIncomeRatio": 0.0313410915,
        "eps": 0.26,
        "epsdiluted": 0.26,
        "weightedAverageShsOut": 80968000,
        "weightedAverageShsOutDil": 91091000,
        "link": "https://www.sec.gov/Archives/edgar/data/921738/000110465916118632/0001104659-16-118632-index.htm",
        "finalLink": "https://www.sec.gov/Archives/edgar/data/921738/000110465916118632/a16-7635_110q.htm"
    },
    {
        "date": "2015-12-31",
        "symbol": "PENN",
        "reportedCurrency": "USD",
        "cik": "0000921738",
        "fillingDate": "2016-03-15",
        "acceptedDate": "2016-03-15 14:06:30",
        "calendarYear": "2015",
        "period": "Q4",
        "revenue": 733967000,
        "costOfRevenue": 428963000,
        "grossProfit": 305004000,
        "grossProfitRatio": 0.4155554678,
        "researchAndDevelopmentExpenses": 0,
        "generalAndAdministrativeExpenses": 106662000,
        "sellingAndMarketingExpenses": 0,
        "sellingGeneralAndAdministrativeExpenses": 106662000,
        "otherExpenses": 1067000,
        "operatingExpenses": 174338000,
        "costAndExpenses": 603301000,
        "interestIncome": 4135000,
        "interestExpense": 113577000,
        "depreciationAndAmortization": 67676000,
        "ebitda": 166095000,
        "ebitdaratio": 0.2262976401,
        "operatingIncome": 90624000,
        "operatingIncomeRatio": 0.1234714912,
        "totalOtherIncomeExpensesNet": -105782000,
        "incomeBeforeTax": -15158000,
        "incomeBeforeTaxRatio": -0.0206521547,
        "incomeTaxExpense": -6092000,
        "netIncome": -9066000,
        "netIncomeRatio": -0.012352054,
        "eps": -0.11,
        "epsdiluted": -0.11,
        "weightedAverageShsOut": 80603000,
        "weightedAverageShsOutDil": 80968000,
        "link": "https://www.sec.gov/Archives/edgar/data/921738/000104746916011168/0001047469-16-011168-index.htm",
        "finalLink": "https://www.sec.gov/Archives/edgar/data/921738/000104746916011168/a2227713z10-k.htm"
    },
    {
        "date": "2015-09-30",
        "symbol": "PENN",
        "reportedCurrency": "USD",
        "cik": "0000921738",
        "fillingDate": "2016-03-08",
        "acceptedDate": "2016-03-07 20:34:09",
        "calendarYear": "2015",
        "period": "Q3",
        "revenue": 739297000,
        "costOfRevenue": 423370000,
        "grossProfit": 315927000,
        "grossProfitRatio": 0.427334346,
        "researchAndDevelopmentExpenses": 0,
        "generalAndAdministrativeExpenses": 107614000,
        "sellingAndMarketingExpenses": 0,
        "sellingGeneralAndAdministrativeExpenses": 107614000,
        "otherExpenses": 2672000,
        "operatingExpenses": 173755000,
        "costAndExpenses": 597125000,
        "interestIncome": 3083000,
        "interestExpense": 111406000,
        "depreciationAndAmortization": 107111000,
        "ebitda": 217827000,
        "ebitdaratio": 0.2946407195,
        "operatingIncome": 142172000,
        "operatingIncomeRatio": 0.192307016,
        "totalOtherIncomeExpensesNet": -101892000,
        "incomeBeforeTax": 40280000,
        "incomeBeforeTaxRatio": 0.0544841924,
        "incomeTaxExpense": 35380000,
        "netIncome": 4900000,
        "netIncomeRatio": 0.0066279181,
        "eps": 0.06,
        "epsdiluted": 0.05,
        "weightedAverageShsOut": 80243000,
        "weightedAverageShsOutDil": 91280000,
        "link": "https://www.sec.gov/Archives/edgar/data/921738/000110465916103088/0001104659-16-103088-index.htm",
        "finalLink": "https://www.sec.gov/Archives/edgar/data/921738/000110465916103088/a15-17882_110q.htm"
    },
    {
        "date": "2015-06-30",
        "symbol": "PENN",
        "reportedCurrency": "USD",
        "cik": "0000921738",
        "fillingDate": "2015-08-06",
        "acceptedDate": "2015-08-06 14:25:17",
        "calendarYear": "2015",
        "period": "Q2",
        "revenue": 700956000,
        "costOfRevenue": 396419000,
        "grossProfit": 304537000,
        "grossProfitRatio": 0.4344595096,
        "researchAndDevelopmentExpenses": 0,
        "generalAndAdministrativeExpenses": 228091000,
        "sellingAndMarketingExpenses": 0,
        "sellingGeneralAndAdministrativeExpenses": 228091000,
        "otherExpenses": -956000,
        "operatingExpenses": 269843000,
        "costAndExpenses": 666262000,
        "interestIncome": 2443000,
        "interestExpense": 12295000,
        "depreciationAndAmortization": 41752000,
        "ebitda": 82087000,
        "ebitdaratio": 0.1171072079,
        "operatingIncome": 34694000,
        "operatingIncomeRatio": 0.0494952608,
        "totalOtherIncomeExpensesNet": -104157000,
        "incomeBeforeTax": 28040000,
        "incomeBeforeTaxRatio": 0.0400025109,
        "incomeTaxExpense": 11154000,
        "netIncome": 16886000,
        "netIncomeRatio": 0.0240899571,
        "eps": 0.19,
        "epsdiluted": 0.19,
        "weightedAverageShsOut": 79758000,
        "weightedAverageShsOutDil": 90729000,
        "link": "https://www.sec.gov/Archives/edgar/data/921738/000110465915057059/0001104659-15-057059-index.htm",
        "finalLink": "https://www.sec.gov/Archives/edgar/data/921738/000110465915057059/a15-11959_110q.htm"
    },
    {
        "date": "2015-03-31",
        "symbol": "PENN",
        "reportedCurrency": "USD",
        "cik": "0000921738",
        "fillingDate": "2015-05-06",
        "acceptedDate": "2015-05-06 14:09:56",
        "calendarYear": "2015",
        "period": "Q1",
        "revenue": 664138000,
        "costOfRevenue": 372824000,
        "grossProfit": 291314000,
        "grossProfitRatio": 0.4386347416,
        "researchAndDevelopmentExpenses": 0,
        "generalAndAdministrativeExpenses": 224914000,
        "sellingAndMarketingExpenses": 0,
        "sellingGeneralAndAdministrativeExpenses": 224914000,
        "otherExpenses": 3089000,
        "operatingExpenses": 267836000,
        "costAndExpenses": 640660000,
        "interestIncome": 1870000,
        "interestExpense": 12163000,
        "depreciationAndAmortization": 42922000,
        "ebitda": 75341000,
        "ebitdaratio": 0.1134417847,
        "operatingIncome": 23478000,
        "operatingIncomeRatio": 0.0353510867,
        "totalOtherIncomeExpensesNet": -99405000,
        "incomeBeforeTax": 20256000,
        "incomeBeforeTaxRatio": 0.0304996853,
        "incomeTaxExpense": 9260000,
        "netIncome": 10996000,
        "netIncomeRatio": 0.0165567999,
        "eps": 0.12,
        "epsdiluted": 0.12,
        "weightedAverageShsOut": 79400000,
        "weightedAverageShsOutDil": 90392000,
        "link": "https://www.sec.gov/Archives/edgar/data/921738/000110465915034769/0001104659-15-034769-index.htm",
        "finalLink": "https://www.sec.gov/Archives/edgar/data/921738/000110465915034769/a15-7176_110q.htm"
    },
    {
        "date": "2014-12-31",
        "symbol": "PENN",
        "reportedCurrency": "USD",
        "cik": "0000921738",
        "fillingDate": "2015-02-27",
        "acceptedDate": "2015-02-27 15:45:51",
        "calendarYear": "2014",
        "period": "Q4",
        "revenue": 651361000,
        "costOfRevenue": 373240000,
        "grossProfit": 278121000,
        "grossProfitRatio": 0.4269844218,
        "researchAndDevelopmentExpenses": 0,
        "generalAndAdministrativeExpenses": 222099000,
        "sellingAndMarketingExpenses": 0,
        "sellingGeneralAndAdministrativeExpenses": 222099000,
        "otherExpenses": 1553000,
        "operatingExpenses": 266278000,
        "costAndExpenses": 639518000,
        "interestIncome": 1448000,
        "interestExpense": 12606000,
        "depreciationAndAmortization": 44179000,
        "ebitda": -255804000,
        "ebitdaratio": -0.3927223153,
        "operatingIncome": -304686000,
        "operatingIncomeRatio": -0.4677682575,
        "totalOtherIncomeExpensesNet": -7903000,
        "incomeBeforeTax": -312589000,
        "incomeBeforeTaxRatio": -0.4799013143,
        "incomeTaxExpense": -62182000,
        "netIncome": -250407000,
        "netIncomeRatio": -0.3844365874,
        "eps": -3.18,
        "epsdiluted": -3.18,
        "weightedAverageShsOut": 78770415,
        "weightedAverageShsOutDil": 78805000,
        "link": "https://www.sec.gov/Archives/edgar/data/921738/000104746915001405/0001047469-15-001405-index.htm",
        "finalLink": "https://www.sec.gov/Archives/edgar/data/921738/000104746915001405/a2223187z10-k.htm"
    },
    {
        "date": "2014-09-30",
        "symbol": "PENN",
        "reportedCurrency": "USD",
        "cik": "0000921738",
        "fillingDate": "2014-11-07",
        "acceptedDate": "2014-11-07 15:48:47",
        "calendarYear": "2014",
        "period": "Q3",
        "revenue": 645940000,
        "costOfRevenue": 367395000,
        "grossProfit": 278545000,
        "grossProfitRatio": 0.4312242623,
        "researchAndDevelopmentExpenses": 0,
        "generalAndAdministrativeExpenses": 221135000,
        "sellingAndMarketingExpenses": 0,
        "sellingGeneralAndAdministrativeExpenses": 221135000,
        "otherExpenses": 1583000,
        "operatingExpenses": 261388000,
        "costAndExpenses": 628783000,
        "interestIncome": 1025000,
        "interestExpense": 11189000,
        "depreciationAndAmortization": 40253000,
        "ebitda": 172773000,
        "ebitdaratio": 0.2674753073,
        "operatingIncome": 22831000,
        "operatingIncomeRatio": 0.0353453881,
        "totalOtherIncomeExpensesNet": -95360000,
        "incomeBeforeTax": 16541000,
        "incomeBeforeTaxRatio": 0.0256076416,
        "incomeTaxExpense": 8042000,
        "netIncome": 8499000,
        "netIncomeRatio": 0.0131575688,
        "eps": 0.1,
        "epsdiluted": 0.1,
        "weightedAverageShsOut": 78510000,
        "weightedAverageShsOutDil": 89017000,
        "link": "https://www.sec.gov/Archives/edgar/data/921738/000110465914078371/0001104659-14-078371-index.htm",
        "finalLink": "https://www.sec.gov/Archives/edgar/data/921738/000110465914078371/a14-19764_110q.htm"
    },
    {
        "date": "2014-06-30",
        "symbol": "PENN",
        "reportedCurrency": "USD",
        "cik": "0000921738",
        "fillingDate": "2014-08-01",
        "acceptedDate": "2014-08-01 14:52:17",
        "calendarYear": "2014",
        "period": "Q2",
        "revenue": 652146000,
        "costOfRevenue": 364510000,
        "grossProfit": 287636000,
        "grossProfitRatio": 0.4410607441,
        "researchAndDevelopmentExpenses": 0,
        "generalAndAdministrativeExpenses": 212511000,
        "sellingAndMarketingExpenses": 0,
        "sellingGeneralAndAdministrativeExpenses": 212511000,
        "otherExpenses": -1823000,
        "operatingExpenses": 259694000,
        "costAndExpenses": 624204000,
        "interestIncome": 790000,
        "interestExpense": 10892000,
        "depreciationAndAmortization": 47183000,
        "ebitda": 175781000,
        "ebitdaratio": 0.2695424031,
        "operatingIncome": 23382000,
        "operatingIncomeRatio": 0.0358539345,
        "totalOtherIncomeExpensesNet": -104629000,
        "incomeBeforeTax": 12930000,
        "incomeBeforeTaxRatio": 0.0198268486,
        "incomeTaxExpense": 10150000,
        "netIncome": 2780000,
        "netIncomeRatio": 0.0042628491,
        "eps": 0.03,
        "epsdiluted": 0.03,
        "weightedAverageShsOut": 78458000,
        "weightedAverageShsOutDil": 88936000,
        "link": "https://www.sec.gov/Archives/edgar/data/921738/000110465914055966/0001104659-14-055966-index.htm",
        "finalLink": "https://www.sec.gov/Archives/edgar/data/921738/000110465914055966/a14-14045_110q.htm"
    },
    {
        "date": "2014-03-31",
        "symbol": "PENN",
        "reportedCurrency": "USD",
        "cik": "0000921738",
        "fillingDate": "2014-05-01",
        "acceptedDate": "2014-05-01 13:27:59",
        "calendarYear": "2014",
        "period": "Q1",
        "revenue": 641080000,
        "costOfRevenue": 363615000,
        "grossProfit": 277465000,
        "grossProfitRatio": 0.4328086978,
        "researchAndDevelopmentExpenses": 0,
        "generalAndAdministrativeExpenses": 212048000,
        "sellingAndMarketingExpenses": 0,
        "sellingGeneralAndAdministrativeExpenses": 212048000,
        "otherExpenses": 1631000,
        "operatingExpenses": 259414000,
        "costAndExpenses": 623029000,
        "interestIncome": 467000,
        "interestExpense": 11295000,
        "depreciationAndAmortization": 47366000,
        "ebitda": 177280000,
        "ebitdaratio": 0.27653335,
        "operatingIncome": 18051000,
        "operatingIncomeRatio": 0.0281571723,
        "totalOtherIncomeExpensesNet": -99933000,
        "incomeBeforeTax": 11337000,
        "incomeBeforeTaxRatio": 0.0176842204,
        "incomeTaxExpense": 6800000,
        "netIncome": 4537000,
        "netIncomeRatio": 0.0070771199,
        "eps": 0.05,
        "epsdiluted": 0.05,
        "weightedAverageShsOut": 77917000,
        "weightedAverageShsOutDil": 88679000,
        "link": "https://www.sec.gov/Archives/edgar/data/921738/000110465914033291/0001104659-14-033291-index.htm",
        "finalLink": "https://www.sec.gov/Archives/edgar/data/921738/000110465914033291/a14-9599_110q.htm"
    },
    {
        "date": "2013-12-31",
        "symbol": "PENN",
        "reportedCurrency": "USD",
        "cik": "0000921738",
        "fillingDate": "2014-02-27",
        "acceptedDate": "2014-02-27 14:16:11",
        "calendarYear": "2013",
        "period": "Q4",
        "revenue": 644702000,
        "costOfRevenue": 370762000,
        "grossProfit": 273940000,
        "grossProfitRatio": 0.4249094931,
        "researchAndDevelopmentExpenses": 0,
        "generalAndAdministrativeExpenses": 200537000,
        "sellingAndMarketingExpenses": 0,
        "sellingGeneralAndAdministrativeExpenses": 200537000,
        "otherExpenses": 1173000,
        "operatingExpenses": 261209000,
        "costAndExpenses": 631971000,
        "interestIncome": 413000,
        "interestExpense": 17048000,
        "depreciationAndAmortization": 60672000,
        "ebitda": -518568000,
        "ebitdaratio": -0.8043530189,
        "operatingIncome": -1045448000,
        "operatingIncomeRatio": -1.6215988162,
        "totalOtherIncomeExpensesNet": -652677000,
        "incomeBeforeTax": -1120751000,
        "incomeBeforeTaxRatio": -1.7384016181,
        "incomeTaxExpense": -232004000,
        "netIncome": -888747000,
        "netIncomeRatio": -1.3785392321,
        "eps": -11.64,
        "epsdiluted": -11.4,
        "weightedAverageShsOut": 76383213,
        "weightedAverageShsOutDil": 77939000,
        "link": "https://www.sec.gov/Archives/edgar/data/921738/000104746914001467/0001047469-14-001467-index.htm",
        "finalLink": "https://www.sec.gov/Archives/edgar/data/921738/000104746914001467/a2218534z10-k.htm"
    },
    {
        "date": "2013-09-30",
        "symbol": "PENN",
        "reportedCurrency": "USD",
        "cik": "0000921738",
        "fillingDate": "2013-11-08",
        "acceptedDate": "2013-11-08 10:47:44",
        "calendarYear": "2013",
        "period": "Q3",
        "revenue": 714435000,
        "costOfRevenue": 410047000,
        "grossProfit": 304388000,
        "grossProfitRatio": 0.4260541547,
        "researchAndDevelopmentExpenses": 0,
        "generalAndAdministrativeExpenses": 131140000,
        "sellingAndMarketingExpenses": 0,
        "sellingGeneralAndAdministrativeExpenses": 131140000,
        "otherExpenses": -436000,
        "operatingExpenses": 211108000,
        "costAndExpenses": 621155000,
        "interestIncome": 369000,
        "interestExpense": 25060000,
        "depreciationAndAmortization": 79968000,
        "ebitda": 175477000,
        "ebitdaratio": 0.2456164662,
        "operatingIncome": 93280000,
        "operatingIncomeRatio": 0.130564712,
        "totalOtherIncomeExpensesNet": -22831000,
        "incomeBeforeTax": 70449000,
        "incomeBeforeTaxRatio": 0.0986079909,
        "incomeTaxExpense": 29132000,
        "netIncome": 41317000,
        "netIncomeRatio": 0.0578317132,
        "eps": 0.43,
        "epsdiluted": 0.4,
        "weightedAverageShsOut": 78635000,
        "weightedAverageShsOutDil": 103442000,
        "link": "https://www.sec.gov/Archives/edgar/data/921738/000110465913082644/0001104659-13-082644-index.htm",
        "finalLink": "https://www.sec.gov/Archives/edgar/data/921738/000110465913082644/a13-19515_110q.htm"
    },
    {
        "date": "2013-06-30",
        "symbol": "PENN",
        "reportedCurrency": "USD",
        "cik": "0000921738",
        "fillingDate": "2013-08-02",
        "acceptedDate": "2013-08-02 12:18:27",
        "calendarYear": "2013",
        "period": "Q2",
        "revenue": 761371000,
        "costOfRevenue": 430799000,
        "grossProfit": 330572000,
        "grossProfitRatio": 0.4341799202,
        "researchAndDevelopmentExpenses": 0,
        "generalAndAdministrativeExpenses": 128730000,
        "sellingAndMarketingExpenses": 0,
        "sellingGeneralAndAdministrativeExpenses": 128730000,
        "otherExpenses": 2402000,
        "operatingExpenses": 209345000,
        "costAndExpenses": 640144000,
        "interestIncome": 343000,
        "interestExpense": 27060000,
        "depreciationAndAmortization": 80615000,
        "ebitda": 134062000,
        "ebitdaratio": 0.1760797299,
        "operatingIncome": 46881000,
        "operatingIncomeRatio": 0.0615744493,
        "totalOtherIncomeExpensesNet": -20494000,
        "incomeBeforeTax": 26387000,
        "incomeBeforeTaxRatio": 0.034657217,
        "incomeTaxExpense": 38567000,
        "netIncome": -12180000,
        "netIncomeRatio": -0.0159974572,
        "eps": -0.16,
        "epsdiluted": -0.16,
        "weightedAverageShsOut": 76125000,
        "weightedAverageShsOutDil": 78306000,
        "link": "https://www.sec.gov/Archives/edgar/data/921738/000110465913059284/0001104659-13-059284-index.htm",
        "finalLink": "https://www.sec.gov/Archives/edgar/data/921738/000110465913059284/a13-13481_110q.htm"
    },
    {
        "date": "2013-03-31",
        "symbol": "PENN",
        "reportedCurrency": "USD",
        "cik": "0000921738",
        "fillingDate": "2013-05-03",
        "acceptedDate": "2013-05-03 11:30:46",
        "calendarYear": "2013",
        "period": "Q1",
        "revenue": 798246000,
        "costOfRevenue": 452283000,
        "grossProfit": 345963000,
        "grossProfitRatio": 0.4334039882,
        "researchAndDevelopmentExpenses": 0,
        "generalAndAdministrativeExpenses": 135577000,
        "sellingAndMarketingExpenses": 0,
        "sellingGeneralAndAdministrativeExpenses": 135577000,
        "otherExpenses": 664000,
        "operatingExpenses": 212648000,
        "costAndExpenses": 664931000,
        "interestIncome": 262000,
        "interestExpense": 27924000,
        "depreciationAndAmortization": 77071000,
        "ebitda": 213033000,
        "ebitdaratio": 0.2668763765,
        "operatingIncome": 133315000,
        "operatingIncomeRatio": 0.1670099192,
        "totalOtherIncomeExpensesNet": -25277000,
        "incomeBeforeTax": 108038000,
        "incomeBeforeTaxRatio": 0.1353442423,
        "incomeTaxExpense": 42767000,
        "netIncome": 65271000,
        "netIncomeRatio": 0.0817680264,
        "eps": 0.68,
        "epsdiluted": 0.63,
        "weightedAverageShsOut": 77553000,
        "weightedAverageShsOutDil": 102887000,
        "link": "https://www.sec.gov/Archives/edgar/data/921738/000110465913036920/0001104659-13-036920-index.htm",
        "finalLink": "https://www.sec.gov/Archives/edgar/data/921738/000110465913036920/a13-8183_110q.htm"
    },
    {
        "date": "2012-12-31",
        "symbol": "PENN",
        "reportedCurrency": "USD",
        "cik": "0000921738",
        "fillingDate": "2013-02-22",
        "acceptedDate": "2013-02-22 15:43:59",
        "calendarYear": "2012",
        "period": "Q4",
        "revenue": 743811000,
        "costOfRevenue": 434319000,
        "grossProfit": 309492000,
        "grossProfitRatio": 0.4160895711,
        "researchAndDevelopmentExpenses": 0,
        "generalAndAdministrativeExpenses": 163378000,
        "sellingAndMarketingExpenses": 0,
        "sellingGeneralAndAdministrativeExpenses": 163378000,
        "otherExpenses": 108000,
        "operatingExpenses": 236199000,
        "costAndExpenses": 670518000,
        "interestIncome": 265000,
        "interestExpense": 25621000,
        "depreciationAndAmortization": 72821000,
        "ebitda": 146745000,
        "ebitdaratio": 0.1972880207,
        "operatingIncome": 73293000,
        "operatingIncomeRatio": 0.0985371284,
        "totalOtherIncomeExpensesNet": -24990000,
        "incomeBeforeTax": 48303000,
        "incomeBeforeTaxRatio": 0.0649398839,
        "incomeTaxExpense": 28064000,
        "netIncome": 20239000,
        "netIncomeRatio": 0.0272098692,
        "eps": 0.21,
        "epsdiluted": 0.19,
        "weightedAverageShsOut": 76787000,
        "weightedAverageShsOutDil": 104470000,
        "link": "https://www.sec.gov/Archives/edgar/data/921738/000104746913001483/0001047469-13-001483-index.htm",
        "finalLink": "https://www.sec.gov/Archives/edgar/data/921738/000104746913001483/a2213002z10-k.htm"
    },
    {
        "date": "2012-09-30",
        "symbol": "PENN",
        "reportedCurrency": "USD",
        "cik": "0000921738",
        "fillingDate": "2012-11-05",
        "acceptedDate": "2012-11-05 09:52:52",
        "calendarYear": "2012",
        "period": "Q3",
        "revenue": 707044000,
        "costOfRevenue": 408364000,
        "grossProfit": 298680000,
        "grossProfitRatio": 0.4224348131,
        "researchAndDevelopmentExpenses": 0,
        "generalAndAdministrativeExpenses": 137615000,
        "sellingAndMarketingExpenses": 0,
        "sellingGeneralAndAdministrativeExpenses": 137615000,
        "otherExpenses": 62399000,
        "operatingExpenses": 200014000,
        "costAndExpenses": 608378000,
        "interestIncome": 218000,
        "interestExpense": 19953000,
        "depreciationAndAmortization": 62399000,
        "ebitda": 162090000,
        "ebitdaratio": 0.2292502305,
        "operatingIncome": 98666000,
        "operatingIncomeRatio": 0.1395471852,
        "totalOtherIncomeExpensesNet": -20882000,
        "incomeBeforeTax": 77784000,
        "incomeBeforeTaxRatio": 0.1100129553,
        "incomeTaxExpense": 31338000,
        "netIncome": 46446000,
        "netIncomeRatio": 0.0656903955,
        "eps": 0.49,
        "epsdiluted": 0.44,
        "weightedAverageShsOut": 76336000,
        "weightedAverageShsOutDil": 105841000,
        "link": "https://www.sec.gov/Archives/edgar/data/921738/000110465912073983/0001104659-12-073983-index.htm",
        "finalLink": "https://www.sec.gov/Archives/edgar/data/921738/000110465912073983/a12-19455_110q.htm"
    },
    {
        "date": "2012-06-30",
        "symbol": "PENN",
        "reportedCurrency": "USD",
        "cik": "0000921738",
        "fillingDate": "2012-08-02",
        "acceptedDate": "2012-08-02 11:48:46",
        "calendarYear": "2012",
        "period": "Q2",
        "revenue": 712551000,
        "costOfRevenue": 415860000,
        "grossProfit": 296691000,
        "grossProfitRatio": 0.4163786171,
        "researchAndDevelopmentExpenses": 0,
        "generalAndAdministrativeExpenses": 115251000,
        "sellingAndMarketingExpenses": -3366000,
        "sellingGeneralAndAdministrativeExpenses": 111885000,
        "otherExpenses": 56791000,
        "operatingExpenses": 168676000,
        "costAndExpenses": 584536000,
        "interestIncome": 246000,
        "interestExpense": 17823000,
        "depreciationAndAmortization": 56791000,
        "ebitda": 187580000,
        "ebitdaratio": 0.2632513322,
        "operatingIncome": 128015000,
        "operatingIncomeRatio": 0.1796573158,
        "totalOtherIncomeExpensesNet": -15049000,
        "incomeBeforeTax": 112966000,
        "incomeBeforeTaxRatio": 0.158537424,
        "incomeTaxExpense": 46299000,
        "netIncome": 66667000,
        "netIncomeRatio": 0.0935610223,
        "eps": 0.7,
        "epsdiluted": 0.63,
        "weightedAverageShsOut": 76257000,
        "weightedAverageShsOutDil": 106130000,
        "link": "https://www.sec.gov/Archives/edgar/data/921738/000110465912053608/0001104659-12-053608-index.htm",
        "finalLink": "https://www.sec.gov/Archives/edgar/data/921738/000110465912053608/a12-13695_110q.htm"
    },
    {
        "date": "2012-03-31",
        "symbol": "PENN",
        "reportedCurrency": "USD",
        "cik": "0000921738",
        "fillingDate": "2012-05-03",
        "acceptedDate": "2012-05-03 11:21:20",
        "calendarYear": "2012",
        "period": "Q1",
        "revenue": 736059000,
        "costOfRevenue": 427973000,
        "grossProfit": 308086000,
        "grossProfitRatio": 0.4185615555,
        "researchAndDevelopmentExpenses": 0,
        "generalAndAdministrativeExpenses": 115997000,
        "sellingAndMarketingExpenses": -3863000,
        "sellingGeneralAndAdministrativeExpenses": 112134000,
        "otherExpenses": 53337000,
        "operatingExpenses": 165471000,
        "costAndExpenses": 593444000,
        "interestIncome": 219000,
        "interestExpense": 18043000,
        "depreciationAndAmortization": 53337000,
        "ebitda": 196853000,
        "ebitdaratio": 0.2674418763,
        "operatingIncome": 142615000,
        "operatingIncomeRatio": 0.1937548485,
        "totalOtherIncomeExpensesNet": -17142000,
        "incomeBeforeTax": 125473000,
        "incomeBeforeTaxRatio": 0.1704659545,
        "incomeTaxExpense": 46854000,
        "netIncome": 78619000,
        "netIncomeRatio": 0.1068107312,
        "eps": 0.83,
        "epsdiluted": 0.74,
        "weightedAverageShsOut": 75994000,
        "weightedAverageShsOutDil": 105632000,
        "link": "https://www.sec.gov/Archives/edgar/data/921738/000110465912032423/0001104659-12-032423-index.htm",
        "finalLink": "https://www.sec.gov/Archives/edgar/data/921738/000110465912032423/a12-7357_110q.htm"
    },
    {
        "date": "2011-12-31",
        "symbol": "PENN",
        "reportedCurrency": "USD",
        "cik": "0000921738",
        "fillingDate": "2012-02-24",
        "acceptedDate": "2012-02-24 09:49:26",
        "calendarYear": "2011",
        "period": "Q4",
        "revenue": 676450000,
        "costOfRevenue": 409653000,
        "grossProfit": 266797000,
        "grossProfitRatio": 0.3944075689,
        "researchAndDevelopmentExpenses": 0,
        "generalAndAdministrativeExpenses": 0,
        "sellingAndMarketingExpenses": 0,
        "sellingGeneralAndAdministrativeExpenses": 95766000,
        "otherExpenses": 51893000,
        "operatingExpenses": 147659000,
        "costAndExpenses": 557312000,
        "interestIncome": 206000,
        "interestExpense": 20915000,
        "depreciationAndAmortization": 51893000,
        "ebitda": 148885000,
        "ebitdaratio": 0.2200975682,
        "operatingIncome": 119138000,
        "operatingIncomeRatio": 0.1761224037,
        "totalOtherIncomeExpensesNet": -43061000,
        "incomeBeforeTax": 76077000,
        "incomeBeforeTaxRatio": 0.112465075,
        "incomeTaxExpense": 32046000,
        "netIncome": 44031000,
        "netIncomeRatio": 0.0650912854,
        "eps": 0.58,
        "epsdiluted": 0.58,
        "weightedAverageShsOut": 75994000,
        "weightedAverageShsOutDil": 107250000,
        "link": "https://www.sec.gov/Archives/edgar/data/921738/000104746912001425/0001047469-12-001425-index.htm",
        "finalLink": "https://www.sec.gov/Archives/edgar/data/921738/000104746912001425/a2207437z10-k.htm"
    },
    {
        "date": "2011-09-30",
        "symbol": "PENN",
        "reportedCurrency": "USD",
        "cik": "0000921738",
        "fillingDate": "2011-11-04",
        "acceptedDate": "2011-11-04 10:26:35",
        "calendarYear": "2011",
        "period": "Q3",
        "revenue": 710905000,
        "costOfRevenue": 419448000,
        "grossProfit": 291457000,
        "grossProfitRatio": 0.4099802365,
        "researchAndDevelopmentExpenses": 0,
        "generalAndAdministrativeExpenses": 108897000,
        "sellingAndMarketingExpenses": 0,
        "sellingGeneralAndAdministrativeExpenses": 108897000,
        "otherExpenses": 52195000,
        "operatingExpenses": 161122000,
        "costAndExpenses": 580570000,
        "interestIncome": 68000,
        "interestExpense": 23514000,
        "depreciationAndAmortization": 52195000,
        "ebitda": 184790000,
        "ebitdaratio": 0.2599362784,
        "operatingIncome": 130335000,
        "operatingIncomeRatio": 0.1833367328,
        "totalOtherIncomeExpensesNet": -21284000,
        "incomeBeforeTax": 109081000,
        "incomeBeforeTaxRatio": 0.1534396298,
        "incomeTaxExpense": 38278000,
        "netIncome": 70803000,
        "netIncomeRatio": 0.0995955859,
        "eps": 0.73,
        "epsdiluted": 0.66,
        "weightedAverageShsOut": 78242000,
        "weightedAverageShsOutDil": 107449000,
        "link": "https://www.sec.gov/Archives/edgar/data/921738/000110465911060901/0001104659-11-060901-index.htm",
        "finalLink": "https://www.sec.gov/Archives/edgar/data/921738/000110465911060901/a11-25643_110q.htm"
    },
    {
        "date": "2011-06-30",
        "symbol": "PENN",
        "reportedCurrency": "USD",
        "cik": "0000921738",
        "fillingDate": "2011-08-08",
        "acceptedDate": "2011-08-08 12:10:15",
        "calendarYear": "2011",
        "period": "Q2",
        "revenue": 687879000,
        "costOfRevenue": 402290000,
        "grossProfit": 285589000,
        "grossProfitRatio": 0.4151733081,
        "researchAndDevelopmentExpenses": 0,
        "generalAndAdministrativeExpenses": 102322000,
        "sellingAndMarketingExpenses": -11555000,
        "sellingGeneralAndAdministrativeExpenses": 90767000,
        "otherExpenses": 54230000,
        "operatingExpenses": 144997000,
        "costAndExpenses": 547287000,
        "interestIncome": 96000,
        "interestExpense": 26109000,
        "depreciationAndAmortization": 54230000,
        "ebitda": 194918000,
        "ebitdaratio": 0.2833608818,
        "operatingIncome": 140592000,
        "operatingIncomeRatio": 0.2043847828,
        "totalOtherIncomeExpensesNet": -26283000,
        "incomeBeforeTax": 114309000,
        "incomeBeforeTaxRatio": 0.1661760281,
        "incomeTaxExpense": 38320000,
        "netIncome": 75989000,
        "netIncomeRatio": 0.1104685562,
        "eps": 0.79,
        "epsdiluted": 0.71,
        "weightedAverageShsOut": 78387000,
        "weightedAverageShsOutDil": 107523000,
        "link": "https://www.sec.gov/Archives/edgar/data/921738/000110465911044699/0001104659-11-044699-index.htm",
        "finalLink": "https://www.sec.gov/Archives/edgar/data/921738/000110465911044699/a11-13821_110q.htm"
    },
    {
        "date": "2011-03-31",
        "symbol": "PENN",
        "reportedCurrency": "USD",
        "cik": "0000921738",
        "fillingDate": "2011-05-04",
        "acceptedDate": "2011-05-04 11:52:27",
        "calendarYear": "2011",
        "period": "Q1",
        "revenue": 667023000,
        "costOfRevenue": 389348000,
        "grossProfit": 277675000,
        "grossProfitRatio": 0.416289993,
        "researchAndDevelopmentExpenses": 0,
        "generalAndAdministrativeExpenses": 103476000,
        "sellingAndMarketingExpenses": -1694000,
        "sellingGeneralAndAdministrativeExpenses": 101782000,
        "otherExpenses": 53158000,
        "operatingExpenses": 154940000,
        "costAndExpenses": 544288000,
        "interestIncome": 53000,
        "interestExpense": 29026000,
        "depreciationAndAmortization": 53158000,
        "ebitda": 171949000,
        "ebitdaratio": 0.2577857135,
        "operatingIncome": 122735000,
        "operatingIncomeRatio": 0.1840041498,
        "totalOtherIncomeExpensesNet": -31276000,
        "incomeBeforeTax": 89765000,
        "incomeBeforeTaxRatio": 0.1345755694,
        "incomeTaxExpense": 38237000,
        "netIncome": 51528000,
        "netIncomeRatio": 0.0772507095,
        "eps": 0.53,
        "epsdiluted": 0.48,
        "weightedAverageShsOut": 78162000,
        "weightedAverageShsOutDil": 106919000,
        "link": "https://www.sec.gov/Archives/edgar/data/921738/000110465911025594/0001104659-11-025594-index.htm",
        "finalLink": "https://www.sec.gov/Archives/edgar/data/921738/000110465911025594/a11-8575_110q.htm"
    },
    {
        "date": "2010-12-31",
        "symbol": "PENN",
        "reportedCurrency": "USD",
        "cik": "0000921738",
        "fillingDate": "2011-02-25",
        "acceptedDate": "2011-02-25 14:41:04",
        "calendarYear": "2010",
        "period": "Q4",
        "revenue": 630221000,
        "costOfRevenue": 377719000,
        "grossProfit": 252502000,
        "grossProfitRatio": 0.4006562777,
        "researchAndDevelopmentExpenses": 0,
        "generalAndAdministrativeExpenses": 0,
        "sellingAndMarketingExpenses": 0,
        "sellingGeneralAndAdministrativeExpenses": 120967000,
        "otherExpenses": 39666000,
        "operatingExpenses": 160633000,
        "costAndExpenses": 538352000,
        "interestIncome": -160000,
        "interestExpense": 30600000,
        "depreciationAndAmortization": 54712000,
        "ebitda": -68782000,
        "ebitdaratio": -0.1091394923,
        "operatingIncome": 91869000,
        "operatingIncomeRatio": 0.1457726734,
        "totalOtherIncomeExpensesNet": -245963000,
        "incomeBeforeTax": -154094000,
        "incomeBeforeTaxRatio": -0.244507879,
        "incomeTaxExpense": -962000,
        "netIncome": -153132000,
        "netIncomeRatio": -0.2429814303,
        "eps": -1.96,
        "epsdiluted": -1.96,
        "weightedAverageShsOut": 78162000,
        "weightedAverageShsOutDil": 78162000,
        "link": "https://www.sec.gov/Archives/edgar/data/921738/000104746911001383/0001047469-11-001383-index.htm",
        "finalLink": "https://www.sec.gov/Archives/edgar/data/921738/000104746911001383/a2202202z10-k.htm"
    },
    {
        "date": "2010-09-30",
        "symbol": "PENN",
        "reportedCurrency": "USD",
        "cik": "0000921738",
        "fillingDate": "2010-11-05",
        "acceptedDate": "2010-11-05 13:30:37",
        "calendarYear": "2010",
        "period": "Q3",
        "revenue": 638256000,
        "costOfRevenue": 376848000,
        "grossProfit": 261408000,
        "grossProfitRatio": 0.4095660675,
        "researchAndDevelopmentExpenses": 0,
        "generalAndAdministrativeExpenses": 102164000,
        "sellingAndMarketingExpenses": -5876000,
        "sellingGeneralAndAdministrativeExpenses": 96288000,
        "otherExpenses": 53842000,
        "operatingExpenses": 150130000,
        "costAndExpenses": 526978000,
        "interestIncome": 398000,
        "interestExpense": 32412000,
        "depreciationAndAmortization": 53842000,
        "ebitda": 169036000,
        "ebitdaratio": 0.2648404402,
        "operatingIncome": 110462000,
        "operatingIncomeRatio": 0.1730684866,
        "totalOtherIncomeExpensesNet": -22620000,
        "incomeBeforeTax": 82782000,
        "incomeBeforeTaxRatio": 0.1297003083,
        "incomeTaxExpense": 34437000,
        "netIncome": 48345000,
        "netIncomeRatio": 0.0757454689,
        "eps": 0.51,
        "epsdiluted": 0.46,
        "weightedAverageShsOut": 77414000,
        "weightedAverageShsOutDil": 105509000,
        "link": "https://www.sec.gov/Archives/edgar/data/921738/000110465910056464/0001104659-10-056464-index.htm",
        "finalLink": "https://www.sec.gov/Archives/edgar/data/921738/000110465910056464/a10-17262_110q.htm"
    },
    {
        "date": "2010-06-30",
        "symbol": "PENN",
        "reportedCurrency": "USD",
        "cik": "0000921738",
        "fillingDate": "2010-08-09",
        "acceptedDate": "2010-08-09 11:43:58",
        "calendarYear": "2010",
        "period": "Q2",
        "revenue": 598311000,
        "costOfRevenue": 356249000,
        "grossProfit": 242062000,
        "grossProfitRatio": 0.4045755468,
        "researchAndDevelopmentExpenses": 0,
        "generalAndAdministrativeExpenses": 106953000,
        "sellingAndMarketingExpenses": 155000,
        "sellingGeneralAndAdministrativeExpenses": 107108000,
        "otherExpenses": 52653000,
        "operatingExpenses": 159761000,
        "costAndExpenses": 516010000,
        "interestIncome": 611000,
        "interestExpense": 32911000,
        "depreciationAndAmortization": 52653000,
        "ebitda": 105338000,
        "ebitdaratio": 0.1760589392,
        "operatingIncome": 51711000,
        "operatingIncomeRatio": 0.0864282957,
        "totalOtherIncomeExpensesNet": -31937000,
        "incomeBeforeTax": 19774000,
        "incomeBeforeTaxRatio": 0.0330497016,
        "incomeTaxExpense": 12802000,
        "netIncome": 9156000,
        "netIncomeRatio": 0.0153030782,
        "eps": 0.09,
        "epsdiluted": 0.09,
        "weightedAverageShsOut": 78717000,
        "weightedAverageShsOutDil": 106795000,
        "link": "https://www.sec.gov/Archives/edgar/data/921738/000110465910043036/0001104659-10-043036-index.htm",
        "finalLink": "https://www.sec.gov/Archives/edgar/data/921738/000110465910043036/a10-12509_110q.htm"
    },
    {
        "date": "2010-03-31",
        "symbol": "PENN",
        "reportedCurrency": "USD",
        "cik": "0000921738",
        "fillingDate": "2010-05-07",
        "acceptedDate": "2010-05-07 15:28:01",
        "calendarYear": "2010",
        "period": "Q1",
        "revenue": 592323000,
        "costOfRevenue": 354081000,
        "grossProfit": 238242000,
        "grossProfitRatio": 0.4022163583,
        "researchAndDevelopmentExpenses": 0,
        "generalAndAdministrativeExpenses": 94516000,
        "sellingAndMarketingExpenses": 59000,
        "sellingGeneralAndAdministrativeExpenses": 94575000,
        "otherExpenses": 51180000,
        "operatingExpenses": 145755000,
        "costAndExpenses": 499836000,
        "interestIncome": 730000,
        "interestExpense": 34292000,
        "depreciationAndAmortization": 51180000,
        "ebitda": 144397000,
        "ebitdaratio": 0.2437808425,
        "operatingIncome": 92351000,
        "operatingIncomeRatio": 0.1559132433,
        "totalOtherIncomeExpensesNet": -36490000,
        "incomeBeforeTax": 56056000,
        "incomeBeforeTaxRatio": 0.0946375542,
        "incomeTaxExpense": 19901000,
        "netIncome": 36164000,
        "netIncomeRatio": 0.061054526,
        "eps": 0.37,
        "epsdiluted": 0.34,
        "weightedAverageShsOut": 78563000,
        "weightedAverageShsOutDil": 107037000,
        "link": "https://www.sec.gov/Archives/edgar/data/921738/000110465910026862/0001104659-10-026862-index.htm",
        "finalLink": "https://www.sec.gov/Archives/edgar/data/921738/000110465910026862/a10-5872_110q.htm"
    },
    {
        "date": "2009-12-31",
        "symbol": "PENN",
        "reportedCurrency": "USD",
        "cik": "0000921738",
        "fillingDate": "2010-02-26",
        "acceptedDate": "2010-02-26 12:00:18",
        "calendarYear": "2009",
        "period": "Q4",
        "revenue": 555806000,
        "costOfRevenue": 1427861000,
        "grossProfit": -872055000,
        "grossProfitRatio": -1.5689916985,
        "researchAndDevelopmentExpenses": 0,
        "generalAndAdministrativeExpenses": 0,
        "sellingAndMarketingExpenses": 0,
        "sellingGeneralAndAdministrativeExpenses": -986090000,
        "otherExpenses": 53009000,
        "operatingExpenses": -933081000,
        "costAndExpenses": 494780000,
        "interestIncome": 872000,
        "interestExpense": 37110000,
        "depreciationAndAmortization": 53009000,
        "ebitda": -410086000,
        "ebitdaratio": -0.7378221898,
        "operatingIncome": 61026000,
        "operatingIncomeRatio": 0.1097973034,
        "totalOtherIncomeExpensesNet": -233722000,
        "incomeBeforeTax": -498666000,
        "incomeBeforeTaxRatio": -0.8971943448,
        "incomeTaxExpense": -140761000,
        "netIncome": -355440000,
        "netIncomeRatio": -0.6395037117,
        "eps": -4.54,
        "epsdiluted": -4.52,
        "weightedAverageShsOut": 78356000,
        "weightedAverageShsOutDil": 78563000,
        "link": "https://www.sec.gov/Archives/edgar/data/921738/000104746910001487/0001047469-10-001487-index.htm",
        "finalLink": "https://www.sec.gov/Archives/edgar/data/921738/000104746910001487/a2196661z10-k.htm"
    },
    {
        "date": "2009-09-30",
        "symbol": "PENN",
        "reportedCurrency": "USD",
        "cik": "0000921738",
        "fillingDate": "2009-11-09",
        "acceptedDate": "2009-11-09 13:24:57",
        "calendarYear": "2009",
        "period": "Q3",
        "revenue": 620426000,
        "costOfRevenue": 1025407000,
        "grossProfit": -404981000,
        "grossProfitRatio": -0.6527466612,
        "researchAndDevelopmentExpenses": 0,
        "generalAndAdministrativeExpenses": 110116000,
        "sellingAndMarketingExpenses": 211000,
        "sellingGeneralAndAdministrativeExpenses": 110327000,
        "otherExpenses": 50055000,
        "operatingExpenses": 160382000,
        "costAndExpenses": 1185789000,
        "interestIncome": 956000,
        "interestExpense": 36785000,
        "depreciationAndAmortization": 50055000,
        "ebitda": 138499000,
        "ebitdaratio": 0.2232321018,
        "operatingIncome": 87404000,
        "operatingIncomeRatio": 0.1408773971,
        "totalOtherIncomeExpensesNet": -42144000,
        "incomeBeforeTax": 45380000,
        "incomeBeforeTaxRatio": 0.0731432919,
        "incomeTaxExpense": 24029000,
        "netIncome": 21351000,
        "netIncomeRatio": 0.0344134514,
        "eps": 0.22,
        "epsdiluted": 0.2,
        "weightedAverageShsOut": 78255000,
        "weightedAverageShsOutDil": 107219000,
        "link": "https://www.sec.gov/Archives/edgar/data/921738/000110465909063594/0001104659-09-063594-index.htm",
        "finalLink": "https://www.sec.gov/Archives/edgar/data/921738/000110465909063594/a09-30915_110q.htm"
    },
    {
        "date": "2009-06-30",
        "symbol": "PENN",
        "reportedCurrency": "USD",
        "cik": "0000921738",
        "fillingDate": "2009-08-07",
        "acceptedDate": "2009-08-07 12:11:52",
        "calendarYear": "2009",
        "period": "Q2",
        "revenue": 580817000,
        "costOfRevenue": 964786000,
        "grossProfit": -383969000,
        "grossProfitRatio": -0.6610843002,
        "researchAndDevelopmentExpenses": 0,
        "generalAndAdministrativeExpenses": 93001000,
        "sellingAndMarketingExpenses": 331000,
        "sellingGeneralAndAdministrativeExpenses": 93332000,
        "otherExpenses": 46942000,
        "operatingExpenses": 140274000,
        "costAndExpenses": 1105060000,
        "interestIncome": 1603000,
        "interestExpense": 29851000,
        "depreciationAndAmortization": 46942000,
        "ebitda": 127721000,
        "ebitdaratio": 0.2198988666,
        "operatingIncome": 76705000,
        "operatingIncomeRatio": 0.132063972,
        "totalOtherIncomeExpensesNet": -25777000,
        "incomeBeforeTax": 50928000,
        "incomeBeforeTaxRatio": 0.0876833839,
        "incomeTaxExpense": 22448000,
        "netIncome": 28480000,
        "netIncomeRatio": 0.0490343774,
        "eps": 0.29,
        "epsdiluted": 0.27,
        "weightedAverageShsOut": 77996000,
        "weightedAverageShsOutDil": 107045000,
        "link": "https://www.sec.gov/Archives/edgar/data/921738/000110465909048104/0001104659-09-048104-index.htm",
        "finalLink": "https://www.sec.gov/Archives/edgar/data/921738/000110465909048104/a09-18558_110q.htm"
    },
    {
        "date": "2009-03-31",
        "symbol": "PENN",
        "reportedCurrency": "USD",
        "cik": "0000921738",
        "fillingDate": "2009-05-11",
        "acceptedDate": "2009-05-11 16:05:46",
        "calendarYear": "2009",
        "period": "Q1",
        "revenue": 612226000,
        "costOfRevenue": 362091000,
        "grossProfit": 250135000,
        "grossProfitRatio": 0.4085664444,
        "researchAndDevelopmentExpenses": 0,
        "generalAndAdministrativeExpenses": 99470000,
        "sellingAndMarketingExpenses": 5400000,
        "sellingGeneralAndAdministrativeExpenses": 104870000,
        "otherExpenses": 44430000,
        "operatingExpenses": 149300000,
        "costAndExpenses": 511391000,
        "interestIncome": 3091000,
        "interestExpense": 31238000,
        "depreciationAndAmortization": 44430000,
        "ebitda": 150145000,
        "ebitdaratio": 0.2452444032,
        "operatingIncome": 100835000,
        "operatingIncomeRatio": 0.1647022505,
        "totalOtherIncomeExpensesNet": -26358000,
        "incomeBeforeTax": 74477000,
        "incomeBeforeTaxRatio": 0.1216495216,
        "incomeTaxExpense": 33816000,
        "netIncome": 40661000,
        "netIncomeRatio": 0.0664150167,
        "eps": 0.42,
        "epsdiluted": 0.38,
        "weightedAverageShsOut": 77813000,
        "weightedAverageShsOutDil": 106534000,
        "link": "https://www.sec.gov/Archives/edgar/data/921738/000110465909031498/0001104659-09-031498-index.htm",
        "finalLink": "https://www.sec.gov/Archives/edgar/data/921738/000110465909031498/a09-11159_110q.htm"
    },
    {
        "date": "2008-12-31",
        "symbol": "PENN",
        "reportedCurrency": "USD",
        "cik": "0000921738",
        "fillingDate": "2009-03-02",
        "acceptedDate": "2009-03-02 14:56:54",
        "calendarYear": "2008",
        "period": "Q4",
        "revenue": 571086000,
        "costOfRevenue": 339372000,
        "grossProfit": 231714000,
        "grossProfitRatio": 0.4057427428,
        "researchAndDevelopmentExpenses": 0,
        "generalAndAdministrativeExpenses": 0,
        "sellingAndMarketingExpenses": 0,
        "sellingGeneralAndAdministrativeExpenses": 121002000,
        "otherExpenses": -151124000,
        "operatingExpenses": -30122000,
        "costAndExpenses": 309250000,
        "interestIncome": 0,
        "interestExpense": 0,
        "depreciationAndAmortization": 46609000,
        "ebitda": 35795000,
        "ebitdaratio": 0.062678826,
        "operatingIncome": 261836000,
        "operatingIncomeRatio": 0.4584878635,
        "totalOtherIncomeExpensesNet": -706214000,
        "incomeBeforeTax": -444378000,
        "incomeBeforeTaxRatio": -0.7781279877,
        "incomeTaxExpense": -65805000,
        "netIncome": -378573000,
        "netIncomeRatio": -0.6629001586,
        "eps": -4.87,
        "epsdiluted": -4.87,
        "weightedAverageShsOut": 77813000,
        "weightedAverageShsOutDil": 77813000,
        "link": "https://www.sec.gov/Archives/edgar/data/921738/000104746909002104/0001047469-09-002104-index.htm",
        "finalLink": "https://www.sec.gov/Archives/edgar/data/921738/000104746909002104/a2190897z10-k.htm"
    },
    {
        "date": "2008-09-30",
        "symbol": "PENN",
        "reportedCurrency": "USD",
        "cik": "0000921738",
        "fillingDate": "2008-11-10",
        "acceptedDate": "2008-11-10 15:36:27",
        "calendarYear": "2008",
        "period": "Q3",
        "revenue": 617887000,
        "costOfRevenue": 367137000,
        "grossProfit": 250750000,
        "grossProfitRatio": 0.4058185396,
        "researchAndDevelopmentExpenses": 0,
        "generalAndAdministrativeExpenses": 110149000,
        "sellingAndMarketingExpenses": 0,
        "sellingGeneralAndAdministrativeExpenses": 110149000,
        "otherExpenses": 239695000,
        "operatingExpenses": 349844000,
        "costAndExpenses": 716981000,
        "interestIncome": 720000,
        "interestExpense": 37880000,
        "depreciationAndAmortization": 47350000,
        "ebitda": 261529000,
        "ebitdaratio": 0.423263477,
        "operatingIncome": -99094000,
        "operatingIncomeRatio": -0.1603756027,
        "totalOtherIncomeExpensesNet": 158808000,
        "incomeBeforeTax": 255185000,
        "incomeBeforeTaxRatio": 0.4129962275,
        "incomeTaxExpense": 107694000,
        "netIncome": 147491000,
        "netIncomeRatio": 0.2387022223,
        "eps": 1.72,
        "epsdiluted": 1.69,
        "weightedAverageShsOut": 85785000,
        "weightedAverageShsOutDil": 87230000,
        "link": "https://www.sec.gov/Archives/edgar/data/921738/000110465908069682/0001104659-08-069682-index.htm",
        "finalLink": "https://www.sec.gov/Archives/edgar/data/921738/000110465908069682/a08-25464_110q.htm"
    },
    {
        "date": "2008-06-30",
        "symbol": "PENN",
        "reportedCurrency": "USD",
        "cik": "0000921738",
        "fillingDate": "2008-08-11",
        "acceptedDate": "2008-08-11 14:46:01",
        "calendarYear": "2008",
        "period": "Q2",
        "revenue": 620586000,
        "costOfRevenue": 363710000,
        "grossProfit": 256876000,
        "grossProfitRatio": 0.4139249032,
        "researchAndDevelopmentExpenses": 0,
        "generalAndAdministrativeExpenses": 98103000,
        "sellingAndMarketingExpenses": 0,
        "sellingGeneralAndAdministrativeExpenses": 98103000,
        "otherExpenses": 45182000,
        "operatingExpenses": 143285000,
        "costAndExpenses": 506995000,
        "interestIncome": 0,
        "interestExpense": 0,
        "depreciationAndAmortization": 48348000,
        "ebitda": 161939000,
        "ebitdaratio": 0.2609453001,
        "operatingIncome": 113591000,
        "operatingIncomeRatio": 0.1830382896,
        "totalOtherIncomeExpensesNet": -44709000,
        "incomeBeforeTax": 68882000,
        "incomeBeforeTaxRatio": 0.1109950917,
        "incomeTaxExpense": 31859000,
        "netIncome": 37023000,
        "netIncomeRatio": 0.0596581296,
        "eps": 0.43,
        "epsdiluted": 0.42,
        "weightedAverageShsOut": 86560000,
        "weightedAverageShsOutDil": 88619000,
        "link": "https://www.sec.gov/Archives/edgar/data/921738/000110465908051803/0001104659-08-051803-index.htm",
        "finalLink": "https://www.sec.gov/Archives/edgar/data/921738/000110465908051803/a08-18773_110q.htm"
    },
    {
        "date": "2008-03-31",
        "symbol": "PENN",
        "reportedCurrency": "USD",
        "cik": "0000921738",
        "fillingDate": "2008-05-12",
        "acceptedDate": "2008-05-12 17:06:27",
        "calendarYear": "2008",
        "period": "Q1",
        "revenue": 613494000,
        "costOfRevenue": 357251000,
        "grossProfit": 256243000,
        "grossProfitRatio": 0.4176780865,
        "researchAndDevelopmentExpenses": 0,
        "generalAndAdministrativeExpenses": 0,
        "sellingAndMarketingExpenses": 0,
        "sellingGeneralAndAdministrativeExpenses": 97892000,
        "otherExpenses": 39792000,
        "operatingExpenses": 137684000,
        "costAndExpenses": 494935000,
        "interestIncome": 0,
        "interestExpense": 0,
        "depreciationAndAmortization": 42951000,
        "ebitda": 161510000,
        "ebitdaratio": 0.2632625584,
        "operatingIncome": 118559000,
        "operatingIncomeRatio": 0.1932520937,
        "totalOtherIncomeExpensesNet": -45833000,
        "incomeBeforeTax": 72726000,
        "incomeBeforeTaxRatio": 0.1185439466,
        "incomeTaxExpense": 31990000,
        "netIncome": 40736000,
        "netIncomeRatio": 0.0663999974,
        "eps": 0.47,
        "epsdiluted": 0.46,
        "weightedAverageShsOut": 86672340,
        "weightedAverageShsOutDil": 88556522,
        "link": "https://www.sec.gov/Archives/edgar/data/921738/000110465908032489/0001104659-08-032489-index.htm",
        "finalLink": "https://www.sec.gov/Archives/edgar/data/921738/000110465908032489/a08-11397_110q.htm"
    },
    {
        "date": "2007-12-31",
        "symbol": "PENN",
        "reportedCurrency": "USD",
        "cik": "0000921738",
        "fillingDate": "2008-02-29",
        "acceptedDate": "2008-02-29 14:38:15",
        "calendarYear": "2007",
        "period": "Q4",
        "revenue": 585841000,
        "costOfRevenue": 340413000,
        "grossProfit": 245428000,
        "grossProfitRatio": 0.4189327821,
        "researchAndDevelopmentExpenses": 0,
        "generalAndAdministrativeExpenses": 0,
        "sellingAndMarketingExpenses": 0,
        "sellingGeneralAndAdministrativeExpenses": 97004000,
        "otherExpenses": 37694000,
        "operatingExpenses": 134698000,
        "costAndExpenses": 475111000,
        "interestIncome": 0,
        "interestExpense": 0,
        "depreciationAndAmortization": 40928000,
        "ebitda": 151658000,
        "ebitdaratio": 0.2588722879,
        "operatingIncome": 110730000,
        "operatingIncomeRatio": 0.1890103287,
        "totalOtherIncomeExpensesNet": -50804000,
        "incomeBeforeTax": 59926000,
        "incomeBeforeTaxRatio": 0.1022905532,
        "incomeTaxExpense": 27703000,
        "netIncome": 32223000,
        "netIncomeRatio": 0.0550029786,
        "eps": 0.37,
        "epsdiluted": 0.37,
        "weightedAverageShsOut": 86672340,
        "weightedAverageShsOutDil": 86672340,
        "link": "https://www.sec.gov/Archives/edgar/data/921738/000104746908002032/0001047469-08-002032-index.htm",
        "finalLink": "https://www.sec.gov/Archives/edgar/data/921738/000104746908002032/a2182949z10-k.htm"
    },
    {
        "date": "2007-09-30",
        "symbol": "PENN",
        "reportedCurrency": "USD",
        "cik": "0000921738",
        "fillingDate": "2007-11-08",
        "acceptedDate": "2007-11-08 16:58:11",
        "calendarYear": "2007",
        "period": "Q3",
        "revenue": 629450000,
        "costOfRevenue": 359395000,
        "grossProfit": 270055000,
        "grossProfitRatio": 0.429033283,
        "researchAndDevelopmentExpenses": 0,
        "generalAndAdministrativeExpenses": 98935000,
        "sellingAndMarketingExpenses": 0,
        "sellingGeneralAndAdministrativeExpenses": 98935000,
        "otherExpenses": 37241000,
        "operatingExpenses": 136176000,
        "costAndExpenses": 495571000,
        "interestIncome": 0,
        "interestExpense": 0,
        "depreciationAndAmortization": 40507000,
        "ebitda": 174386000,
        "ebitdaratio": 0.2770450393,
        "operatingIncome": 133879000,
        "operatingIncomeRatio": 0.2126920327,
        "totalOtherIncomeExpensesNet": -51942000,
        "incomeBeforeTax": 81937000,
        "incomeBeforeTaxRatio": 0.1301723727,
        "incomeTaxExpense": 35347000,
        "netIncome": 46590000,
        "netIncomeRatio": 0.074016999,
        "eps": 0.54,
        "epsdiluted": 0.52,
        "weightedAverageShsOut": 86277778,
        "weightedAverageShsOutDil": 89596154,
        "link": "https://www.sec.gov/Archives/edgar/data/921738/000110465907081260/0001104659-07-081260-index.htm",
        "finalLink": "https://www.sec.gov/Archives/edgar/data/921738/000110465907081260/a07-25655_110q.htm"
    },
    {
        "date": "2007-06-30",
        "symbol": "PENN",
        "reportedCurrency": "USD",
        "cik": "0000921738",
        "fillingDate": "2007-08-09",
        "acceptedDate": "2007-08-09 08:02:01",
        "calendarYear": "2007",
        "period": "Q2",
        "revenue": 625244000,
        "costOfRevenue": 360209000,
        "grossProfit": 265035000,
        "grossProfitRatio": 0.4238905131,
        "researchAndDevelopmentExpenses": 0,
        "generalAndAdministrativeExpenses": 98993000,
        "sellingAndMarketingExpenses": 0,
        "sellingGeneralAndAdministrativeExpenses": 98993000,
        "otherExpenses": 37622000,
        "operatingExpenses": 136615000,
        "costAndExpenses": 496824000,
        "interestIncome": 0,
        "interestExpense": 0,
        "depreciationAndAmortization": 40882000,
        "ebitda": 169302000,
        "ebitdaratio": 0.2707774885,
        "operatingIncome": 128420000,
        "operatingIncomeRatio": 0.205391815,
        "totalOtherIncomeExpensesNet": -55164000,
        "incomeBeforeTax": 73256000,
        "incomeBeforeTaxRatio": 0.1171638592,
        "incomeTaxExpense": 34957000,
        "netIncome": 38299000,
        "netIncomeRatio": 0.0612544862,
        "eps": 0.45,
        "epsdiluted": 0.43,
        "weightedAverageShsOut": 85108889,
        "weightedAverageShsOutDil": 89067442,
        "link": "https://www.sec.gov/Archives/edgar/data/921738/000110465907060508/0001104659-07-060508-index.htm",
        "finalLink": "https://www.sec.gov/Archives/edgar/data/921738/000110465907060508/a07-18969_110q.htm"
    },
    {
        "date": "2007-03-31",
        "symbol": "PENN",
        "reportedCurrency": "USD",
        "cik": "0000921738",
        "fillingDate": "2007-05-10",
        "acceptedDate": "2007-05-10 12:07:17",
        "calendarYear": "2007",
        "period": "Q1",
        "revenue": 596258000,
        "costOfRevenue": 342621000,
        "grossProfit": 253637000,
        "grossProfitRatio": 0.4253812947,
        "researchAndDevelopmentExpenses": 0,
        "generalAndAdministrativeExpenses": 0,
        "sellingAndMarketingExpenses": 0,
        "sellingGeneralAndAdministrativeExpenses": 93499000,
        "otherExpenses": 35358000,
        "operatingExpenses": 128857000,
        "costAndExpenses": 471478000,
        "interestIncome": 0,
        "interestExpense": 0,
        "depreciationAndAmortization": 38609000,
        "ebitda": 163389000,
        "ebitdaratio": 0.2740239963,
        "operatingIncome": 124780000,
        "operatingIncomeRatio": 0.2092718253,
        "totalOtherIncomeExpensesNet": -47659000,
        "incomeBeforeTax": 77121000,
        "incomeBeforeTaxRatio": 0.1293416608,
        "incomeTaxExpense": 34180000,
        "netIncome": 42941000,
        "netIncomeRatio": 0.0720174824,
        "eps": 0.51,
        "epsdiluted": 0.49,
        "weightedAverageShsOut": 84198039,
        "weightedAverageShsOutDil": 87634694,
        "link": "https://www.sec.gov/Archives/edgar/data/921738/000110465907038025/0001104659-07-038025-index.htm",
        "finalLink": "https://www.sec.gov/Archives/edgar/data/921738/000110465907038025/a07-10944_110q.htm"
    },
    {
        "date": "2006-12-31",
        "symbol": "PENN",
        "reportedCurrency": "USD",
        "cik": "0000921738",
        "fillingDate": "2007-03-01",
        "acceptedDate": "2007-03-01 13:41:09",
        "calendarYear": "2006",
        "period": "Q4",
        "revenue": 601721000,
        "costOfRevenue": 337114000,
        "grossProfit": 264607000,
        "grossProfitRatio": 0.4397503162,
        "researchAndDevelopmentExpenses": 0,
        "generalAndAdministrativeExpenses": 95121000,
        "sellingAndMarketingExpenses": 28860000,
        "sellingGeneralAndAdministrativeExpenses": 123981000,
        "otherExpenses": -58422000,
        "operatingExpenses": 65559000,
        "costAndExpenses": 402673000,
        "interestIncome": 0,
        "interestExpense": 0,
        "depreciationAndAmortization": 38119000,
        "ebitda": 237167000,
        "ebitdaratio": 0.3941477861,
        "operatingIncome": 199048000,
        "operatingIncomeRatio": 0.3307978282,
        "totalOtherIncomeExpensesNet": -53415000,
        "incomeBeforeTax": 145633000,
        "incomeBeforeTaxRatio": 0.2420274513,
        "incomeTaxExpense": 57630000,
        "netIncome": 87350000,
        "netIncomeRatio": 0.1451669461,
        "eps": 1.04,
        "epsdiluted": 1.04,
        "weightedAverageShsOut": 84198039,
        "weightedAverageShsOutDil": 84198039,
        "link": "https://www.sec.gov/Archives/edgar/data/921738/000110465907015382/0001104659-07-015382-index.htm",
        "finalLink": "https://www.sec.gov/Archives/edgar/data/921738/000110465907015382/a07-5320_110k.htm"
    },
    {
        "date": "2006-09-30",
        "symbol": "PENN",
        "reportedCurrency": "USD",
        "cik": "0000921738",
        "fillingDate": "2006-11-09",
        "acceptedDate": "2006-11-09 14:14:41",
        "calendarYear": "2006",
        "period": "Q3",
        "revenue": 613993000,
        "costOfRevenue": 340876000,
        "grossProfit": 273117000,
        "grossProfitRatio": 0.4448210322,
        "researchAndDevelopmentExpenses": 0,
        "generalAndAdministrativeExpenses": 85984000,
        "sellingAndMarketingExpenses": 27882000,
        "sellingGeneralAndAdministrativeExpenses": 113866000,
        "otherExpenses": 31196000,
        "operatingExpenses": 145062000,
        "costAndExpenses": 485938000,
        "interestIncome": 0,
        "interestExpense": 0,
        "depreciationAndAmortization": 34007000,
        "ebitda": 162062000,
        "ebitdaratio": 0.2639476346,
        "operatingIncome": 128055000,
        "operatingIncomeRatio": 0.2085610097,
        "totalOtherIncomeExpensesNet": -51108000,
        "incomeBeforeTax": 76947000,
        "incomeBeforeTaxRatio": 0.1253222757,
        "incomeTaxExpense": 36548000,
        "netIncome": 155060000,
        "netIncomeRatio": 0.2525435958,
        "eps": 1.84,
        "epsdiluted": 1.79,
        "weightedAverageShsOut": 84271739,
        "weightedAverageShsOutDil": 86625698,
        "link": "https://www.sec.gov/Archives/edgar/data/921738/000110465906073442/0001104659-06-073442-index.htm",
        "finalLink": "https://www.sec.gov/Archives/edgar/data/921738/000110465906073442/a06-21815_110q.htm"
    },
    {
        "date": "2006-06-30",
        "symbol": "PENN",
        "reportedCurrency": "USD",
        "cik": "0000921738",
        "fillingDate": "2006-08-09",
        "acceptedDate": "2006-08-09 14:30:29",
        "calendarYear": "2006",
        "period": "Q2",
        "revenue": 561777000,
        "costOfRevenue": 314608000,
        "grossProfit": 247169000,
        "grossProfitRatio": 0.4399770728,
        "researchAndDevelopmentExpenses": 0,
        "generalAndAdministrativeExpenses": 73600000,
        "sellingAndMarketingExpenses": 24004000,
        "sellingGeneralAndAdministrativeExpenses": 97604000,
        "otherExpenses": 27728000,
        "operatingExpenses": 125332000,
        "costAndExpenses": 439940000,
        "interestIncome": 0,
        "interestExpense": 0,
        "depreciationAndAmortization": 30540000,
        "ebitda": 152377000,
        "ebitdaratio": 0.2712410796,
        "operatingIncome": 121837000,
        "operatingIncomeRatio": 0.2168778715,
        "totalOtherIncomeExpensesNet": -46141000,
        "incomeBeforeTax": 75696000,
        "incomeBeforeTaxRatio": 0.1347438574,
        "incomeTaxExpense": 33001000,
        "netIncome": 42695000,
        "netIncomeRatio": 0.0759999074,
        "eps": 0.51,
        "epsdiluted": 0.49,
        "weightedAverageShsOut": 83715686,
        "weightedAverageShsOutDil": 87132653,
        "link": "https://www.sec.gov/Archives/edgar/data/921738/000110465906053015/0001104659-06-053015-index.htm",
        "finalLink": "https://www.sec.gov/Archives/edgar/data/921738/000110465906053015/a06-15489_110q.htm"
    },
    {
        "date": "2006-03-31",
        "symbol": "PENN",
        "reportedCurrency": "USD",
        "cik": "0000921738",
        "fillingDate": "2006-05-10",
        "acceptedDate": "2006-05-10 16:08:47",
        "calendarYear": "2006",
        "period": "Q1",
        "revenue": 569243000,
        "costOfRevenue": 335613000,
        "grossProfit": 233630000,
        "grossProfitRatio": 0.4104222625,
        "researchAndDevelopmentExpenses": 0,
        "generalAndAdministrativeExpenses": 75011000,
        "sellingAndMarketingExpenses": 0,
        "sellingGeneralAndAdministrativeExpenses": 75011000,
        "otherExpenses": 29718000,
        "operatingExpenses": 104729000,
        "costAndExpenses": 440342000,
        "interestIncome": 0,
        "interestExpense": 0,
        "depreciationAndAmortization": 32646000,
        "ebitda": 161547000,
        "ebitdaratio": 0.2837926861,
        "operatingIncome": 128901000,
        "operatingIncomeRatio": 0.2264428372,
        "totalOtherIncomeExpensesNet": -57245000,
        "incomeBeforeTax": 71656000,
        "incomeBeforeTaxRatio": 0.1258794575,
        "incomeTaxExpense": 29673000,
        "netIncome": 41983000,
        "netIncomeRatio": 0.0737523342,
        "eps": 0.5,
        "epsdiluted": 0.49,
        "weightedAverageShsOut": 83966000,
        "weightedAverageShsOutDil": 85679592,
        "link": "https://www.sec.gov/Archives/edgar/data/921738/000110465906033288/0001104659-06-033288-index.htm",
        "finalLink": "https://www.sec.gov/Archives/edgar/data/921738/000110465906033288/a06-9609_110q.htm"
    },
    {
        "date": "2005-12-31",
        "symbol": "PENN",
        "reportedCurrency": "USD",
        "cik": "0000921738",
        "fillingDate": "2006-03-15",
        "acceptedDate": "2006-03-15 16:58:38",
        "calendarYear": "2005",
        "period": "Q4",
        "revenue": 524366000,
        "costOfRevenue": 324479000,
        "grossProfit": 199887000,
        "grossProfitRatio": 0.3811974842,
        "researchAndDevelopmentExpenses": 0,
        "generalAndAdministrativeExpenses": 0,
        "sellingAndMarketingExpenses": 0,
        "sellingGeneralAndAdministrativeExpenses": 60445000,
        "otherExpenses": 28128000,
        "operatingExpenses": 88573000,
        "costAndExpenses": 413052000,
        "interestIncome": 0,
        "interestExpense": 0,
        "depreciationAndAmortization": 29196000,
        "ebitda": 140510000,
        "ebitdaratio": 0.2679616909,
        "operatingIncome": 111314000,
        "operatingIncomeRatio": 0.2122830237,
        "totalOtherIncomeExpensesNet": -48287000,
        "incomeBeforeTax": 63027000,
        "incomeBeforeTaxRatio": 0.1201965803,
        "incomeTaxExpense": 26800000,
        "netIncome": 37604000,
        "netIncomeRatio": 0.071713269,
        "eps": 0.45,
        "epsdiluted": 0.45,
        "weightedAverageShsOut": 83812098,
        "weightedAverageShsOutDil": 83966000,
        "link": "https://www.sec.gov/Archives/edgar/data/921738/000104746906003479/0001047469-06-003479-index.htm",
        "finalLink": "https://www.sec.gov/Archives/edgar/data/921738/000104746906003479/a2168383z10-k.htm"
    },
    {
        "date": "2005-09-30",
        "symbol": "PENN",
        "reportedCurrency": "USD",
        "cik": "0000921738",
        "fillingDate": "2005-11-09",
        "acceptedDate": "2005-11-09 17:04:32",
        "calendarYear": "2005",
        "period": "Q3",
        "revenue": 294627000,
        "costOfRevenue": 179001000,
        "grossProfit": 115626000,
        "grossProfitRatio": 0.3924487572,
        "researchAndDevelopmentExpenses": 0,
        "generalAndAdministrativeExpenses": 39248000,
        "sellingAndMarketingExpenses": 0,
        "sellingGeneralAndAdministrativeExpenses": 39248000,
        "otherExpenses": 34084000,
        "operatingExpenses": 73332000,
        "costAndExpenses": 252333000,
        "interestIncome": 0,
        "interestExpense": 0,
        "depreciationAndAmortization": 15968000,
        "ebitda": 57904000,
        "ebitdaratio": 0.1965332437,
        "operatingIncome": 42294000,
        "operatingIncomeRatio": 0.1435509984,
        "totalOtherIncomeExpensesNet": -11104000,
        "incomeBeforeTax": 31190000,
        "incomeBeforeTaxRatio": 0.105862667,
        "incomeTaxExpense": 11386000,
        "netIncome": 55401000,
        "netIncomeRatio": 0.1880377562,
        "eps": 0.67,
        "epsdiluted": 0.64,
        "weightedAverageShsOut": 82688060,
        "weightedAverageShsOutDil": 86564062,
        "link": "https://www.sec.gov/Archives/edgar/data/921738/000110465905054135/0001104659-05-054135-index.htm",
        "finalLink": "https://www.sec.gov/Archives/edgar/data/921738/000110465905054135/a05-18360_110q.htm"
    },
    {
        "date": "2005-06-30",
        "symbol": "PENN",
        "reportedCurrency": "USD",
        "cik": "0000921738",
        "fillingDate": "2005-08-09",
        "acceptedDate": "2005-08-09 16:05:57",
        "calendarYear": "2005",
        "period": "Q2",
        "revenue": 304169000,
        "costOfRevenue": 180381000,
        "grossProfit": 123788000,
        "grossProfitRatio": 0.4069711246,
        "researchAndDevelopmentExpenses": 0,
        "generalAndAdministrativeExpenses": 46001000,
        "sellingAndMarketingExpenses": 0,
        "sellingGeneralAndAdministrativeExpenses": 46001000,
        "otherExpenses": 44144000,
        "operatingExpenses": 90145000,
        "costAndExpenses": 270526000,
        "interestIncome": 0,
        "interestExpense": 0,
        "depreciationAndAmortization": 16503000,
        "ebitda": 50265000,
        "ebitdaratio": 0.1652535268,
        "operatingIncome": 33643000,
        "operatingIncomeRatio": 0.1106062748,
        "totalOtherIncomeExpensesNet": -11695000,
        "incomeBeforeTax": 21948000,
        "incomeBeforeTaxRatio": 0.0721572547,
        "incomeTaxExpense": 7055000,
        "netIncome": 12119000,
        "netIncomeRatio": 0.039842982,
        "eps": 0.15,
        "epsdiluted": 0.14,
        "weightedAverageShsOut": 80793333,
        "weightedAverageShsOutDil": 86564286,
        "link": "https://www.sec.gov/Archives/edgar/data/921738/000110465905037880/0001104659-05-037880-index.htm",
        "finalLink": "https://www.sec.gov/Archives/edgar/data/921738/000110465905037880/a05-13104_110q.htm"
    },
    {
        "date": "2005-03-31",
        "symbol": "PENN",
        "reportedCurrency": "USD",
        "cik": "0000921738",
        "fillingDate": "2005-05-10",
        "acceptedDate": "2005-05-10 16:42:27",
        "calendarYear": "2005",
        "period": "Q1",
        "revenue": 289306000,
        "costOfRevenue": 171299000,
        "grossProfit": 118007000,
        "grossProfitRatio": 0.407896829,
        "researchAndDevelopmentExpenses": 0,
        "generalAndAdministrativeExpenses": 46213000,
        "sellingAndMarketingExpenses": 0,
        "sellingGeneralAndAdministrativeExpenses": 46213000,
        "otherExpenses": 15495000,
        "operatingExpenses": 61708000,
        "costAndExpenses": 233007000,
        "interestIncome": 0,
        "interestExpense": 0,
        "depreciationAndAmortization": 16557000,
        "ebitda": 72737000,
        "ebitdaratio": 0.2514189128,
        "operatingIncome": 56299000,
        "operatingIncomeRatio": 0.1946001811,
        "totalOtherIncomeExpensesNet": -30693000,
        "incomeBeforeTax": 25606000,
        "incomeBeforeTaxRatio": 0.0885083614,
        "incomeTaxExpense": 9352000,
        "netIncome": 15802000,
        "netIncomeRatio": 0.0546203674,
        "eps": 0.19,
        "epsdiluted": 0.19,
        "weightedAverageShsOut": 83168421,
        "weightedAverageShsOutDil": 83168421,
        "link": "https://www.sec.gov/Archives/edgar/data/921738/000110465905022241/0001104659-05-022241-index.htm",
        "finalLink": "https://www.sec.gov/Archives/edgar/data/921738/000110465905022241/a05-8940_110q.htm"
    },
    {
        "date": "2004-12-31",
        "symbol": "PENN",
        "reportedCurrency": "USD",
        "cik": "0000921738",
        "fillingDate": "2005-03-30",
        "acceptedDate": "2005-03-30 17:11:39",
        "calendarYear": "2004",
        "period": "Q4",
        "revenue": 276688000,
        "costOfRevenue": 166439000,
        "grossProfit": 110249000,
        "grossProfitRatio": 0.3984596368,
        "researchAndDevelopmentExpenses": 0,
        "generalAndAdministrativeExpenses": 0,
        "sellingAndMarketingExpenses": 0,
        "sellingGeneralAndAdministrativeExpenses": 43980000,
        "otherExpenses": 16372000,
        "operatingExpenses": 60352000,
        "costAndExpenses": 226791000,
        "interestIncome": 0,
        "interestExpense": 0,
        "depreciationAndAmortization": 17784000,
        "ebitda": 67681000,
        "ebitdaratio": 0.2446112589,
        "operatingIncome": 49897000,
        "operatingIncomeRatio": 0.1803366969,
        "totalOtherIncomeExpensesNet": -20363000,
        "incomeBeforeTax": 29534000,
        "incomeBeforeTaxRatio": 0.1067411669,
        "incomeTaxExpense": 10738000,
        "netIncome": 16858000,
        "netIncomeRatio": 0.0609278321,
        "eps": 0.21,
        "epsdiluted": 0.21,
        "weightedAverageShsOut": 80580404,
        "weightedAverageShsOutDil": 82198000,
        "link": "https://www.sec.gov/Archives/edgar/data/921738/000104746905008328/0001047469-05-008328-index.htm",
        "finalLink": "https://www.sec.gov/Archives/edgar/data/921738/000104746905008328/a2153647z10-k.htm"
    },
    {
        "date": "2004-09-30",
        "symbol": "PENN",
        "reportedCurrency": "USD",
        "cik": "0000921738",
        "fillingDate": "2004-11-08",
        "acceptedDate": "2004-11-08 17:26:28",
        "calendarYear": "2004",
        "period": "Q3",
        "revenue": 288731000,
        "costOfRevenue": 172981000,
        "grossProfit": 115750000,
        "grossProfitRatio": 0.4008921799,
        "researchAndDevelopmentExpenses": 0,
        "generalAndAdministrativeExpenses": 43808000,
        "sellingAndMarketingExpenses": 0,
        "sellingGeneralAndAdministrativeExpenses": 43808000,
        "otherExpenses": 16492000,
        "operatingExpenses": 60300000,
        "costAndExpenses": 233281000,
        "interestIncome": 0,
        "interestExpense": 0,
        "depreciationAndAmortization": 17092000,
        "ebitda": 73454000,
        "ebitdaratio": 0.2544028871,
        "operatingIncome": 55450000,
        "operatingIncomeRatio": 0.1920472689,
        "totalOtherIncomeExpensesNet": -18468000,
        "incomeBeforeTax": 36982000,
        "incomeBeforeTaxRatio": 0.1280846186,
        "incomeTaxExpense": 13410000,
        "netIncome": 17190000,
        "netIncomeRatio": 0.0595363851,
        "eps": 0.21,
        "epsdiluted": 0.2,
        "weightedAverageShsOut": 80875000,
        "weightedAverageShsOutDil": 83853000,
        "link": "https://www.sec.gov/Archives/edgar/data/921738/000110465904034362/0001104659-04-034362-index.htm",
        "finalLink": "https://www.sec.gov/Archives/edgar/data/921738/000110465904034362/a04-12765_210q.htm"
    },
    {
        "date": "2004-06-30",
        "symbol": "PENN",
        "reportedCurrency": "USD",
        "cik": "0000921738",
        "fillingDate": "2004-08-09",
        "acceptedDate": "2004-08-09 17:25:58",
        "calendarYear": "2004",
        "period": "Q2",
        "revenue": 301453000,
        "costOfRevenue": 181665000,
        "grossProfit": 119788000,
        "grossProfitRatio": 0.397368744,
        "researchAndDevelopmentExpenses": 0,
        "generalAndAdministrativeExpenses": 45084000,
        "sellingAndMarketingExpenses": 0,
        "sellingGeneralAndAdministrativeExpenses": 45084000,
        "otherExpenses": 16833000,
        "operatingExpenses": 61917000,
        "costAndExpenses": 243582000,
        "interestIncome": 0,
        "interestExpense": 0,
        "depreciationAndAmortization": 15769000,
        "ebitda": 74153000,
        "ebitdaratio": 0.245985278,
        "operatingIncome": 57871000,
        "operatingIncomeRatio": 0.1919735415,
        "totalOtherIncomeExpensesNet": -18637000,
        "incomeBeforeTax": 39234000,
        "incomeBeforeTaxRatio": 0.1301496419,
        "incomeTaxExpense": 14374000,
        "netIncome": 19657000,
        "netIncomeRatio": 0.0652075116,
        "eps": 0.25,
        "epsdiluted": 0.24,
        "weightedAverageShsOut": 79744000,
        "weightedAverageShsOutDil": 82485000,
        "link": "https://www.sec.gov/Archives/edgar/data/921738/000110465904023452/0001104659-04-023452-index.htm",
        "finalLink": "https://www.sec.gov/Archives/edgar/data/921738/000110465904023452/a04-8636_110q.htm"
    },
    {
        "date": "2004-03-31",
        "symbol": "PENN",
        "reportedCurrency": "USD",
        "cik": "0000921738",
        "fillingDate": "2004-05-10",
        "acceptedDate": "2004-05-10 16:29:16",
        "calendarYear": "2004",
        "period": "Q1",
        "revenue": 330771000,
        "costOfRevenue": 201795000,
        "grossProfit": 128976000,
        "grossProfitRatio": 0.3899253562,
        "researchAndDevelopmentExpenses": 0,
        "generalAndAdministrativeExpenses": 55416000,
        "sellingAndMarketingExpenses": 0,
        "sellingGeneralAndAdministrativeExpenses": 55416000,
        "otherExpenses": 19266000,
        "operatingExpenses": 74682000,
        "costAndExpenses": 276477000,
        "interestIncome": 0,
        "interestExpense": 0,
        "depreciationAndAmortization": 20665000,
        "ebitda": 69966000,
        "ebitdaratio": 0.2115239849,
        "operatingIncome": 54294000,
        "operatingIncomeRatio": 0.1641437732,
        "totalOtherIncomeExpensesNet": -18687000,
        "incomeBeforeTax": 28367000,
        "incomeBeforeTaxRatio": 0.085760239,
        "incomeTaxExpense": 10580000,
        "netIncome": 17787000,
        "netIncomeRatio": 0.0537743635,
        "eps": 0.22,
        "epsdiluted": 0.22,
        "weightedAverageShsOut": 79717000,
        "weightedAverageShsOutDil": 82224000,
        "link": "https://www.sec.gov/Archives/edgar/data/921738/000110465904013573/0001104659-04-013573-index.htm",
        "finalLink": "https://www.sec.gov/Archives/edgar/data/921738/000110465904013573/a04-5315_110q.htm"
    },
    {
        "date": "2003-12-31",
        "symbol": "PENN",
        "reportedCurrency": "USD",
        "cik": "0000921738",
        "fillingDate": "2004-03-15",
        "acceptedDate": "2004-03-12 17:37:20",
        "calendarYear": "2003",
        "period": "Q4",
        "revenue": 296947000,
        "costOfRevenue": 181772000,
        "grossProfit": 115175000,
        "grossProfitRatio": 0.3878638276,
        "researchAndDevelopmentExpenses": 0,
        "generalAndAdministrativeExpenses": 0,
        "sellingAndMarketingExpenses": 0,
        "sellingGeneralAndAdministrativeExpenses": 54424000,
        "otherExpenses": 18858000,
        "operatingExpenses": 73282000,
        "costAndExpenses": 255054000,
        "interestIncome": 0,
        "interestExpense": 42104000,
        "depreciationAndAmortization": 19636000,
        "ebitda": 61529000,
        "ebitdaratio": 0.2072053262,
        "operatingIncome": 41893000,
        "operatingIncomeRatio": 0.1410790478,
        "totalOtherIncomeExpensesNet": -27081000,
        "incomeBeforeTax": 14812000,
        "incomeBeforeTaxRatio": 0.0498809552,
        "incomeTaxExpense": 5630000,
        "netIncome": 9182000,
        "netIncomeRatio": 0.0309213429,
        "eps": 0.12,
        "epsdiluted": 0.12,
        "weightedAverageShsOut": 79718000,
        "weightedAverageShsOutDil": 79718000,
        "link": "https://www.sec.gov/Archives/edgar/data/921738/000104746904007768/0001047469-04-007768-index.htm",
        "finalLink": "https://www.sec.gov/Archives/edgar/data/921738/000104746904007768/a2129475z10-k.htm"
    },
    {
        "date": "2003-09-30",
        "symbol": "PENN",
        "reportedCurrency": "USD",
        "cik": "0000921738",
        "fillingDate": "2003-11-14",
        "acceptedDate": "2003-11-14 09:12:47",
        "calendarYear": "2003",
        "period": "Q3",
        "revenue": 316122000,
        "costOfRevenue": 193021000,
        "grossProfit": 123101000,
        "grossProfitRatio": 0.3894097848,
        "researchAndDevelopmentExpenses": 0,
        "generalAndAdministrativeExpenses": 54986000,
        "sellingAndMarketingExpenses": 0,
        "sellingGeneralAndAdministrativeExpenses": 54986000,
        "otherExpenses": 18480000,
        "operatingExpenses": 73466000,
        "costAndExpenses": 266487000,
        "interestIncome": 0,
        "interestExpense": 0,
        "depreciationAndAmortization": 20816000,
        "ebitda": 63993000,
        "ebitdaratio": 0.2024313398,
        "operatingIncome": 49635000,
        "operatingIncomeRatio": 0.1570121662,
        "totalOtherIncomeExpensesNet": -20332000,
        "incomeBeforeTax": 21991000,
        "incomeBeforeTaxRatio": 0.0695649148,
        "incomeTaxExpense": 8373000,
        "netIncome": 13618000,
        "netIncomeRatio": 0.0430783052,
        "eps": 0.18,
        "epsdiluted": 0.17,
        "weightedAverageShsOut": 78428000,
        "weightedAverageShsOutDil": 80776000,
        "link": "https://www.sec.gov/Archives/edgar/data/921738/000110465903026396/0001104659-03-026396-index.htm",
        "finalLink": "https://www.sec.gov/Archives/edgar/data/921738/000110465903026396/a03-5061_110q.htm"
    },
    {
        "date": "2003-06-30",
        "symbol": "PENN",
        "reportedCurrency": "USD",
        "cik": "0000921738",
        "fillingDate": "2003-08-14",
        "acceptedDate": "2003-08-13 17:33:19",
        "calendarYear": "2003",
        "period": "Q2",
        "revenue": 324968000,
        "costOfRevenue": 198961000,
        "grossProfit": 126007000,
        "grossProfitRatio": 0.3877520248,
        "researchAndDevelopmentExpenses": 0,
        "generalAndAdministrativeExpenses": 55844000,
        "sellingAndMarketingExpenses": 0,
        "sellingGeneralAndAdministrativeExpenses": 55844000,
        "otherExpenses": 17320000,
        "operatingExpenses": 73164000,
        "costAndExpenses": 272125000,
        "interestIncome": 0,
        "interestExpense": 0,
        "depreciationAndAmortization": 18890000,
        "ebitda": 71733000,
        "ebitdaratio": 0.2207386573,
        "operatingIncome": 52843000,
        "operatingIncomeRatio": 0.162609857,
        "totalOtherIncomeExpensesNet": -28025000,
        "incomeBeforeTax": 24818000,
        "incomeBeforeTaxRatio": 0.0763705965,
        "incomeTaxExpense": 9343000,
        "netIncome": 15475000,
        "netIncomeRatio": 0.0476200734,
        "eps": 0.2,
        "epsdiluted": 0.19,
        "weightedAverageShsOut": 78686000,
        "weightedAverageShsOutDil": 80956000,
        "link": "https://www.sec.gov/Archives/edgar/data/921738/000110465903018221/0001104659-03-018221-index.htm",
        "finalLink": "https://www.sec.gov/Archives/edgar/data/921738/000110465903018221/a03-1087_110q.htm"
    },
    {
        "date": "2003-03-31",
        "symbol": "PENN",
        "reportedCurrency": "USD",
        "cik": "0000921738",
        "fillingDate": "2003-05-13",
        "acceptedDate": "2003-05-13 14:14:34",
        "calendarYear": "2003",
        "period": "Q1",
        "revenue": 225210000,
        "costOfRevenue": 134814000,
        "grossProfit": 90396000,
        "grossProfitRatio": 0.4013853737,
        "researchAndDevelopmentExpenses": 0,
        "generalAndAdministrativeExpenses": 38764000,
        "sellingAndMarketingExpenses": 0,
        "sellingGeneralAndAdministrativeExpenses": 38764000,
        "otherExpenses": 12829000,
        "operatingExpenses": 51593000,
        "costAndExpenses": 186407000,
        "interestIncome": 0,
        "interestExpense": 0,
        "depreciationAndAmortization": 13909000,
        "ebitda": 52712000,
        "ebitdaratio": 0.2340571023,
        "operatingIncome": 38803000,
        "operatingIncomeRatio": 0.1722969673,
        "totalOtherIncomeExpensesNet": -17271000,
        "incomeBeforeTax": 21532000,
        "incomeBeforeTaxRatio": 0.0956085431,
        "incomeTaxExpense": 8345000,
        "netIncome": 13187000,
        "netIncomeRatio": 0.0585542383,
        "eps": 0.17,
        "epsdiluted": 0.17,
        "weightedAverageShsOut": 78438000,
        "weightedAverageShsOutDil": 80560000,
        "link": "https://www.sec.gov/Archives/edgar/data/921738/000110465903009384/0001104659-03-009384-index.htm",
        "finalLink": "https://www.sec.gov/Archives/edgar/data/921738/000110465903009384/j0630_10q.htm"
    },
    {
        "date": "2002-12-31",
        "symbol": "PENN",
        "reportedCurrency": "USD",
        "cik": "0000921738",
        "fillingDate": "2003-03-27",
        "acceptedDate": "2003-03-27 16:50:56",
        "calendarYear": "2002",
        "period": "Q4",
        "revenue": 163518000,
        "costOfRevenue": 101638000,
        "grossProfit": 61880000,
        "grossProfitRatio": 0.3784292861,
        "researchAndDevelopmentExpenses": 0,
        "generalAndAdministrativeExpenses": 29331000,
        "sellingAndMarketingExpenses": -5000,
        "sellingGeneralAndAdministrativeExpenses": 29326000,
        "otherExpenses": 10731000,
        "operatingExpenses": 40057000,
        "costAndExpenses": 141695000,
        "interestIncome": 0,
        "interestExpense": 42104000,
        "depreciationAndAmortization": 11596000,
        "ebitda": 33419000,
        "ebitdaratio": 0.2043750535,
        "operatingIncome": 21823000,
        "operatingIncomeRatio": 0.1334593133,
        "totalOtherIncomeExpensesNet": -9807000,
        "incomeBeforeTax": 12016000,
        "incomeBeforeTaxRatio": 0.0734842647,
        "incomeTaxExpense": 4394000,
        "netIncome": 7622000,
        "netIncomeRatio": 0.0466126053,
        "eps": 0.0972,
        "epsdiluted": 0.0972,
        "weightedAverageShsOut": 77278439,
        "weightedAverageShsOutDil": 78438000,
        "link": "https://www.sec.gov/Archives/edgar/data/921738/000104746903010559/0001047469-03-010559-index.htm",
        "finalLink": "https://www.sec.gov/Archives/edgar/data/921738/000104746903010559/a2105300z10-k.htm"
    },
    {
        "date": "2002-09-30",
        "symbol": "PENN",
        "reportedCurrency": "USD",
        "cik": "0000921738",
        "fillingDate": "2002-11-14",
        "acceptedDate": "2002-11-14 18:47:45",
        "calendarYear": "2002",
        "period": "Q3",
        "revenue": 175399000,
        "costOfRevenue": 108413000,
        "grossProfit": 66986000,
        "grossProfitRatio": 0.3819063963,
        "researchAndDevelopmentExpenses": 0,
        "generalAndAdministrativeExpenses": 29312000,
        "sellingAndMarketingExpenses": 0,
        "sellingGeneralAndAdministrativeExpenses": 29312000,
        "otherExpenses": 9271000,
        "operatingExpenses": 38583000,
        "costAndExpenses": 146996000,
        "interestIncome": 0,
        "interestExpense": 0,
        "depreciationAndAmortization": 10135000,
        "ebitda": 38232000,
        "ebitdaratio": 0.2179715962,
        "operatingIncome": 28403000,
        "operatingIncomeRatio": 0.1619336484,
        "totalOtherIncomeExpensesNet": -12499000,
        "incomeBeforeTax": 15912000,
        "incomeBeforeTaxRatio": 0.0907188753,
        "incomeTaxExpense": 5968000,
        "netIncome": 9944000,
        "netIncomeRatio": 0.0566935957,
        "eps": 0.13,
        "epsdiluted": 0.13,
        "weightedAverageShsOut": 78230000,
        "weightedAverageShsOutDil": 80450000,
        "link": "https://www.sec.gov/Archives/edgar/data/921738/000091205702042558/0000912057-02-042558-index.htm",
        "finalLink": "https://www.sec.gov/Archives/edgar/data/921738/000091205702042558/a2093390z10-q.htm"
    },
    {
        "date": "2002-06-30",
        "symbol": "PENN",
        "reportedCurrency": "USD",
        "cik": "0000921738",
        "fillingDate": "2002-08-14",
        "acceptedDate": "2002-08-14 16:10:48",
        "calendarYear": "2002",
        "period": "Q2",
        "revenue": 165029000,
        "costOfRevenue": 101161000,
        "grossProfit": 63868000,
        "grossProfitRatio": 0.3870107678,
        "researchAndDevelopmentExpenses": 0,
        "generalAndAdministrativeExpenses": 28283000,
        "sellingAndMarketingExpenses": 0,
        "sellingGeneralAndAdministrativeExpenses": 28283000,
        "otherExpenses": 8388000,
        "operatingExpenses": 36671000,
        "costAndExpenses": 137832000,
        "interestIncome": 0,
        "interestExpense": 0,
        "depreciationAndAmortization": 9171000,
        "ebitda": 36368000,
        "ebitdaratio": 0.2203733889,
        "operatingIncome": 27197000,
        "operatingIncomeRatio": 0.1648013379,
        "totalOtherIncomeExpensesNet": -12330000,
        "incomeBeforeTax": 14867000,
        "incomeBeforeTaxRatio": 0.0900871968,
        "incomeTaxExpense": 5705000,
        "netIncome": 9162000,
        "netIncomeRatio": 0.0555175151,
        "eps": 0.12,
        "epsdiluted": 0.12,
        "weightedAverageShsOut": 77420000,
        "weightedAverageShsOutDil": 80056000,
        "link": "https://www.sec.gov/Archives/edgar/data/921738/000091205702032145/0000912057-02-032145-index.htm",
        "finalLink": "https://www.sec.gov/Archives/edgar/data/921738/000091205702032145/a2087020z10-q.htm"
    },
    {
        "date": "2002-03-31",
        "symbol": "PENN",
        "reportedCurrency": "USD",
        "cik": "0000921738",
        "fillingDate": "2002-05-15",
        "acceptedDate": "2002-05-15 15:42:11",
        "calendarYear": "2002",
        "period": "Q1",
        "revenue": 153596000,
        "costOfRevenue": 84297000,
        "grossProfit": 69299000,
        "grossProfitRatio": 0.451177114,
        "researchAndDevelopmentExpenses": 0,
        "generalAndAdministrativeExpenses": 27038000,
        "sellingAndMarketingExpenses": 0,
        "sellingGeneralAndAdministrativeExpenses": 27038000,
        "otherExpenses": 17565000,
        "operatingExpenses": 44603000,
        "costAndExpenses": 128900000,
        "interestIncome": 0,
        "interestExpense": 0,
        "depreciationAndAmortization": 8847000,
        "ebitda": 33543000,
        "ebitdaratio": 0.2183845933,
        "operatingIncome": 24696000,
        "operatingIncomeRatio": 0.1607854371,
        "totalOtherIncomeExpensesNet": -9776000,
        "incomeBeforeTax": 14920000,
        "incomeBeforeTaxRatio": 0.0971379463,
        "incomeTaxExpense": 5638000,
        "netIncome": 4131000,
        "netIncomeRatio": 0.0268952316,
        "eps": 0.06,
        "epsdiluted": 0.0575,
        "weightedAverageShsOut": 68064000,
        "weightedAverageShsOutDil": 71472000,
        "link": "https://www.sec.gov/Archives/edgar/data/921738/000091205702020746/0000912057-02-020746-index.htm",
        "finalLink": "https://www.sec.gov/Archives/edgar/data/921738/000091205702020746/a2080236z10-q.htm"
    },
    {
        "date": "2001-12-31",
        "symbol": "PENN",
        "reportedCurrency": "USD",
        "cik": "0000921738",
        "fillingDate": "2002-03-29",
        "acceptedDate": "2002-03-29 00:00:00",
        "calendarYear": "2001",
        "period": "Q4",
        "revenue": 135967000,
        "costOfRevenue": 82261000,
        "grossProfit": 53706000,
        "grossProfitRatio": 0.3949929027,
        "researchAndDevelopmentExpenses": 0,
        "generalAndAdministrativeExpenses": 26513000,
        "sellingAndMarketingExpenses": 0,
        "sellingGeneralAndAdministrativeExpenses": 26513000,
        "otherExpenses": 7014000,
        "operatingExpenses": 33527000,
        "costAndExpenses": 115788000,
        "interestIncome": 0,
        "interestExpense": 0,
        "depreciationAndAmortization": 9458000,
        "ebitda": 29637000,
        "ebitdaratio": 0.2179720079,
        "operatingIncome": 20179000,
        "operatingIncomeRatio": 0.1484110115,
        "totalOtherIncomeExpensesNet": -12830000,
        "incomeBeforeTax": 7349000,
        "incomeBeforeTaxRatio": 0.0540498798,
        "incomeTaxExpense": 2404000,
        "netIncome": 4945000,
        "netIncomeRatio": 0.036369119,
        "eps": 0.0727,
        "epsdiluted": 0.0727,
        "weightedAverageShsOut": 68064000,
        "weightedAverageShsOutDil": 68064000,
        "link": "https://www.sec.gov/Archives/edgar/data/921738/000091205702012728/0000912057-02-012728-index.htm",
        "finalLink": "https://www.sec.gov/Archives/edgar/data/921738/000091205702012728/a2074455z10-k.htm"
    },
    {
        "date": "2001-09-30",
        "symbol": "PENN",
        "reportedCurrency": "USD",
        "cik": "0000921738",
        "fillingDate": "2001-11-13",
        "acceptedDate": "2001-11-13 00:00:00",
        "calendarYear": "2001",
        "period": "Q3",
        "revenue": 145534000,
        "costOfRevenue": 87547000,
        "grossProfit": 57987000,
        "grossProfitRatio": 0.3984429755,
        "researchAndDevelopmentExpenses": 0,
        "generalAndAdministrativeExpenses": 26195000,
        "sellingAndMarketingExpenses": 0,
        "sellingGeneralAndAdministrativeExpenses": 26195000,
        "otherExpenses": 9157000,
        "operatingExpenses": 35352000,
        "costAndExpenses": 122899000,
        "interestIncome": 0,
        "interestExpense": 0,
        "depreciationAndAmortization": 9157000,
        "ebitda": 31792000,
        "ebitdaratio": 0.2184506713,
        "operatingIncome": 22635000,
        "operatingIncomeRatio": 0.1555306664,
        "totalOtherIncomeExpensesNet": -10771000,
        "incomeBeforeTax": 11864000,
        "incomeBeforeTaxRatio": 0.0815204694,
        "incomeTaxExpense": 4151000,
        "netIncome": 7713000,
        "netIncomeRatio": 0.0529979249,
        "eps": 0.13,
        "epsdiluted": 0.12,
        "weightedAverageShsOut": 61868000,
        "weightedAverageShsOutDil": 64172000,
        "link": "https://www.sec.gov/Archives/edgar/data/921738/000091205701539259/0000912057-01-539259-index.htm",
        "finalLink": "https://www.sec.gov/Archives/edgar/data/921738/000091205701539259/a2063523z10-q.txt"
    },
    {
        "date": "2001-06-30",
        "symbol": "PENN",
        "reportedCurrency": "USD",
        "cik": "0000921738",
        "fillingDate": "2001-08-14",
        "acceptedDate": "2001-08-14 00:00:00",
        "calendarYear": "2001",
        "period": "Q2",
        "revenue": 132732000,
        "costOfRevenue": 79980000,
        "grossProfit": 52752000,
        "grossProfitRatio": 0.3974324202,
        "researchAndDevelopmentExpenses": 0,
        "generalAndAdministrativeExpenses": 23175000,
        "sellingAndMarketingExpenses": 0,
        "sellingGeneralAndAdministrativeExpenses": 23175000,
        "otherExpenses": 8987000,
        "operatingExpenses": 32162000,
        "costAndExpenses": 112142000,
        "interestIncome": 0,
        "interestExpense": 0,
        "depreciationAndAmortization": 8987000,
        "ebitda": 30227000,
        "ebitdaratio": 0.2277295603,
        "operatingIncome": 20590000,
        "operatingIncomeRatio": 0.155124612,
        "totalOtherIncomeExpensesNet": -11310000,
        "incomeBeforeTax": 9926000,
        "incomeBeforeTaxRatio": 0.074782268,
        "incomeTaxExpense": 3442000,
        "netIncome": 6484000,
        "netIncomeRatio": 0.0488503149,
        "eps": 0.11,
        "epsdiluted": 0.1,
        "weightedAverageShsOut": 61128000,
        "weightedAverageShsOutDil": 63580000,
        "link": "https://www.sec.gov/Archives/edgar/data/921738/000091205701528696/0000912057-01-528696-index.htm",
        "finalLink": "https://www.sec.gov/Archives/edgar/data/921738/000091205701528696/a2056822z10-q.txt"
    },
    {
        "date": "2001-03-31",
        "symbol": "PENN",
        "reportedCurrency": "USD",
        "cik": "0000921738",
        "fillingDate": "2001-05-14",
        "acceptedDate": "2001-05-14 00:00:00",
        "calendarYear": "2001",
        "period": "Q1",
        "revenue": 106229000,
        "costOfRevenue": 64771000,
        "grossProfit": 41458000,
        "grossProfitRatio": 0.3902700769,
        "researchAndDevelopmentExpenses": 0,
        "generalAndAdministrativeExpenses": 19145000,
        "sellingAndMarketingExpenses": 0,
        "sellingGeneralAndAdministrativeExpenses": 19145000,
        "otherExpenses": 6935000,
        "operatingExpenses": 26080000,
        "costAndExpenses": 90851000,
        "interestIncome": 0,
        "interestExpense": 0,
        "depreciationAndAmortization": 6935000,
        "ebitda": 21710000,
        "ebitdaratio": 0.2043698049,
        "operatingIncome": 15378000,
        "operatingIncomeRatio": 0.1447627296,
        "totalOtherIncomeExpensesNet": -7548000,
        "incomeBeforeTax": 7227000,
        "incomeBeforeTaxRatio": 0.0680322699,
        "incomeTaxExpense": 2611000,
        "netIncome": 4616000,
        "netIncomeRatio": 0.0434532943,
        "eps": 0.0775,
        "epsdiluted": 0.075,
        "weightedAverageShsOut": 60176000,
        "weightedAverageShsOutDil": 62096000,
        "link": "https://www.sec.gov/Archives/edgar/data/921738/000091205701515328/0000912057-01-515328-index.htm",
        "finalLink": "https://www.sec.gov/Archives/edgar/data/921738/000091205701515328/a2049121z10-q.txt"
    },
    {
        "date": "2000-12-31",
        "symbol": "PENN",
        "reportedCurrency": "USD",
        "cik": "0000921738",
        "fillingDate": "2001-03-28",
        "acceptedDate": "2001-03-28 00:00:00",
        "calendarYear": "2000",
        "period": "Q4",
        "revenue": 87365000,
        "costOfRevenue": 41995000,
        "grossProfit": 45370000,
        "grossProfitRatio": 0.5193155154,
        "researchAndDevelopmentExpenses": 0,
        "generalAndAdministrativeExpenses": 28739000,
        "sellingAndMarketingExpenses": 0,
        "sellingGeneralAndAdministrativeExpenses": 28739000,
        "otherExpenses": 5137000,
        "operatingExpenses": 33876000,
        "costAndExpenses": 75871000,
        "interestIncome": 0,
        "interestExpense": 0,
        "depreciationAndAmortization": 5137000,
        "ebitda": 16631000,
        "ebitdaratio": 0.1903622732,
        "operatingIncome": 11494000,
        "operatingIncomeRatio": 0.1315629829,
        "totalOtherIncomeExpensesNet": -7506000,
        "incomeBeforeTax": 3988000,
        "incomeBeforeTaxRatio": 0.0456475705,
        "incomeTaxExpense": 1261000,
        "netIncome": 2727000,
        "netIncomeRatio": 0.0312138728,
        "eps": 0.0453,
        "epsdiluted": 0.0453,
        "weightedAverageShsOut": 60176000,
        "weightedAverageShsOutDil": 60176000,
        "link": "https://www.sec.gov/Archives/edgar/data/921738/000091205701008591/0000912057-01-008591-index.htm",
        "finalLink": "https://www.sec.gov/Archives/edgar/data/921738/000091205701008591/a2040904z10-k.txt"
    },
    {
        "date": "2000-09-30",
        "symbol": "PENN",
        "reportedCurrency": "USD",
        "cik": "0000921738",
        "fillingDate": "2000-11-14",
        "acceptedDate": "2000-11-14 00:00:00",
        "calendarYear": "2000",
        "period": "Q3",
        "revenue": 91082000,
        "costOfRevenue": 64718000,
        "grossProfit": 26364000,
        "grossProfitRatio": 0.2894534595,
        "researchAndDevelopmentExpenses": 0,
        "generalAndAdministrativeExpenses": 7407000,
        "sellingAndMarketingExpenses": 0,
        "sellingGeneralAndAdministrativeExpenses": 7407000,
        "otherExpenses": 4089000,
        "operatingExpenses": 11496000,
        "costAndExpenses": 76214000,
        "interestIncome": 0,
        "interestExpense": 0,
        "depreciationAndAmortization": 4089000,
        "ebitda": 18957000,
        "ebitdaratio": 0.2081311346,
        "operatingIncome": 14868000,
        "operatingIncomeRatio": 0.1632375222,
        "totalOtherIncomeExpensesNet": -5580000,
        "incomeBeforeTax": 9288000,
        "incomeBeforeTaxRatio": 0.1019740454,
        "incomeTaxExpense": 3286000,
        "netIncome": -581000,
        "netIncomeRatio": -0.0063788674,
        "eps": -0.0097,
        "epsdiluted": -0.0094,
        "weightedAverageShsOut": 60028000,
        "weightedAverageShsOutDil": 62016000,
        "link": "https://www.sec.gov/Archives/edgar/data/921738/000095011600002748/0000950116-00-002748-index.htm",
        "finalLink": "https://www.sec.gov/Archives/edgar/data/921738/000095011600002748/0000950116-00-002748-0001.txt"
    },
    {
        "date": "2000-06-30",
        "symbol": "PENN",
        "reportedCurrency": "USD",
        "cik": "0000921738",
        "fillingDate": "2000-08-14",
        "acceptedDate": "2000-08-14 00:00:00",
        "calendarYear": "2000",
        "period": "Q2",
        "revenue": 62413000,
        "costOfRevenue": 29481000,
        "grossProfit": 32932000,
        "grossProfitRatio": 0.5276464839,
        "researchAndDevelopmentExpenses": 0,
        "generalAndAdministrativeExpenses": 5886000,
        "sellingAndMarketingExpenses": 0,
        "sellingGeneralAndAdministrativeExpenses": 5886000,
        "otherExpenses": 15368000,
        "operatingExpenses": 21254000,
        "costAndExpenses": 50735000,
        "interestIncome": 0,
        "interestExpense": 0,
        "depreciationAndAmortization": 2192000,
        "ebitda": 13870000,
        "ebitdaratio": 0.2222293432,
        "operatingIncome": 11678000,
        "operatingIncomeRatio": 0.187108455,
        "totalOtherIncomeExpensesNet": -1161000,
        "incomeBeforeTax": 9675000,
        "incomeBeforeTaxRatio": 0.155015782,
        "incomeTaxExpense": 3449000,
        "netIncome": 6226000,
        "netIncomeRatio": 0.0997548588,
        "eps": 0.11,
        "epsdiluted": 0.1,
        "weightedAverageShsOut": 59756000,
        "weightedAverageShsOutDil": 61724000,
        "link": "https://www.sec.gov/Archives/edgar/data/921738/000092173800000047/0000921738-00-000047-index.htm",
        "finalLink": "https://www.sec.gov/Archives/edgar/data/921738/000092173800000047/0000921738-00-000047-0001.txt"
    },
    {
        "date": "2000-03-31",
        "symbol": "PENN",
        "reportedCurrency": "USD",
        "cik": "0000921738",
        "fillingDate": "2000-05-12",
        "acceptedDate": "2000-05-12 00:00:00",
        "calendarYear": "2000",
        "period": "Q1",
        "revenue": 53262000,
        "costOfRevenue": 26798000,
        "grossProfit": 26464000,
        "grossProfitRatio": 0.4968645563,
        "researchAndDevelopmentExpenses": 0,
        "generalAndAdministrativeExpenses": 5372000,
        "sellingAndMarketingExpenses": 0,
        "sellingGeneralAndAdministrativeExpenses": 5372000,
        "otherExpenses": 13246000,
        "operatingExpenses": 18618000,
        "costAndExpenses": 45416000,
        "interestIncome": 0,
        "interestExpense": 0,
        "depreciationAndAmortization": 2176000,
        "ebitda": 10025000,
        "ebitdaratio": 0.1882204949,
        "operatingIncome": 7846000,
        "operatingIncomeRatio": 0.1473095265,
        "totalOtherIncomeExpensesNet": -2086000,
        "incomeBeforeTax": 5760000,
        "incomeBeforeTaxRatio": 0.1081446435,
        "incomeTaxExpense": 2141000,
        "netIncome": 3619000,
        "netIncomeRatio": 0.0679471293,
        "eps": 0.06,
        "epsdiluted": 0.06,
        "weightedAverageShsOut": 59592000,
        "weightedAverageShsOutDil": 60848000,
        "link": "https://www.sec.gov/Archives/edgar/data/921738/000092173800000013/0000921738-00-000013-index.html",
        "finalLink": "https://www.sec.gov/Archives/edgar/data/921738/000092173800000013/"
    },
    {
        "date": "1999-12-31",
        "symbol": "PENN",
        "reportedCurrency": "USD",
        "cik": "0000921738",
        "fillingDate": "2000-03-20",
        "acceptedDate": "2000-03-20 00:00:00",
        "calendarYear": "1999",
        "period": "Q4",
        "revenue": 45800000,
        "costOfRevenue": 22900000,
        "grossProfit": 22900000,
        "grossProfitRatio": 0.5,
        "researchAndDevelopmentExpenses": 0,
        "generalAndAdministrativeExpenses": 5500000,
        "sellingAndMarketingExpenses": 0,
        "sellingGeneralAndAdministrativeExpenses": 5500000,
        "otherExpenses": 10400000,
        "operatingExpenses": 15900000,
        "costAndExpenses": 38800000,
        "interestIncome": 0,
        "interestExpense": 0,
        "depreciationAndAmortization": 2200000,
        "ebitda": 9200000,
        "ebitdaratio": 0.2008733624,
        "operatingIncome": 7000000,
        "operatingIncomeRatio": 0.1528384279,
        "totalOtherIncomeExpensesNet": -5200000,
        "incomeBeforeTax": 1800000,
        "incomeBeforeTaxRatio": 0.03930131,
        "incomeTaxExpense": 500000,
        "netIncome": 1300000,
        "netIncomeRatio": 0.0283842795,
        "eps": 0.0218,
        "epsdiluted": 0.0218,
        "weightedAverageShsOut": 59592000,
        "weightedAverageShsOutDil": 59592000,
        "link": "https://www.sec.gov/Archives/edgar/data/921738/000092173800000003/0000921738-00-000003-index.html",
        "finalLink": "https://www.sec.gov/Archives/edgar/data/921738/000092173800000003/"
    },
    {
        "date": "1999-09-30",
        "symbol": "PENN",
        "reportedCurrency": "USD",
        "cik": "0000921738",
        "fillingDate": "1999-11-12",
        "acceptedDate": "1999-11-12 00:00:00",
        "calendarYear": "1999",
        "period": "Q3",
        "revenue": 47600000,
        "costOfRevenue": 25300000,
        "grossProfit": 22300000,
        "grossProfitRatio": 0.468487395,
        "researchAndDevelopmentExpenses": 0,
        "generalAndAdministrativeExpenses": 5300000,
        "sellingAndMarketingExpenses": 0,
        "sellingGeneralAndAdministrativeExpenses": 5300000,
        "otherExpenses": 10600000,
        "operatingExpenses": 15900000,
        "costAndExpenses": 41200000,
        "interestIncome": 0,
        "interestExpense": 0,
        "depreciationAndAmortization": 2400000,
        "ebitda": 8800000,
        "ebitdaratio": 0.1848739496,
        "operatingIncome": 6400000,
        "operatingIncomeRatio": 0.1344537815,
        "totalOtherIncomeExpensesNet": -1900000,
        "incomeBeforeTax": 4500000,
        "incomeBeforeTaxRatio": 0.0945378151,
        "incomeTaxExpense": 1700000,
        "netIncome": 2800000,
        "netIncomeRatio": 0.0588235294,
        "eps": 0.0475,
        "epsdiluted": 0.0475,
        "weightedAverageShsOut": 58947368,
        "weightedAverageShsOutDil": 58947368,
        "link": "https://www.sec.gov/Archives/edgar/data/921738/000092173899000048/0000921738-99-000048-index.html",
        "finalLink": "https://www.sec.gov/Archives/edgar/data/921738/000092173899000048/"
    },
    {
        "date": "1999-06-30",
        "symbol": "PENN",
        "reportedCurrency": "USD",
        "cik": "0000921738",
        "fillingDate": "1999-08-12",
        "acceptedDate": "1999-08-12 00:00:00",
        "calendarYear": "1999",
        "period": "Q2",
        "revenue": 45400000,
        "costOfRevenue": 24400000,
        "grossProfit": 21000000,
        "grossProfitRatio": 0.4625550661,
        "researchAndDevelopmentExpenses": 0,
        "generalAndAdministrativeExpenses": 5000000,
        "sellingAndMarketingExpenses": 0,
        "sellingGeneralAndAdministrativeExpenses": 5000000,
        "otherExpenses": 9900000,
        "operatingExpenses": 14900000,
        "costAndExpenses": 39300000,
        "interestIncome": 0,
        "interestExpense": 0,
        "depreciationAndAmortization": 2100000,
        "ebitda": 8200000,
        "ebitdaratio": 0.1806167401,
        "operatingIncome": 6100000,
        "operatingIncomeRatio": 0.1343612335,
        "totalOtherIncomeExpensesNet": -2000000,
        "incomeBeforeTax": 4100000,
        "incomeBeforeTaxRatio": 0.09030837,
        "incomeTaxExpense": 1600000,
        "netIncome": 2500000,
        "netIncomeRatio": 0.0550660793,
        "eps": 0.0425,
        "epsdiluted": 0.0425,
        "weightedAverageShsOut": 58823529,
        "weightedAverageShsOutDil": 58823529,
        "link": "https://www.sec.gov/Archives/edgar/data/921738/000092173899000035/0000921738-99-000035-index.html",
        "finalLink": "https://www.sec.gov/Archives/edgar/data/921738/000092173899000035/"
    },
    {
        "date": "1999-03-31",
        "symbol": "PENN",
        "reportedCurrency": "USD",
        "cik": "0000921738",
        "fillingDate": "1999-05-13",
        "acceptedDate": "1999-05-13 00:00:00",
        "calendarYear": "1999",
        "period": "Q1",
        "revenue": 32800000,
        "costOfRevenue": 19100000,
        "grossProfit": 13700000,
        "grossProfitRatio": 0.4176829268,
        "researchAndDevelopmentExpenses": 0,
        "generalAndAdministrativeExpenses": 3700000,
        "sellingAndMarketingExpenses": 0,
        "sellingGeneralAndAdministrativeExpenses": 3700000,
        "otherExpenses": 8200000,
        "operatingExpenses": 11900000,
        "costAndExpenses": 31000000,
        "interestIncome": 0,
        "interestExpense": 0,
        "depreciationAndAmortization": 2000000,
        "ebitda": 3800000,
        "ebitdaratio": 0.1158536585,
        "operatingIncome": 1800000,
        "operatingIncomeRatio": 0.0548780488,
        "totalOtherIncomeExpensesNet": 200000,
        "incomeBeforeTax": 2000000,
        "incomeBeforeTaxRatio": 0.0609756098,
        "incomeTaxExpense": -100000,
        "netIncome": 2100000,
        "netIncomeRatio": 0.0640243902,
        "eps": 0.0356,
        "epsdiluted": 0.0356,
        "weightedAverageShsOut": 59048000,
        "weightedAverageShsOutDil": 59048000,
        "link": "https://www.sec.gov/Archives/edgar/data/921738/000092173899000032/0000921738-99-000032-index.html",
        "finalLink": "https://www.sec.gov/Archives/edgar/data/921738/"
    },
    {
        "date": "1998-12-31",
        "symbol": "PENN",
        "reportedCurrency": "USD",
        "cik": "0000921738",
        "fillingDate": "1999-03-31",
        "acceptedDate": "1999-03-31 00:00:00",
        "calendarYear": "1998",
        "period": "Q4",
        "revenue": 39100000,
        "costOfRevenue": 22100000,
        "grossProfit": 17000000,
        "grossProfitRatio": 0.4347826087,
        "researchAndDevelopmentExpenses": 0,
        "generalAndAdministrativeExpenses": 4800000,
        "sellingAndMarketingExpenses": 0,
        "sellingGeneralAndAdministrativeExpenses": 4800000,
        "otherExpenses": 7800000,
        "operatingExpenses": 12600000,
        "costAndExpenses": 34700000,
        "interestIncome": 0,
        "interestExpense": 0,
        "depreciationAndAmortization": 1400000,
        "ebitda": 5800000,
        "ebitdaratio": 0.1483375959,
        "operatingIncome": 4400000,
        "operatingIncomeRatio": 0.1125319693,
        "totalOtherIncomeExpensesNet": -1900000,
        "incomeBeforeTax": 2500000,
        "incomeBeforeTaxRatio": 0.0639386189,
        "incomeTaxExpense": 1000000,
        "netIncome": 1500000,
        "netIncomeRatio": 0.0383631714,
        "eps": 0.0254,
        "epsdiluted": 0.0254,
        "weightedAverageShsOut": 59048000,
        "weightedAverageShsOutDil": 59048000,
        "link": "https://www.sec.gov/Archives/edgar/data/921738/000092173899000023/0000921738-99-000023-index.html",
        "finalLink": "https://www.sec.gov/Archives/edgar/data/921738/"
    },
    {
        "date": "1998-09-30",
        "symbol": "PENN",
        "reportedCurrency": "USD",
        "cik": "0000921738",
        "fillingDate": "1998-11-13",
        "acceptedDate": "1998-11-13 00:00:00",
        "calendarYear": "1998",
        "period": "Q3",
        "revenue": 41600000,
        "costOfRevenue": 22800000,
        "grossProfit": 18800000,
        "grossProfitRatio": 0.4519230769,
        "researchAndDevelopmentExpenses": 0,
        "generalAndAdministrativeExpenses": 5000000,
        "sellingAndMarketingExpenses": 0,
        "sellingGeneralAndAdministrativeExpenses": 5000000,
        "otherExpenses": 8200000,
        "operatingExpenses": 13200000,
        "costAndExpenses": 36000000,
        "interestIncome": 0,
        "interestExpense": 0,
        "depreciationAndAmortization": 1500000,
        "ebitda": 7100000,
        "ebitdaratio": 0.1706730769,
        "operatingIncome": 5600000,
        "operatingIncomeRatio": 0.1346153846,
        "totalOtherIncomeExpensesNet": -1700000,
        "incomeBeforeTax": 3900000,
        "incomeBeforeTaxRatio": 0.09375,
        "incomeTaxExpense": 1500000,
        "netIncome": 2400000,
        "netIncomeRatio": 0.0576923077,
        "eps": 0.04,
        "epsdiluted": 0.04,
        "weightedAverageShsOut": 60000000,
        "weightedAverageShsOutDil": 60000000,
        "link": "https://www.sec.gov/Archives/edgar/data/921738/000092173898000017/0000921738-98-000017-index.html",
        "finalLink": "https://www.sec.gov/Archives/edgar/data/921738/"
    },
    {
        "date": "1998-06-30",
        "symbol": "PENN",
        "reportedCurrency": "USD",
        "cik": "0000921738",
        "fillingDate": "1998-08-14",
        "acceptedDate": "1998-08-14 00:00:00",
        "calendarYear": "1998",
        "period": "Q2",
        "revenue": 40100000,
        "costOfRevenue": 22100000,
        "grossProfit": 18000000,
        "grossProfitRatio": 0.4488778055,
        "researchAndDevelopmentExpenses": 0,
        "generalAndAdministrativeExpenses": 4900000,
        "sellingAndMarketingExpenses": 0,
        "sellingGeneralAndAdministrativeExpenses": 4900000,
        "otherExpenses": 7200000,
        "operatingExpenses": 12100000,
        "costAndExpenses": 34200000,
        "interestIncome": 0,
        "interestExpense": 0,
        "depreciationAndAmortization": 1400000,
        "ebitda": 7300000,
        "ebitdaratio": 0.1820448878,
        "operatingIncome": 5900000,
        "operatingIncomeRatio": 0.1471321696,
        "totalOtherIncomeExpensesNet": -2000000,
        "incomeBeforeTax": 3900000,
        "incomeBeforeTaxRatio": 0.0972568579,
        "incomeTaxExpense": 1400000,
        "netIncome": 2500000,
        "netIncomeRatio": 0.0623441397,
        "eps": 0.04,
        "epsdiluted": 0.04,
        "weightedAverageShsOut": 62500000,
        "weightedAverageShsOutDil": 62500000,
        "link": "https://www.sec.gov/Archives/edgar/data/921738/000092173898000008/0000921738-98-000008-index.html",
        "finalLink": "https://www.sec.gov/Archives/edgar/data/921738/"
    },
    {
        "date": "1998-03-31",
        "symbol": "PENN",
        "reportedCurrency": "USD",
        "cik": "0000921738",
        "fillingDate": "1998-05-15",
        "acceptedDate": "1998-05-15 00:00:00",
        "calendarYear": "1998",
        "period": "Q1",
        "revenue": 33400000,
        "costOfRevenue": 21000000,
        "grossProfit": 12400000,
        "grossProfitRatio": 0.371257485,
        "researchAndDevelopmentExpenses": 0,
        "generalAndAdministrativeExpenses": 4400000,
        "sellingAndMarketingExpenses": 0,
        "sellingGeneralAndAdministrativeExpenses": 4400000,
        "otherExpenses": 4100000,
        "operatingExpenses": 8500000,
        "costAndExpenses": 29500000,
        "interestIncome": 0,
        "interestExpense": 0,
        "depreciationAndAmortization": 1400000,
        "ebitda": 5300000,
        "ebitdaratio": 0.1586826347,
        "operatingIncome": 3900000,
        "operatingIncomeRatio": 0.1167664671,
        "totalOtherIncomeExpensesNet": -2000000,
        "incomeBeforeTax": 1900000,
        "incomeBeforeTaxRatio": 0.0568862275,
        "incomeTaxExpense": 700000,
        "netIncome": 1200000,
        "netIncomeRatio": 0.0359281437,
        "eps": 0.02,
        "epsdiluted": 0.02,
        "weightedAverageShsOut": 60000000,
        "weightedAverageShsOutDil": 60000000,
        "link": "https://www.sec.gov/Archives/edgar/data/921738/000092173898000003/0000921738-98-000003-index.html",
        "finalLink": "https://www.sec.gov/Archives/edgar/data/921738/"
    },
    {
        "date": "1997-12-31",
        "symbol": "PENN",
        "reportedCurrency": "USD",
        "cik": "0000921738",
        "fillingDate": "1998-03-27",
        "acceptedDate": "1998-03-27 00:00:00",
        "calendarYear": "1997",
        "period": "Q4",
        "revenue": 29900000,
        "costOfRevenue": 18500000,
        "grossProfit": 11400000,
        "grossProfitRatio": 0.381270903,
        "researchAndDevelopmentExpenses": 0,
        "generalAndAdministrativeExpenses": 4200000,
        "sellingAndMarketingExpenses": 0,
        "sellingGeneralAndAdministrativeExpenses": 4200000,
        "otherExpenses": 5500000,
        "operatingExpenses": 9700000,
        "costAndExpenses": 28200000,
        "interestIncome": 0,
        "interestExpense": 0,
        "depreciationAndAmortization": 1300000,
        "ebitda": 3000000,
        "ebitdaratio": 0.1003344482,
        "operatingIncome": 1700000,
        "operatingIncomeRatio": 0.0568561873,
        "totalOtherIncomeExpensesNet": -3100000,
        "incomeBeforeTax": -1400000,
        "incomeBeforeTaxRatio": -0.0468227425,
        "incomeTaxExpense": -800000,
        "netIncome": -1700000,
        "netIncomeRatio": -0.0568561873,
        "eps": -0.0283,
        "epsdiluted": -0.0283,
        "weightedAverageShsOut": 60000000,
        "weightedAverageShsOutDil": 60000000,
        "link": "https://www.sec.gov/Archives/edgar/data/921738/000095011598000545/0000950115-98-000545-index.html",
        "finalLink": "https://www.sec.gov/Archives/edgar/data/921738/"
    },
    {
        "date": "1997-09-30",
        "symbol": "PENN",
        "reportedCurrency": "USD",
        "cik": "0000921738",
        "fillingDate": "1997-11-14",
        "acceptedDate": "1997-11-14 00:00:00",
        "calendarYear": "1997",
        "period": "Q3",
        "revenue": 29200000,
        "costOfRevenue": 18100000,
        "grossProfit": 11100000,
        "grossProfitRatio": 0.3801369863,
        "researchAndDevelopmentExpenses": 0,
        "generalAndAdministrativeExpenses": 4600000,
        "sellingAndMarketingExpenses": 0,
        "sellingGeneralAndAdministrativeExpenses": 4600000,
        "otherExpenses": 3800000,
        "operatingExpenses": 8400000,
        "costAndExpenses": 26500000,
        "interestIncome": 0,
        "interestExpense": 0,
        "depreciationAndAmortization": 1000000,
        "ebitda": 3700000,
        "ebitdaratio": 0.1267123288,
        "operatingIncome": 2700000,
        "operatingIncomeRatio": 0.0924657534,
        "totalOtherIncomeExpensesNet": -1500000,
        "incomeBeforeTax": 1200000,
        "incomeBeforeTaxRatio": 0.0410958904,
        "incomeTaxExpense": 500000,
        "netIncome": 700000,
        "netIncomeRatio": 0.0239726027,
        "eps": 0.0125,
        "epsdiluted": 0.0125,
        "weightedAverageShsOut": 56000000,
        "weightedAverageShsOutDil": 56000000,
        "link": "https://www.sec.gov/Archives/edgar/data/921738/000095011597001800/0000950115-97-001800-index.html",
        "finalLink": "https://www.sec.gov/Archives/edgar/data/921738/"
    },
    {
        "date": "1997-06-30",
        "symbol": "PENN",
        "reportedCurrency": "USD",
        "cik": "0000921738",
        "fillingDate": "1997-08-13",
        "acceptedDate": "1997-08-13 00:00:00",
        "calendarYear": "1997",
        "period": "Q2",
        "revenue": 29600000,
        "costOfRevenue": 17900000,
        "grossProfit": 11700000,
        "grossProfitRatio": 0.3952702703,
        "researchAndDevelopmentExpenses": 0,
        "generalAndAdministrativeExpenses": 4200000,
        "sellingAndMarketingExpenses": 0,
        "sellingGeneralAndAdministrativeExpenses": 4200000,
        "otherExpenses": 3400000,
        "operatingExpenses": 7600000,
        "costAndExpenses": 25500000,
        "interestIncome": 0,
        "interestExpense": 0,
        "depreciationAndAmortization": 900000,
        "ebitda": 5000000,
        "ebitdaratio": 0.1689189189,
        "operatingIncome": 4100000,
        "operatingIncomeRatio": 0.1385135135,
        "totalOtherIncomeExpensesNet": -700000,
        "incomeBeforeTax": 3400000,
        "incomeBeforeTaxRatio": 0.1148648649,
        "incomeTaxExpense": 1400000,
        "netIncome": 2000000,
        "netIncomeRatio": 0.0675675676,
        "eps": 0.0325,
        "epsdiluted": 0.0325,
        "weightedAverageShsOut": 61538462,
        "weightedAverageShsOutDil": 61538462,
        "link": "https://www.sec.gov/Archives/edgar/data/921738/000092173897000017/0000921738-97-000017-index.html",
        "finalLink": "https://www.sec.gov/Archives/edgar/data/921738/"
    },
    {
        "date": "1997-03-31",
        "symbol": "PENN",
        "reportedCurrency": "USD",
        "cik": "0000921738",
        "fillingDate": "1997-05-15",
        "acceptedDate": "1997-05-15 00:00:00",
        "calendarYear": "1997",
        "period": "Q1",
        "revenue": 22800000,
        "costOfRevenue": 13200000,
        "grossProfit": 9600000,
        "grossProfitRatio": 0.4210526316,
        "researchAndDevelopmentExpenses": 0,
        "generalAndAdministrativeExpenses": 3200000,
        "sellingAndMarketingExpenses": 0,
        "sellingGeneralAndAdministrativeExpenses": 3200000,
        "otherExpenses": 2800000,
        "operatingExpenses": 6000000,
        "costAndExpenses": 19200000,
        "interestIncome": 0,
        "interestExpense": 0,
        "depreciationAndAmortization": 800000,
        "ebitda": 4400000,
        "ebitdaratio": 0.1929824561,
        "operatingIncome": 3600000,
        "operatingIncomeRatio": 0.1578947368,
        "totalOtherIncomeExpensesNet": -700000,
        "incomeBeforeTax": 2900000,
        "incomeBeforeTaxRatio": 0.1271929825,
        "incomeTaxExpense": 1200000,
        "netIncome": 1300000,
        "netIncomeRatio": 0.0570175439,
        "eps": 0.0225,
        "epsdiluted": 0.0225,
        "weightedAverageShsOut": 57777778,
        "weightedAverageShsOutDil": 57777778,
        "link": "https://www.sec.gov/Archives/edgar/data/921738/000092173897000013/0000921738-97-000013-index.html",
        "finalLink": "https://www.sec.gov/Archives/edgar/data/921738/"
    },
    {
        "date": "1996-12-31",
        "symbol": "PENN",
        "reportedCurrency": "USD",
        "cik": "0000921738",
        "fillingDate": "1997-03-28",
        "acceptedDate": "1997-03-28 00:00:00",
        "calendarYear": "1996",
        "period": "Q4",
        "revenue": 16300000,
        "costOfRevenue": 10000000,
        "grossProfit": 6300000,
        "grossProfitRatio": 0.3865030675,
        "researchAndDevelopmentExpenses": 0,
        "generalAndAdministrativeExpenses": 7800000,
        "sellingAndMarketingExpenses": 0,
        "sellingGeneralAndAdministrativeExpenses": 7800000,
        "otherExpenses": -3500000,
        "operatingExpenses": 4300000,
        "costAndExpenses": 14300000,
        "interestIncome": 0,
        "interestExpense": 0,
        "depreciationAndAmortization": 500000,
        "ebitda": 2500000,
        "ebitdaratio": 0.1533742331,
        "operatingIncome": 2000000,
        "operatingIncomeRatio": 0.1226993865,
        "totalOtherIncomeExpensesNet": -100000,
        "incomeBeforeTax": 1900000,
        "incomeBeforeTaxRatio": 0.1165644172,
        "incomeTaxExpense": 800000,
        "netIncome": 1100000,
        "netIncomeRatio": 0.0674846626,
        "eps": 0.019,
        "epsdiluted": 0.019,
        "weightedAverageShsOut": 57777778,
        "weightedAverageShsOutDil": 57777778,
        "link": "https://www.sec.gov/Archives/edgar/data/921738/000095011597000435/0000950115-97-000435-index.html",
        "finalLink": "https://www.sec.gov/Archives/edgar/data/921738/"
    },
    {
        "date": "1996-09-30",
        "symbol": "PENN",
        "reportedCurrency": "USD",
        "cik": "0000921738",
        "fillingDate": "1996-11-14",
        "acceptedDate": "1996-11-14 00:00:00",
        "calendarYear": "1996",
        "period": "Q3",
        "revenue": 15900000,
        "costOfRevenue": 9600000,
        "grossProfit": 6300000,
        "grossProfitRatio": 0.3962264151,
        "researchAndDevelopmentExpenses": 0,
        "generalAndAdministrativeExpenses": 2200000,
        "sellingAndMarketingExpenses": 0,
        "sellingGeneralAndAdministrativeExpenses": 2200000,
        "otherExpenses": 1600000,
        "operatingExpenses": 3800000,
        "costAndExpenses": 13400000,
        "interestIncome": 0,
        "interestExpense": 0,
        "depreciationAndAmortization": 300000,
        "ebitda": 2800000,
        "ebitdaratio": 0.1761006289,
        "operatingIncome": 2500000,
        "operatingIncomeRatio": 0.1572327044,
        "totalOtherIncomeExpensesNet": -100000,
        "incomeBeforeTax": 2400000,
        "incomeBeforeTaxRatio": 0.1509433962,
        "incomeTaxExpense": 1000000,
        "netIncome": 1400000,
        "netIncomeRatio": 0.0880503145,
        "eps": 0.0275,
        "epsdiluted": 0.0275,
        "weightedAverageShsOut": 50909091,
        "weightedAverageShsOutDil": 50909091,
        "link": "https://www.sec.gov/Archives/edgar/data/921738/000092173896000022/0000921738-96-000022-index.html",
        "finalLink": "https://www.sec.gov/Archives/edgar/data/921738/"
    },
    {
        "date": "1996-06-30",
        "symbol": "PENN",
        "reportedCurrency": "USD",
        "cik": "0000921738",
        "fillingDate": "1996-08-14",
        "acceptedDate": "1996-08-14 00:00:00",
        "calendarYear": "1996",
        "period": "Q2",
        "revenue": 16000000,
        "costOfRevenue": 9500000,
        "grossProfit": 6500000,
        "grossProfitRatio": 0.40625,
        "researchAndDevelopmentExpenses": 0,
        "generalAndAdministrativeExpenses": 2100000,
        "sellingAndMarketingExpenses": 0,
        "sellingGeneralAndAdministrativeExpenses": 2100000,
        "otherExpenses": 1700000,
        "operatingExpenses": 3800000,
        "costAndExpenses": 13300000,
        "interestIncome": 0,
        "interestExpense": 0,
        "depreciationAndAmortization": 300000,
        "ebitda": 3000000,
        "ebitdaratio": 0.1875,
        "operatingIncome": 2700000,
        "operatingIncomeRatio": 0.16875,
        "totalOtherIncomeExpensesNet": 200000,
        "incomeBeforeTax": 2900000,
        "incomeBeforeTaxRatio": 0.18125,
        "incomeTaxExpense": 1200000,
        "netIncome": 1700000,
        "netIncomeRatio": 0.10625,
        "eps": 0.0325,
        "epsdiluted": 0.0325,
        "weightedAverageShsOut": 52307692,
        "weightedAverageShsOutDil": 52307692,
        "link": "https://www.sec.gov/Archives/edgar/data/921738/000092173896000017/0000921738-96-000017-index.html",
        "finalLink": "https://www.sec.gov/Archives/edgar/data/921738/"
    },
    {
        "date": "1996-03-31",
        "symbol": "PENN",
        "reportedCurrency": "USD",
        "cik": "0000921738",
        "fillingDate": "1996-05-23",
        "acceptedDate": "1996-05-23 00:00:00",
        "calendarYear": "1996",
        "period": "Q1",
        "revenue": 14600000,
        "costOfRevenue": 6800000,
        "grossProfit": 7800000,
        "grossProfitRatio": 0.5342465753,
        "researchAndDevelopmentExpenses": 0,
        "generalAndAdministrativeExpenses": 0,
        "sellingAndMarketingExpenses": 0,
        "sellingGeneralAndAdministrativeExpenses": 4100000,
        "otherExpenses": 1600000,
        "operatingExpenses": 5700000,
        "costAndExpenses": 12500000,
        "interestIncome": 0,
        "interestExpense": 0,
        "depreciationAndAmortization": 300000,
        "ebitda": 2400000,
        "ebitdaratio": 0.1643835616,
        "operatingIncome": 2100000,
        "operatingIncomeRatio": 0.1438356164,
        "totalOtherIncomeExpensesNet": 0,
        "incomeBeforeTax": 2100000,
        "incomeBeforeTaxRatio": 0.1438356164,
        "incomeTaxExpense": 900000,
        "netIncome": 1200000,
        "netIncomeRatio": 0.0821917808,
        "eps": 0.025,
        "epsdiluted": 0.025,
        "weightedAverageShsOut": 48000000,
        "weightedAverageShsOutDil": 48000000,
        "link": "https://www.sec.gov/Archives/edgar/data/921738/000092173896000009/0000921738-96-000009-index.html",
        "finalLink": "https://www.sec.gov/Archives/edgar/data/921738/"
    },
    {
        "date": "1995-12-31",
        "symbol": "PENN",
        "reportedCurrency": "USD",
        "cik": "0000921738",
        "fillingDate": "1995-12-31",
        "acceptedDate": "1995-12-30 19:00:00",
        "calendarYear": "1995",
        "period": "Q4",
        "revenue": 13800000,
        "costOfRevenue": 8600000,
        "grossProfit": 5200000,
        "grossProfitRatio": 0.3768115942,
        "researchAndDevelopmentExpenses": 0,
        "generalAndAdministrativeExpenses": 0,
        "sellingAndMarketingExpenses": 0,
        "sellingGeneralAndAdministrativeExpenses": 6900000,
        "otherExpenses": -3500000,
        "operatingExpenses": 3400000,
        "costAndExpenses": 12000000,
        "interestIncome": 0,
        "interestExpense": 0,
        "depreciationAndAmortization": 300000,
        "ebitda": 2100000,
        "ebitdaratio": 0.152173913,
        "operatingIncome": 1800000,
        "operatingIncomeRatio": 0.1304347826,
        "totalOtherIncomeExpensesNet": 200000,
        "incomeBeforeTax": 2000000,
        "incomeBeforeTaxRatio": 0.1449275362,
        "incomeTaxExpense": 800000,
        "netIncome": 1200000,
        "netIncomeRatio": 0.0869565217,
        "eps": 0.0236,
        "epsdiluted": 0.0236,
        "weightedAverageShsOut": 50909091,
        "weightedAverageShsOutDil": 50909091,
        "link": "",
        "finalLink": ""
    },
    {
        "date": "1995-09-30",
        "symbol": "PENN",
        "reportedCurrency": "USD",
        "cik": "0000921738",
        "fillingDate": "1995-09-30",
        "acceptedDate": "1995-09-29 20:00:00",
        "calendarYear": "1995",
        "period": "Q3",
        "revenue": 15400000,
        "costOfRevenue": 9700000,
        "grossProfit": 5700000,
        "grossProfitRatio": 0.3701298701,
        "researchAndDevelopmentExpenses": 0,
        "generalAndAdministrativeExpenses": 0,
        "sellingAndMarketingExpenses": 0,
        "sellingGeneralAndAdministrativeExpenses": 2000000,
        "otherExpenses": 1500000,
        "operatingExpenses": 3500000,
        "costAndExpenses": 13200000,
        "interestIncome": 0,
        "interestExpense": 0,
        "depreciationAndAmortization": 200000,
        "ebitda": 2400000,
        "ebitdaratio": 0.1558441558,
        "operatingIncome": 2200000,
        "operatingIncomeRatio": 0.1428571429,
        "totalOtherIncomeExpensesNet": 200000,
        "incomeBeforeTax": 2400000,
        "incomeBeforeTaxRatio": 0.1558441558,
        "incomeTaxExpense": 1000000,
        "netIncome": 1400000,
        "netIncomeRatio": 0.0909090909,
        "eps": 0.0275,
        "epsdiluted": 0.0275,
        "weightedAverageShsOut": 50909091,
        "weightedAverageShsOutDil": 50909091,
        "link": "",
        "finalLink": ""
    },
    {
        "date": "1995-06-30",
        "symbol": "PENN",
        "reportedCurrency": "USD",
        "cik": "0000921738",
        "fillingDate": "1995-06-30",
        "acceptedDate": "1995-06-29 20:00:00",
        "calendarYear": "1995",
        "period": "Q2",
        "revenue": 15600000,
        "costOfRevenue": 7300000,
        "grossProfit": 8300000,
        "grossProfitRatio": 0.5320512821,
        "researchAndDevelopmentExpenses": 0,
        "generalAndAdministrativeExpenses": 0,
        "sellingAndMarketingExpenses": 0,
        "sellingGeneralAndAdministrativeExpenses": 4400000,
        "otherExpenses": 1500000,
        "operatingExpenses": 5900000,
        "costAndExpenses": 13200000,
        "interestIncome": 0,
        "interestExpense": 0,
        "depreciationAndAmortization": 200000,
        "ebitda": 2600000,
        "ebitdaratio": 0.1666666667,
        "operatingIncome": 2400000,
        "operatingIncomeRatio": 0.1538461538,
        "totalOtherIncomeExpensesNet": 100000,
        "incomeBeforeTax": 2500000,
        "incomeBeforeTaxRatio": 0.1602564103,
        "incomeTaxExpense": 1000000,
        "netIncome": 1500000,
        "netIncomeRatio": 0.0961538462,
        "eps": 0.03,
        "epsdiluted": 0.03,
        "weightedAverageShsOut": 50000000,
        "weightedAverageShsOutDil": 50000000,
        "link": "",
        "finalLink": ""
    },
    {
        "date": "1995-03-31",
        "symbol": "PENN",
        "reportedCurrency": "USD",
        "cik": "0000921738",
        "fillingDate": "1995-03-31",
        "acceptedDate": "1995-03-30 19:00:00",
        "calendarYear": "1995",
        "period": "Q1",
        "revenue": 12800000,
        "costOfRevenue": 6400000,
        "grossProfit": 6400000,
        "grossProfitRatio": 0.5,
        "researchAndDevelopmentExpenses": 0,
        "generalAndAdministrativeExpenses": 0,
        "sellingAndMarketingExpenses": 0,
        "sellingGeneralAndAdministrativeExpenses": 3600000,
        "otherExpenses": 1300000,
        "operatingExpenses": 4900000,
        "costAndExpenses": 11300000,
        "interestIncome": 0,
        "interestExpense": 0,
        "depreciationAndAmortization": 200000,
        "ebitda": 1700000,
        "ebitdaratio": 0.1328125,
        "operatingIncome": 1500000,
        "operatingIncomeRatio": 0.1171875,
        "totalOtherIncomeExpensesNet": 100000,
        "incomeBeforeTax": 1600000,
        "incomeBeforeTaxRatio": 0.125,
        "incomeTaxExpense": 700000,
        "netIncome": 900000,
        "netIncomeRatio": 0.0703125,
        "eps": 0.02,
        "epsdiluted": 0.02,
        "weightedAverageShsOut": 45000000,
        "weightedAverageShsOutDil": 45000000,
        "link": "",
        "finalLink": ""
    },
    {
        "date": "1994-12-31",
        "symbol": "PENN",
        "reportedCurrency": "USD",
        "cik": "0000921738",
        "fillingDate": "1994-12-31",
        "acceptedDate": "1994-12-30 19:00:00",
        "calendarYear": "1994",
        "period": "Q4",
        "revenue": 13900000,
        "costOfRevenue": 9000000,
        "grossProfit": 4900000,
        "grossProfitRatio": 0.3525179856,
        "researchAndDevelopmentExpenses": 0,
        "generalAndAdministrativeExpenses": 0,
        "sellingAndMarketingExpenses": 0,
        "sellingGeneralAndAdministrativeExpenses": 5500000,
        "otherExpenses": -2300000,
        "operatingExpenses": 3200000,
        "costAndExpenses": 12200000,
        "interestIncome": 0,
        "interestExpense": 0,
        "depreciationAndAmortization": 200000,
        "ebitda": 1900000,
        "ebitdaratio": 0.1366906475,
        "operatingIncome": 1700000,
        "operatingIncomeRatio": 0.1223021583,
        "totalOtherIncomeExpensesNet": -300000,
        "incomeBeforeTax": 1400000,
        "incomeBeforeTaxRatio": 0.1007194245,
        "incomeTaxExpense": 600000,
        "netIncome": 800000,
        "netIncomeRatio": 0.0575539568,
        "eps": 0.016,
        "epsdiluted": 0.016,
        "weightedAverageShsOut": 50000000,
        "weightedAverageShsOutDil": 50000000,
        "link": "",
        "finalLink": ""
    },
    {
        "date": "1994-09-30",
        "symbol": "PENN",
        "reportedCurrency": "USD",
        "cik": "0000921738",
        "fillingDate": "1994-09-30",
        "acceptedDate": "1994-09-29 20:00:00",
        "calendarYear": "1994",
        "period": "Q3",
        "revenue": 12300000,
        "costOfRevenue": 7700000,
        "grossProfit": 4600000,
        "grossProfitRatio": 0.3739837398,
        "researchAndDevelopmentExpenses": 0,
        "generalAndAdministrativeExpenses": 0,
        "sellingAndMarketingExpenses": 0,
        "sellingGeneralAndAdministrativeExpenses": 1800000,
        "otherExpenses": 1100000,
        "operatingExpenses": 2900000,
        "costAndExpenses": 10600000,
        "interestIncome": 0,
        "interestExpense": 0,
        "depreciationAndAmortization": 200000,
        "ebitda": 1900000,
        "ebitdaratio": 0.1544715447,
        "operatingIncome": 1700000,
        "operatingIncomeRatio": 0.1382113821,
        "totalOtherIncomeExpensesNet": 0,
        "incomeBeforeTax": 1700000,
        "incomeBeforeTaxRatio": 0.1382113821,
        "incomeTaxExpense": 700000,
        "netIncome": 1000000,
        "netIncomeRatio": 0.081300813,
        "eps": 0.02,
        "epsdiluted": 0.02,
        "weightedAverageShsOut": 50000000,
        "weightedAverageShsOutDil": 50000000,
        "link": "",
        "finalLink": ""
    },
    {
        "date": "1994-06-30",
        "symbol": "PENN",
        "reportedCurrency": "USD",
        "cik": "0000921738",
        "fillingDate": "1994-06-30",
        "acceptedDate": "1994-06-29 20:00:00",
        "calendarYear": "1994",
        "period": "Q2",
        "revenue": 12200000,
        "costOfRevenue": 9700000,
        "grossProfit": 2500000,
        "grossProfitRatio": 0.2049180328,
        "researchAndDevelopmentExpenses": 0,
        "generalAndAdministrativeExpenses": 0,
        "sellingAndMarketingExpenses": 0,
        "sellingGeneralAndAdministrativeExpenses": 300000,
        "otherExpenses": 100000,
        "operatingExpenses": 400000,
        "costAndExpenses": 10100000,
        "interestIncome": 0,
        "interestExpense": 0,
        "depreciationAndAmortization": 100000,
        "ebitda": 2200000,
        "ebitdaratio": 0.1803278689,
        "operatingIncome": 2100000,
        "operatingIncomeRatio": 0.1721311475,
        "totalOtherIncomeExpensesNet": -1000000,
        "incomeBeforeTax": 1100000,
        "incomeBeforeTaxRatio": 0.0901639344,
        "incomeTaxExpense": 200000,
        "netIncome": 800000,
        "netIncomeRatio": 0.0655737705,
        "eps": 0.015,
        "epsdiluted": 0.015,
        "weightedAverageShsOut": 53333333,
        "weightedAverageShsOutDil": 53333333,
        "link": "",
        "finalLink": ""
    },
    {
        "date": "1994-03-31",
        "symbol": "PENN",
        "reportedCurrency": "USD",
        "cik": "0000921738",
        "fillingDate": "1994-03-31",
        "acceptedDate": "1994-03-30 19:00:00",
        "calendarYear": "1994",
        "period": "Q1",
        "revenue": 7600000,
        "costOfRevenue": 5200000,
        "grossProfit": 2400000,
        "grossProfitRatio": 0.3157894737,
        "researchAndDevelopmentExpenses": 0,
        "generalAndAdministrativeExpenses": 0,
        "sellingAndMarketingExpenses": 0,
        "sellingGeneralAndAdministrativeExpenses": 1500000,
        "otherExpenses": 800000,
        "operatingExpenses": 2300000,
        "costAndExpenses": 7500000,
        "interestIncome": 0,
        "interestExpense": 0,
        "depreciationAndAmortization": 200000,
        "ebitda": 300000,
        "ebitdaratio": 0.0394736842,
        "operatingIncome": 100000,
        "operatingIncomeRatio": 0.0131578947,
        "totalOtherIncomeExpensesNet": -400000,
        "incomeBeforeTax": -300000,
        "incomeBeforeTaxRatio": -0.0394736842,
        "incomeTaxExpense": -200000,
        "netIncome": -100000,
        "netIncomeRatio": -0.0131578947,
        "eps": -0.0025,
        "epsdiluted": -0.0025,
        "weightedAverageShsOut": 40000000,
        "weightedAverageShsOutDil": 40000000,
        "link": "",
        "finalLink": ""
    },
    {
        "date": "1993-12-31",
        "symbol": "PENN",
        "reportedCurrency": "USD",
        "cik": "0000921738",
        "fillingDate": "1993-12-31",
        "acceptedDate": "1993-12-30 19:00:00",
        "calendarYear": "1993",
        "period": "Q4",
        "revenue": 10500000,
        "costOfRevenue": 0,
        "grossProfit": 10500000,
        "grossProfitRatio": 1,
        "researchAndDevelopmentExpenses": 0,
        "generalAndAdministrativeExpenses": 0,
        "sellingAndMarketingExpenses": 0,
        "sellingGeneralAndAdministrativeExpenses": 0,
        "otherExpenses": -39800000,
        "operatingExpenses": -39800000,
        "costAndExpenses": -39800000,
        "interestIncome": 0,
        "interestExpense": 0,
        "depreciationAndAmortization": 0,
        "ebitda": -29300000,
        "ebitdaratio": -2.7904761905,
        "operatingIncome": -29300000,
        "operatingIncomeRatio": -2.7904761905,
        "totalOtherIncomeExpensesNet": 29300000,
        "incomeBeforeTax": 0,
        "incomeBeforeTaxRatio": 0,
        "incomeTaxExpense": -300000,
        "netIncome": 300000,
        "netIncomeRatio": 0.0285714286,
        "eps": 0.01,
        "epsdiluted": 0.01,
        "weightedAverageShsOut": 30000000,
        "weightedAverageShsOutDil": 30000000,
        "link": "",
        "finalLink": ""
    },
    {
        "date": "1993-09-30",
        "symbol": "PENN",
        "reportedCurrency": "USD",
        "cik": "0000921738",
        "fillingDate": "1993-09-30",
        "acceptedDate": "1993-09-29 20:00:00",
        "calendarYear": "1993",
        "period": "Q3",
        "revenue": 10600000,
        "costOfRevenue": 0,
        "grossProfit": 10600000,
        "grossProfitRatio": 1,
        "researchAndDevelopmentExpenses": 0,
        "generalAndAdministrativeExpenses": 0,
        "sellingAndMarketingExpenses": 0,
        "sellingGeneralAndAdministrativeExpenses": 0,
        "otherExpenses": 0,
        "operatingExpenses": 0,
        "costAndExpenses": 0,
        "interestIncome": 0,
        "interestExpense": 0,
        "depreciationAndAmortization": 0,
        "ebitda": 10600000,
        "ebitdaratio": 1,
        "operatingIncome": 10600000,
        "operatingIncomeRatio": 1,
        "totalOtherIncomeExpensesNet": -10600000,
        "incomeBeforeTax": 0,
        "incomeBeforeTaxRatio": 0,
        "incomeTaxExpense": -300000,
        "netIncome": 300000,
        "netIncomeRatio": 0.0283018868,
        "eps": 0.01,
        "epsdiluted": 0.01,
        "weightedAverageShsOut": 30000000,
        "weightedAverageShsOutDil": 30000000,
        "link": "",
        "finalLink": ""
    },
    {
        "date": "1993-06-30",
        "symbol": "PENN",
        "reportedCurrency": "USD",
        "cik": "0000921738",
        "fillingDate": "1993-06-30",
        "acceptedDate": "1993-06-29 20:00:00",
        "calendarYear": "1993",
        "period": "Q2",
        "revenue": 10600000,
        "costOfRevenue": 0,
        "grossProfit": 10600000,
        "grossProfitRatio": 1,
        "researchAndDevelopmentExpenses": 0,
        "generalAndAdministrativeExpenses": 0,
        "sellingAndMarketingExpenses": 0,
        "sellingGeneralAndAdministrativeExpenses": 0,
        "otherExpenses": 0,
        "operatingExpenses": 0,
        "costAndExpenses": 0,
        "interestIncome": 0,
        "interestExpense": 0,
        "depreciationAndAmortization": 0,
        "ebitda": 10600000,
        "ebitdaratio": 1,
        "operatingIncome": 10600000,
        "operatingIncomeRatio": 1,
        "totalOtherIncomeExpensesNet": -10600000,
        "incomeBeforeTax": 0,
        "incomeBeforeTaxRatio": 0,
        "incomeTaxExpense": -300000,
        "netIncome": 300000,
        "netIncomeRatio": 0.0283018868,
        "eps": 0.01,
        "epsdiluted": 0.01,
        "weightedAverageShsOut": 30000000,
        "weightedAverageShsOutDil": 30000000,
        "link": "",
        "finalLink": ""
    },
    {
        "date": "1993-03-31",
        "symbol": "PENN",
        "reportedCurrency": "USD",
        "cik": "0000921738",
        "fillingDate": "1993-03-31",
        "acceptedDate": "1993-03-30 19:00:00",
        "calendarYear": "1993",
        "period": "Q1",
        "revenue": 10600000,
        "costOfRevenue": 0,
        "grossProfit": 10600000,
        "grossProfitRatio": 1,
        "researchAndDevelopmentExpenses": 0,
        "generalAndAdministrativeExpenses": 0,
        "sellingAndMarketingExpenses": 0,
        "sellingGeneralAndAdministrativeExpenses": 0,
        "otherExpenses": 0,
        "operatingExpenses": 0,
        "costAndExpenses": 0,
        "interestIncome": 0,
        "interestExpense": 0,
        "depreciationAndAmortization": 0,
        "ebitda": 10600000,
        "ebitdaratio": 1,
        "operatingIncome": 10600000,
        "operatingIncomeRatio": 1,
        "totalOtherIncomeExpensesNet": -10600000,
        "incomeBeforeTax": 0,
        "incomeBeforeTaxRatio": 0,
        "incomeTaxExpense": -300000,
        "netIncome": 300000,
        "netIncomeRatio": 0.0283018868,
        "eps": 0.01,
        "epsdiluted": 0.01,
        "weightedAverageShsOut": 30000000,
        "weightedAverageShsOutDil": 30000000,
        "link": "",
        "finalLink": ""
    }
]