[
    {
        "date": "2025-06-30",
        "symbol": "PET",
        "reportedCurrency": "USD",
        "cik": "0001842356",
        "fillingDate": "2025-08-07",
        "acceptedDate": "2025-08-07 16:49:41",
        "calendarYear": "2025",
        "period": "Q2",
        "revenue": 16720000,
        "costOfRevenue": 1281000,
        "grossProfit": 15439000,
        "grossProfitRatio": 0.9233851675,
        "researchAndDevelopmentExpenses": 0,
        "generalAndAdministrativeExpenses": 4617000,
        "sellingAndMarketingExpenses": 12403000,
        "sellingGeneralAndAdministrativeExpenses": 17020000,
        "otherExpenses": 3027000,
        "operatingExpenses": 20047000,
        "costAndExpenses": 21328000,
        "interestIncome": 96000,
        "interestExpense": 1578000,
        "depreciationAndAmortization": 751000,
        "ebitda": -3756000,
        "ebitdaratio": -0.2246411483,
        "operatingIncome": -4608000,
        "operatingIncomeRatio": -0.2755980861,
        "totalOtherIncomeExpensesNet": -1477000,
        "incomeBeforeTax": -6085000,
        "incomeBeforeTaxRatio": -0.3639354067,
        "incomeTaxExpense": 60000,
        "netIncome": -6145000,
        "netIncomeRatio": -0.3675239234,
        "eps": -0.12,
        "epsdiluted": -0.12,
        "weightedAverageShsOut": 50798000,
        "weightedAverageShsOutDil": 50798000,
        "link": "https://www.sec.gov/Archives/edgar/data/1842356/000184235625000095/0001842356-25-000095-index.htm",
        "finalLink": "https://www.sec.gov/Archives/edgar/data/1842356/000184235625000095/pet-20250630.htm"
    },
    {
        "date": "2025-03-31",
        "symbol": "PET",
        "reportedCurrency": "USD",
        "cik": "0001842356",
        "fillingDate": "2025-05-12",
        "acceptedDate": "2025-05-12 16:59:13",
        "calendarYear": "2025",
        "period": "Q1",
        "revenue": 15165000,
        "costOfRevenue": 1441000,
        "grossProfit": 13724000,
        "grossProfitRatio": 0.9049785691,
        "researchAndDevelopmentExpenses": 0,
        "generalAndAdministrativeExpenses": 3958000,
        "sellingAndMarketingExpenses": 10377000,
        "sellingGeneralAndAdministrativeExpenses": 14335000,
        "otherExpenses": 3165000,
        "operatingExpenses": 17500000,
        "costAndExpenses": 18941000,
        "interestIncome": 27000,
        "interestExpense": 1182000,
        "depreciationAndAmortization": 644000,
        "ebitda": -3105000,
        "ebitdaratio": -0.2047477745,
        "operatingIncome": -3776000,
        "operatingIncomeRatio": -0.248994395,
        "totalOtherIncomeExpensesNet": -1155000,
        "incomeBeforeTax": -4931000,
        "incomeBeforeTaxRatio": -0.3251566106,
        "incomeTaxExpense": -41000,
        "netIncome": -4890000,
        "netIncomeRatio": -0.3224530168,
        "eps": -0.0969,
        "epsdiluted": -0.0969,
        "weightedAverageShsOut": 50487000,
        "weightedAverageShsOutDil": 50487000,
        "link": "https://www.sec.gov/Archives/edgar/data/1842356/000184235625000063/0001842356-25-000063-index.htm",
        "finalLink": "https://www.sec.gov/Archives/edgar/data/1842356/000184235625000063/pet-20250331.htm"
    },
    {
        "date": "2024-12-31",
        "symbol": "PET",
        "reportedCurrency": "USD",
        "cik": "0001842356",
        "fillingDate": "2025-03-24",
        "acceptedDate": "2025-03-24 16:47:53",
        "calendarYear": "2024",
        "period": "Q4",
        "revenue": 15433000,
        "costOfRevenue": 254000,
        "grossProfit": 15179000,
        "grossProfitRatio": 0.9835417612,
        "researchAndDevelopmentExpenses": 0,
        "generalAndAdministrativeExpenses": 4318000,
        "sellingAndMarketingExpenses": 10385000,
        "sellingGeneralAndAdministrativeExpenses": 14703000,
        "otherExpenses": 4091000,
        "operatingExpenses": 18794000,
        "costAndExpenses": 19048000,
        "interestIncome": 42000,
        "interestExpense": 1236000,
        "depreciationAndAmortization": 619000,
        "ebitda": -2877000,
        "ebitdaratio": -0.1864187131,
        "operatingIncome": -3615000,
        "operatingIncomeRatio": -0.2342383205,
        "totalOtherIncomeExpensesNet": -1117000,
        "incomeBeforeTax": -4732000,
        "incomeBeforeTaxRatio": -0.3066156936,
        "incomeTaxExpense": 82000,
        "netIncome": -4814000,
        "netIncomeRatio": -0.3119289833,
        "eps": -0.1,
        "epsdiluted": -0.1,
        "weightedAverageShsOut": 44719000,
        "weightedAverageShsOutDil": 44719000,
        "link": "https://www.sec.gov/Archives/edgar/data/1842356/000184235625000029/0001842356-25-000029-index.htm",
        "finalLink": "https://www.sec.gov/Archives/edgar/data/1842356/000184235625000029/pet-20241231.htm"
    },
    {
        "date": "2024-09-30",
        "symbol": "PET",
        "reportedCurrency": "USD",
        "cik": "0001842356",
        "fillingDate": "2024-11-13",
        "acceptedDate": "2024-11-13 07:11:04",
        "calendarYear": "2024",
        "period": "Q3",
        "revenue": 13204000,
        "costOfRevenue": 1146000,
        "grossProfit": 12058000,
        "grossProfitRatio": 0.9132081188,
        "researchAndDevelopmentExpenses": 0,
        "generalAndAdministrativeExpenses": 4231000,
        "sellingAndMarketingExpenses": 8862000,
        "sellingGeneralAndAdministrativeExpenses": 13093000,
        "otherExpenses": 3381000,
        "operatingExpenses": 16474000,
        "costAndExpenses": 17620000,
        "interestIncome": 105000,
        "interestExpense": 1497000,
        "depreciationAndAmortization": 583000,
        "ebitda": -4182000,
        "ebitdaratio": -0.3167222054,
        "operatingIncome": -4416000,
        "operatingIncomeRatio": -0.3344441078,
        "totalOtherIncomeExpensesNet": -1846000,
        "incomeBeforeTax": -6262000,
        "incomeBeforeTaxRatio": -0.4742502272,
        "incomeTaxExpense": 0,
        "netIncome": -6262000,
        "netIncomeRatio": -0.4742502272,
        "eps": -0.13,
        "epsdiluted": -0.13,
        "weightedAverageShsOut": 47780000,
        "weightedAverageShsOutDil": 47780000,
        "link": "https://www.sec.gov/Archives/edgar/data/1842356/000184235624000267/0001842356-24-000267-index.htm",
        "finalLink": "https://www.sec.gov/Archives/edgar/data/1842356/000184235624000267/pet-20240930.htm"
    },
    {
        "date": "2024-06-30",
        "symbol": "PET",
        "reportedCurrency": "USD",
        "cik": "0001842356",
        "fillingDate": "2024-08-07",
        "acceptedDate": "2024-08-07 16:11:31",
        "calendarYear": "2024",
        "period": "Q2",
        "revenue": 18651000,
        "costOfRevenue": 1738000,
        "grossProfit": 16913000,
        "grossProfitRatio": 0.906814648,
        "researchAndDevelopmentExpenses": 0,
        "generalAndAdministrativeExpenses": 3809000,
        "sellingAndMarketingExpenses": 11037000,
        "sellingGeneralAndAdministrativeExpenses": 14846000,
        "otherExpenses": 2647000,
        "operatingExpenses": 17510000,
        "costAndExpenses": 19298000,
        "interestIncome": 75000,
        "interestExpense": 1597000,
        "depreciationAndAmortization": 580000,
        "ebitda": 8000,
        "ebitdaratio": 0.0004289314,
        "operatingIncome": -647000,
        "operatingIncomeRatio": -0.034689829,
        "totalOtherIncomeExpensesNet": -1522000,
        "incomeBeforeTax": -2169000,
        "incomeBeforeTaxRatio": -0.1162940325,
        "incomeTaxExpense": 82000,
        "netIncome": -2251000,
        "netIncomeRatio": -0.1206905796,
        "eps": -0.055,
        "epsdiluted": -0.055,
        "weightedAverageShsOut": 40914000,
        "weightedAverageShsOutDil": 40914000,
        "link": "https://www.sec.gov/Archives/edgar/data/1842356/000184235624000217/0001842356-24-000217-index.htm",
        "finalLink": "https://www.sec.gov/Archives/edgar/data/1842356/000184235624000217/pet-20240630.htm"
    },
    {
        "date": "2024-03-31",
        "symbol": "PET",
        "reportedCurrency": "USD",
        "cik": "0001842356",
        "fillingDate": "2024-05-09",
        "acceptedDate": "2024-05-09 16:06:53",
        "calendarYear": "2024",
        "period": "Q1",
        "revenue": 23219000,
        "costOfRevenue": 2148000,
        "grossProfit": 21071000,
        "grossProfitRatio": 0.907489556,
        "researchAndDevelopmentExpenses": 0,
        "generalAndAdministrativeExpenses": 4239000,
        "sellingAndMarketingExpenses": 15655000,
        "sellingGeneralAndAdministrativeExpenses": 19894000,
        "otherExpenses": 3538000,
        "operatingExpenses": 22777000,
        "costAndExpenses": 24925000,
        "interestIncome": 152000,
        "interestExpense": 1885000,
        "depreciationAndAmortization": 578000,
        "ebitda": -1779000,
        "ebitdaratio": -0.0766182867,
        "operatingIncome": -1706000,
        "operatingIncomeRatio": -0.0734743098,
        "totalOtherIncomeExpensesNet": -2459000,
        "incomeBeforeTax": -4242000,
        "incomeBeforeTaxRatio": -0.1826952065,
        "incomeTaxExpense": -1000,
        "netIncome": -4241000,
        "netIncomeRatio": -0.1826521383,
        "eps": -0.11,
        "epsdiluted": -0.11,
        "weightedAverageShsOut": 40077000,
        "weightedAverageShsOutDil": 40077000,
        "link": "https://www.sec.gov/Archives/edgar/data/1842356/000184235624000088/0001842356-24-000088-index.htm",
        "finalLink": "https://www.sec.gov/Archives/edgar/data/1842356/000184235624000088/pet-20240331.htm"
    },
    {
        "date": "2023-12-31",
        "symbol": "PET",
        "reportedCurrency": "USD",
        "cik": "0001842356",
        "fillingDate": "2024-03-20",
        "acceptedDate": "2024-03-20 17:09:23",
        "calendarYear": "2023",
        "period": "Q4",
        "revenue": 21673000,
        "costOfRevenue": 1767000,
        "grossProfit": 19906000,
        "grossProfitRatio": 0.9184699857,
        "researchAndDevelopmentExpenses": 0,
        "generalAndAdministrativeExpenses": 4736000,
        "sellingAndMarketingExpenses": 13735000,
        "sellingGeneralAndAdministrativeExpenses": 18471000,
        "otherExpenses": 3348000,
        "operatingExpenses": 21819000,
        "costAndExpenses": 23586000,
        "interestIncome": 193000,
        "interestExpense": 1731000,
        "depreciationAndAmortization": 503000,
        "ebitda": -1217000,
        "ebitdaratio": -0.0561528169,
        "operatingIncome": -1913000,
        "operatingIncomeRatio": -0.0882665067,
        "totalOtherIncomeExpensesNet": -1482000,
        "incomeBeforeTax": -3451000,
        "incomeBeforeTaxRatio": -0.1592303788,
        "incomeTaxExpense": 14000,
        "netIncome": -3465000,
        "netIncomeRatio": -0.1598763438,
        "eps": -0.0879,
        "epsdiluted": -0.0879,
        "weightedAverageShsOut": 39416000,
        "weightedAverageShsOutDil": 39416000,
        "link": "https://www.sec.gov/Archives/edgar/data/1842356/000184235624000042/0001842356-24-000042-index.htm",
        "finalLink": "https://www.sec.gov/Archives/edgar/data/1842356/000184235624000042/pet-20231231.htm"
    },
    {
        "date": "2023-09-30",
        "symbol": "PET",
        "reportedCurrency": "USD",
        "cik": "0001842356",
        "fillingDate": "2023-11-09",
        "acceptedDate": "2023-11-09 16:08:25",
        "calendarYear": "2023",
        "period": "Q3",
        "revenue": 21800000,
        "costOfRevenue": 1441000,
        "grossProfit": 20359000,
        "grossProfitRatio": 0.9338990826,
        "researchAndDevelopmentExpenses": 0,
        "generalAndAdministrativeExpenses": 4682000,
        "sellingAndMarketingExpenses": 12755000,
        "sellingGeneralAndAdministrativeExpenses": 17437000,
        "otherExpenses": -12000,
        "operatingExpenses": 20819000,
        "costAndExpenses": 22260000,
        "interestIncome": 232000,
        "interestExpense": 1915000,
        "depreciationAndAmortization": 414000,
        "ebitda": -58000,
        "ebitdaratio": -0.0026605505,
        "operatingIncome": -460000,
        "operatingIncomeRatio": -0.0211009174,
        "totalOtherIncomeExpensesNet": -1695000,
        "incomeBeforeTax": -2155000,
        "incomeBeforeTaxRatio": -0.098853211,
        "incomeTaxExpense": 41000,
        "netIncome": -2196000,
        "netIncomeRatio": -0.100733945,
        "eps": -0.0563,
        "epsdiluted": -0.0563,
        "weightedAverageShsOut": 38987000,
        "weightedAverageShsOutDil": 38987000,
        "link": "https://www.sec.gov/Archives/edgar/data/1842356/000184235623000045/0001842356-23-000045-index.htm",
        "finalLink": "https://www.sec.gov/Archives/edgar/data/1842356/000184235623000045/pet-20230930.htm"
    },
    {
        "date": "2023-06-30",
        "symbol": "PET",
        "reportedCurrency": "USD",
        "cik": "0001842356",
        "fillingDate": "2023-08-09",
        "acceptedDate": "2023-08-08 20:45:17",
        "calendarYear": "2023",
        "period": "Q2",
        "revenue": 19820000,
        "costOfRevenue": 3034000,
        "grossProfit": 16786000,
        "grossProfitRatio": 0.8469223007,
        "researchAndDevelopmentExpenses": 0,
        "generalAndAdministrativeExpenses": 4821000,
        "sellingAndMarketingExpenses": 10758000,
        "sellingGeneralAndAdministrativeExpenses": 15579000,
        "otherExpenses": -65000,
        "operatingExpenses": 19446000,
        "costAndExpenses": 22480000,
        "interestIncome": 238000,
        "interestExpense": 1897000,
        "depreciationAndAmortization": 375000,
        "ebitda": -2350000,
        "ebitdaratio": -0.1185671039,
        "operatingIncome": -2660000,
        "operatingIncomeRatio": -0.1342078708,
        "totalOtherIncomeExpensesNet": -1724000,
        "incomeBeforeTax": -4384000,
        "incomeBeforeTaxRatio": -0.2211907164,
        "incomeTaxExpense": 38000,
        "netIncome": -3869000,
        "netIncomeRatio": -0.1952068618,
        "eps": -0.1,
        "epsdiluted": -0.1,
        "weightedAverageShsOut": 38109000,
        "weightedAverageShsOutDil": 38109000,
        "link": "https://www.sec.gov/Archives/edgar/data/1842356/000184235623000025/0001842356-23-000025-index.htm",
        "finalLink": "https://www.sec.gov/Archives/edgar/data/1842356/000184235623000025/pet-20230630.htm"
    },
    {
        "date": "2023-03-31",
        "symbol": "PET",
        "reportedCurrency": "USD",
        "cik": "0001842356",
        "fillingDate": "2023-05-12",
        "acceptedDate": "2023-05-12 16:27:42",
        "calendarYear": "2023",
        "period": "Q1",
        "revenue": 20623000,
        "costOfRevenue": 1026000,
        "grossProfit": 19597000,
        "grossProfitRatio": 0.9502497212,
        "researchAndDevelopmentExpenses": 0,
        "generalAndAdministrativeExpenses": 4984000,
        "sellingAndMarketingExpenses": 13275000,
        "sellingGeneralAndAdministrativeExpenses": 18259000,
        "otherExpenses": 3551000,
        "operatingExpenses": 21810000,
        "costAndExpenses": 22836000,
        "interestIncome": 244000,
        "interestExpense": 1874000,
        "depreciationAndAmortization": 381000,
        "ebitda": -1776000,
        "ebitdaratio": -0.0861174417,
        "operatingIncome": -2157000,
        "operatingIncomeRatio": -0.1045919604,
        "totalOtherIncomeExpensesNet": -1574000,
        "incomeBeforeTax": -3787000,
        "incomeBeforeTaxRatio": -0.1836299278,
        "incomeTaxExpense": 3204000,
        "netIncome": -6991000,
        "netIncomeRatio": -0.3389904476,
        "eps": -0.19,
        "epsdiluted": -0.19,
        "weightedAverageShsOut": 37065450,
        "weightedAverageShsOutDil": 37065450,
        "link": "https://www.sec.gov/Archives/edgar/data/1842356/000184235623000014/0001842356-23-000014-index.htm",
        "finalLink": "https://www.sec.gov/Archives/edgar/data/1842356/000184235623000014/pet-20230331.htm"
    },
    {
        "date": "2022-12-31",
        "symbol": "PET",
        "reportedCurrency": "USD",
        "cik": "0001842356",
        "fillingDate": "2023-03-31",
        "acceptedDate": "2023-03-30 17:33:29",
        "calendarYear": "2022",
        "period": "Q4",
        "revenue": 17036000,
        "costOfRevenue": 997000,
        "grossProfit": 16039000,
        "grossProfitRatio": 0.9414768725,
        "researchAndDevelopmentExpenses": 0,
        "generalAndAdministrativeExpenses": 3869000,
        "sellingAndMarketingExpenses": 10500000,
        "sellingGeneralAndAdministrativeExpenses": 14369000,
        "otherExpenses": 2930000,
        "operatingExpenses": 17299000,
        "costAndExpenses": 18296000,
        "interestIncome": 0,
        "interestExpense": 1686000,
        "depreciationAndAmortization": 140000,
        "ebitda": -1120000,
        "ebitdaratio": -0.0657431322,
        "operatingIncome": -1260000,
        "operatingIncomeRatio": -0.0739610237,
        "totalOtherIncomeExpensesNet": 7064000,
        "incomeBeforeTax": 5804000,
        "incomeBeforeTaxRatio": 0.3406903029,
        "incomeTaxExpense": 13000,
        "netIncome": 5804000,
        "netIncomeRatio": 0.3406903029,
        "eps": 0.16,
        "epsdiluted": 0.21,
        "weightedAverageShsOut": 37372096,
        "weightedAverageShsOutDil": 27853263,
        "link": "https://www.sec.gov/Archives/edgar/data/1842356/000162828023009948/0001628280-23-009948-index.htm",
        "finalLink": "https://www.sec.gov/Archives/edgar/data/1842356/000162828023009948/pet-20221231.htm"
    },
    {
        "date": "2022-09-30",
        "symbol": "PET",
        "reportedCurrency": "USD",
        "cik": "0001842356",
        "fillingDate": "2022-11-10",
        "acceptedDate": "2022-11-10 17:10:16",
        "calendarYear": "2022",
        "period": "Q3",
        "revenue": 15379000,
        "costOfRevenue": 1021000,
        "grossProfit": 14358000,
        "grossProfitRatio": 0.9336107679,
        "researchAndDevelopmentExpenses": 0,
        "generalAndAdministrativeExpenses": 23781000,
        "sellingAndMarketingExpenses": 11290000,
        "sellingGeneralAndAdministrativeExpenses": 35071000,
        "otherExpenses": 5775000,
        "operatingExpenses": 40846000,
        "costAndExpenses": 41867000,
        "interestIncome": 0,
        "interestExpense": 735000,
        "depreciationAndAmortization": 134000,
        "ebitda": -40062000,
        "ebitdaratio": -2.604980818,
        "operatingIncome": -12780000,
        "operatingIncomeRatio": -0.8310033162,
        "totalOtherIncomeExpensesNet": -14443000,
        "incomeBeforeTax": -40931000,
        "incomeBeforeTaxRatio": -2.6614864426,
        "incomeTaxExpense": -797000,
        "netIncome": -40134000,
        "netIncomeRatio": -2.6096625268,
        "eps": -1.07,
        "epsdiluted": -1.64,
        "weightedAverageShsOut": 37647813,
        "weightedAverageShsOutDil": 24534325,
        "link": "https://www.sec.gov/Archives/edgar/data/1842356/000162828022029536/0001628280-22-029536-index.htm",
        "finalLink": "https://www.sec.gov/Archives/edgar/data/1842356/000162828022029536/pet-20220930.htm"
    },
    {
        "date": "2022-06-30",
        "symbol": "PET",
        "reportedCurrency": "USD",
        "cik": "0001842356",
        "fillingDate": "2022-08-15",
        "acceptedDate": "2022-08-15 17:48:51",
        "calendarYear": "2022",
        "period": "Q2",
        "revenue": 12784000,
        "costOfRevenue": 1200000,
        "grossProfit": 11584000,
        "grossProfitRatio": 0.9061326658,
        "researchAndDevelopmentExpenses": 0,
        "generalAndAdministrativeExpenses": 2398000,
        "sellingAndMarketingExpenses": 7284000,
        "sellingGeneralAndAdministrativeExpenses": 9682000,
        "otherExpenses": 0,
        "operatingExpenses": 1569501,
        "costAndExpenses": 1569501,
        "interestIncome": 177537,
        "interestExpense": 17000,
        "depreciationAndAmortization": 145000,
        "ebitda": -915000,
        "ebitdaratio": -0.0715738423,
        "operatingIncome": -1569501,
        "operatingIncomeRatio": -0.122770729,
        "totalOtherIncomeExpensesNet": -17000,
        "incomeBeforeTax": -1391964,
        "incomeBeforeTaxRatio": -0.1088832916,
        "incomeTaxExpense": -177537,
        "netIncome": -1214427,
        "netIncomeRatio": -0.0949958542,
        "eps": -0.032,
        "epsdiluted": -0.032,
        "weightedAverageShsOut": 37923530,
        "weightedAverageShsOutDil": 37923530,
        "link": "https://www.sec.gov/Archives/edgar/data/1842356/000141057822002629/0001410578-22-002629-index.htm",
        "finalLink": "https://www.sec.gov/Archives/edgar/data/1842356/000141057822002629/tmb-20220630x10q.htm"
    },
    {
        "date": "2022-03-31",
        "symbol": "PET",
        "reportedCurrency": "USD",
        "cik": "0001842356",
        "fillingDate": "2022-05-06",
        "acceptedDate": "2022-05-05 20:53:46",
        "calendarYear": "2022",
        "period": "Q1",
        "revenue": 9666000,
        "costOfRevenue": 806000,
        "grossProfit": 8860000,
        "grossProfitRatio": 0.916614939,
        "researchAndDevelopmentExpenses": 0,
        "generalAndAdministrativeExpenses": 2367000,
        "sellingAndMarketingExpenses": 6082000,
        "sellingGeneralAndAdministrativeExpenses": 8449000,
        "otherExpenses": 2729000,
        "operatingExpenses": 11178000,
        "costAndExpenses": 11984000,
        "interestIncome": 0,
        "interestExpense": 32000,
        "depreciationAndAmortization": 152000,
        "ebitda": -2166000,
        "ebitdaratio": -0.2240844196,
        "operatingIncome": -2318000,
        "operatingIncomeRatio": -0.239809642,
        "totalOtherIncomeExpensesNet": -32000,
        "incomeBeforeTax": -2350000,
        "incomeBeforeTaxRatio": -0.2431202152,
        "incomeTaxExpense": 32000,
        "netIncome": -2382000,
        "netIncomeRatio": -0.2464307883,
        "eps": -0.0628,
        "epsdiluted": -0.0628,
        "weightedAverageShsOut": 37923530,
        "weightedAverageShsOutDil": 37923530,
        "link": "https://www.sec.gov/Archives/edgar/data/1842356/000141057822001153/0001410578-22-001153-index.htm",
        "finalLink": "https://www.sec.gov/Archives/edgar/data/1842356/000141057822001153/chwau-20220331x10q.htm"
    },
    {
        "date": "2021-12-31",
        "symbol": "PET",
        "reportedCurrency": "USD",
        "cik": "0001842356",
        "fillingDate": "2021-12-31",
        "acceptedDate": "2021-12-31 00:00:00",
        "calendarYear": "2021",
        "period": "Q4",
        "revenue": 8046000,
        "costOfRevenue": 843000,
        "grossProfit": 7203000,
        "grossProfitRatio": 0.8952274422,
        "researchAndDevelopmentExpenses": 0,
        "generalAndAdministrativeExpenses": 1988000,
        "sellingAndMarketingExpenses": 5230000,
        "sellingGeneralAndAdministrativeExpenses": 7218000,
        "otherExpenses": 0,
        "operatingExpenses": 9871000,
        "costAndExpenses": 10714000,
        "interestIncome": 0,
        "interestExpense": 0,
        "depreciationAndAmortization": 156000,
        "ebitda": -2512000,
        "ebitdaratio": -0.3122048223,
        "operatingIncome": -2668000,
        "operatingIncomeRatio": -0.3315933383,
        "totalOtherIncomeExpensesNet": -212000,
        "incomeBeforeTax": -2724000,
        "incomeBeforeTaxRatio": -0.3385533184,
        "incomeTaxExpense": 0,
        "netIncome": -2724000,
        "netIncomeRatio": -0.3385533184,
        "eps": -0.0718,
        "epsdiluted": -0.0718,
        "weightedAverageShsOut": 37923530,
        "weightedAverageShsOutDil": 37923530,
        "link": null,
        "finalLink": null
    },
    {
        "date": "2021-09-30",
        "symbol": "PET",
        "reportedCurrency": "USD",
        "cik": "0001842356",
        "fillingDate": "2022-11-10",
        "acceptedDate": "2022-11-10 16:03:56",
        "calendarYear": "2021",
        "period": "Q3",
        "revenue": 5880000,
        "costOfRevenue": 861000,
        "grossProfit": 5019000,
        "grossProfitRatio": 0.8535714286,
        "researchAndDevelopmentExpenses": 0,
        "generalAndAdministrativeExpenses": 1972000,
        "sellingAndMarketingExpenses": 3151000,
        "sellingGeneralAndAdministrativeExpenses": 5123000,
        "otherExpenses": 2630000,
        "operatingExpenses": 7753000,
        "costAndExpenses": 8614000,
        "interestIncome": 0,
        "interestExpense": 9000,
        "depreciationAndAmortization": 122000,
        "ebitda": -2612000,
        "ebitdaratio": -0.4442176871,
        "operatingIncome": -2734000,
        "operatingIncomeRatio": -0.4649659864,
        "totalOtherIncomeExpensesNet": 3491000,
        "incomeBeforeTax": 757000,
        "incomeBeforeTaxRatio": 0.1287414966,
        "incomeTaxExpense": -797000,
        "netIncome": 1554000,
        "netIncomeRatio": 0.2642857143,
        "eps": 0.041,
        "epsdiluted": 0.041,
        "weightedAverageShsOut": 37923530,
        "weightedAverageShsOutDil": 37923530,
        "link": "https://www.sec.gov/Archives/edgar/data/1842356/000162828022029473/0001628280-22-029473-index.htm",
        "finalLink": "https://www.sec.gov/Archives/edgar/data/1842356/000162828022029473/pet-q32022earningsrelease.htm"
    },
    {
        "date": "2021-06-30",
        "symbol": "PET",
        "reportedCurrency": "USD",
        "cik": "0001842356",
        "fillingDate": "2021-06-30",
        "acceptedDate": "2021-06-30 00:00:00",
        "calendarYear": "2021",
        "period": "Q2",
        "revenue": 3567000,
        "costOfRevenue": 3365000,
        "grossProfit": 202000,
        "grossProfitRatio": 0.0566302215,
        "researchAndDevelopmentExpenses": 0,
        "generalAndAdministrativeExpenses": 4239,
        "sellingAndMarketingExpenses": 0,
        "sellingGeneralAndAdministrativeExpenses": 4239,
        "otherExpenses": 0,
        "operatingExpenses": 4239,
        "costAndExpenses": 4239,
        "interestIncome": 0,
        "interestExpense": 0,
        "depreciationAndAmortization": 55000,
        "ebitda": -4239,
        "ebitdaratio": -0.0011883936,
        "operatingIncome": -4239,
        "operatingIncomeRatio": -0.0011883936,
        "totalOtherIncomeExpensesNet": 0,
        "incomeBeforeTax": -4239,
        "incomeBeforeTaxRatio": -0.0011883936,
        "incomeTaxExpense": 0,
        "netIncome": -4239,
        "netIncomeRatio": -0.0011883936,
        "eps": -0.0001,
        "epsdiluted": -0.0001,
        "weightedAverageShsOut": 37923530,
        "weightedAverageShsOutDil": 37923530,
        "link": null,
        "finalLink": null
    },
    {
        "date": "2021-03-31",
        "symbol": "PET",
        "reportedCurrency": "USD",
        "cik": "0001842356",
        "fillingDate": "2021-03-31",
        "acceptedDate": "2021-03-31 00:00:00",
        "calendarYear": "2021",
        "period": "Q1",
        "revenue": 2589000,
        "costOfRevenue": 523000,
        "grossProfit": 2066000,
        "grossProfitRatio": 0.7979915025,
        "researchAndDevelopmentExpenses": 0,
        "generalAndAdministrativeExpenses": 1663000,
        "sellingAndMarketingExpenses": 605000,
        "sellingGeneralAndAdministrativeExpenses": 2268000,
        "otherExpenses": 2501000,
        "operatingExpenses": 4769000,
        "costAndExpenses": 5292000,
        "interestIncome": 0,
        "interestExpense": 5000,
        "depreciationAndAmortization": 55000,
        "ebitda": -2648000,
        "ebitdaratio": -1.0227887215,
        "operatingIncome": -2703000,
        "operatingIncomeRatio": -1.044032445,
        "totalOtherIncomeExpensesNet": -60000,
        "incomeBeforeTax": -2708000,
        "incomeBeforeTaxRatio": -1.0459636925,
        "incomeTaxExpense": 0,
        "netIncome": -2708000,
        "netIncomeRatio": -1.0459636925,
        "eps": -0.0714,
        "epsdiluted": -0.0714,
        "weightedAverageShsOut": 37923530,
        "weightedAverageShsOutDil": 37923530,
        "link": "",
        "finalLink": ""
    }
]