[
    {
        "date": "2025-09-30",
        "symbol": "PGR",
        "reportedCurrency": "USD",
        "cik": "0000080661",
        "fillingDate": "2025-10-15",
        "acceptedDate": "2025-10-15 08:40:55",
        "calendarYear": "2025",
        "period": "Q3",
        "revenue": 22512000000,
        "costOfRevenue": 18965000000,
        "grossProfit": 3547000000,
        "grossProfitRatio": 0.1575604122,
        "researchAndDevelopmentExpenses": 0,
        "generalAndAdministrativeExpenses": 0,
        "sellingAndMarketingExpenses": 0,
        "sellingGeneralAndAdministrativeExpenses": 0,
        "otherExpenses": 224000000,
        "operatingExpenses": 224000000,
        "costAndExpenses": 19189000000,
        "interestIncome": 0,
        "interestExpense": 70000000,
        "depreciationAndAmortization": 0,
        "ebitda": 3393000000,
        "ebitdaratio": 0.1507196162,
        "operatingIncome": 3323000000,
        "operatingIncomeRatio": 0.1476101635,
        "totalOtherIncomeExpensesNet": 0,
        "incomeBeforeTax": 3323000000,
        "incomeBeforeTaxRatio": 0.1476101635,
        "incomeTaxExpense": 708000000,
        "netIncome": 2615000000,
        "netIncomeRatio": 0.1161602701,
        "eps": 4.45,
        "epsdiluted": 4.45,
        "weightedAverageShsOut": 588200000,
        "weightedAverageShsOutDil": 588200000,
        "link": "https://www.sec.gov/Archives/edgar/data/80661/000008066125000126/0000080661-25-000126-index.htm",
        "finalLink": "https://www.sec.gov/Archives/edgar/data/80661/000008066125000126/pgr20250930ex99earningsrel.htm"
    },
    {
        "date": "2025-06-30",
        "symbol": "PGR",
        "reportedCurrency": "USD",
        "cik": "0000080661",
        "fillingDate": "2025-08-04",
        "acceptedDate": "2025-08-04 10:35:13",
        "calendarYear": "2025",
        "period": "Q2",
        "revenue": 22004000000,
        "costOfRevenue": 15116000000,
        "grossProfit": 6879000000,
        "grossProfitRatio": 0.3126249773,
        "researchAndDevelopmentExpenses": 0,
        "generalAndAdministrativeExpenses": 0,
        "sellingAndMarketingExpenses": 0,
        "sellingGeneralAndAdministrativeExpenses": 0,
        "otherExpenses": 2897000000,
        "operatingExpenses": 2897000000,
        "costAndExpenses": 18013000000,
        "interestIncome": 0,
        "interestExpense": 69000000,
        "depreciationAndAmortization": 79000000,
        "ebitda": 4130000000,
        "ebitdaratio": 0.1876931467,
        "operatingIncome": 3982000000,
        "operatingIncomeRatio": 0.1809670969,
        "totalOtherIncomeExpensesNet": 0,
        "incomeBeforeTax": 3982000000,
        "incomeBeforeTaxRatio": 0.1809670969,
        "incomeTaxExpense": 807000000,
        "netIncome": 3175000000,
        "netIncomeRatio": 0.1442919469,
        "eps": 5.42,
        "epsdiluted": 5.4,
        "weightedAverageShsOut": 586200000,
        "weightedAverageShsOutDil": 587800000,
        "link": "https://www.sec.gov/Archives/edgar/data/80661/000008066125000051/0000080661-25-000051-index.htm",
        "finalLink": "https://www.sec.gov/Archives/edgar/data/80661/000008066125000051/pgr-20250630.htm"
    },
    {
        "date": "2025-03-31",
        "symbol": "PGR",
        "reportedCurrency": "USD",
        "cik": "0000080661",
        "fillingDate": "2025-05-05",
        "acceptedDate": "2025-05-05 10:01:20",
        "calendarYear": "2025",
        "period": "Q1",
        "revenue": 20409000000,
        "costOfRevenue": 14260000000,
        "grossProfit": 6142000000,
        "grossProfitRatio": 0.3009456612,
        "researchAndDevelopmentExpenses": 0,
        "generalAndAdministrativeExpenses": 0,
        "sellingAndMarketingExpenses": 0,
        "sellingGeneralAndAdministrativeExpenses": 0,
        "otherExpenses": 2906000000,
        "operatingExpenses": 2906000000,
        "costAndExpenses": 17166000000,
        "interestIncome": 0,
        "interestExpense": 70000000,
        "depreciationAndAmortization": 70000000,
        "ebitda": 3376000000,
        "ebitdaratio": 0.1654172179,
        "operatingIncome": 3236000000,
        "operatingIncomeRatio": 0.1585574991,
        "totalOtherIncomeExpensesNet": 0,
        "incomeBeforeTax": 3236000000,
        "incomeBeforeTaxRatio": 0.1585574991,
        "incomeTaxExpense": 669000000,
        "netIncome": 2567000000,
        "netIncomeRatio": 0.1257778431,
        "eps": 4.38,
        "epsdiluted": 4.37,
        "weightedAverageShsOut": 586000000,
        "weightedAverageShsOutDil": 587700000,
        "link": "https://www.sec.gov/Archives/edgar/data/80661/000008066125000023/0000080661-25-000023-index.htm",
        "finalLink": "https://www.sec.gov/Archives/edgar/data/80661/000008066125000023/pgr-20250331.htm"
    },
    {
        "date": "2024-12-31",
        "symbol": "PGR",
        "reportedCurrency": "USD",
        "cik": "0000080661",
        "fillingDate": "2025-03-03",
        "acceptedDate": "2025-03-03 10:34:24",
        "calendarYear": "2024",
        "period": "Q4",
        "revenue": 20267400000,
        "costOfRevenue": 14435800000,
        "grossProfit": 5831600000,
        "grossProfitRatio": 0.2877330097,
        "researchAndDevelopmentExpenses": 0,
        "generalAndAdministrativeExpenses": 0,
        "sellingAndMarketingExpenses": 0,
        "sellingGeneralAndAdministrativeExpenses": 0,
        "otherExpenses": 2863700000,
        "operatingExpenses": 2863700000,
        "costAndExpenses": 17299500000,
        "interestIncome": 0,
        "interestExpense": 69900000,
        "depreciationAndAmortization": 75800000,
        "ebitda": 3113600000,
        "ebitdaratio": 0.1536260201,
        "operatingIncome": 2967900000,
        "operatingIncomeRatio": 0.1464371355,
        "totalOtherIncomeExpensesNet": 0,
        "incomeBeforeTax": 2967900000,
        "incomeBeforeTaxRatio": 0.1464371355,
        "incomeTaxExpense": 611400000,
        "netIncome": 2356500000,
        "netIncomeRatio": 0.1162704639,
        "eps": 4.02,
        "epsdiluted": 4.01,
        "weightedAverageShsOut": 585550000,
        "weightedAverageShsOutDil": 587650000,
        "link": "https://www.sec.gov/Archives/edgar/data/80661/000008066125000007/0000080661-25-000007-index.htm",
        "finalLink": "https://www.sec.gov/Archives/edgar/data/80661/000008066125000007/pgr-20241231.htm"
    },
    {
        "date": "2024-09-30",
        "symbol": "PGR",
        "reportedCurrency": "USD",
        "cik": "0000080661",
        "fillingDate": "2024-11-04",
        "acceptedDate": "2024-11-04 09:19:11",
        "calendarYear": "2024",
        "period": "Q3",
        "revenue": 19711800000,
        "costOfRevenue": 13900500000,
        "grossProfit": 5811300000,
        "grossProfitRatio": 0.2948132591,
        "researchAndDevelopmentExpenses": 0,
        "generalAndAdministrativeExpenses": 0,
        "sellingAndMarketingExpenses": 0,
        "sellingGeneralAndAdministrativeExpenses": 0,
        "otherExpenses": 2866500000,
        "operatingExpenses": 2866500000,
        "costAndExpenses": 16767000000,
        "interestIncome": 0,
        "interestExpense": 69900000,
        "depreciationAndAmortization": 70200000,
        "ebitda": 3084900000,
        "ebitdaratio": 0.1565001674,
        "operatingIncome": 2944800000,
        "operatingIncomeRatio": 0.1493927495,
        "totalOtherIncomeExpensesNet": 0,
        "incomeBeforeTax": 2944800000,
        "incomeBeforeTaxRatio": 0.1493927495,
        "incomeTaxExpense": 611400000,
        "netIncome": 2333400000,
        "netIncomeRatio": 0.1183757952,
        "eps": 3.98,
        "epsdiluted": 3.97,
        "weightedAverageShsOut": 585600000,
        "weightedAverageShsOutDil": 587600000,
        "link": "https://www.sec.gov/Archives/edgar/data/80661/000008066124000045/0000080661-24-000045-index.htm",
        "finalLink": "https://www.sec.gov/Archives/edgar/data/80661/000008066124000045/pgr-20240930.htm"
    },
    {
        "date": "2024-06-30",
        "symbol": "PGR",
        "reportedCurrency": "USD",
        "cik": "0000080661",
        "fillingDate": "2024-08-05",
        "acceptedDate": "2024-08-05 09:27:02",
        "calendarYear": "2024",
        "period": "Q2",
        "revenue": 18127000000,
        "costOfRevenue": 13903000000,
        "grossProfit": 4224000000,
        "grossProfitRatio": 0.233022563,
        "researchAndDevelopmentExpenses": 0,
        "generalAndAdministrativeExpenses": 0,
        "sellingAndMarketingExpenses": 0,
        "sellingGeneralAndAdministrativeExpenses": 0,
        "otherExpenses": 2364000000,
        "operatingExpenses": 2364000000,
        "costAndExpenses": 16267000000,
        "interestIncome": 0,
        "interestExpense": 69000000,
        "depreciationAndAmortization": 68000000,
        "ebitda": 1997000000,
        "ebitdaratio": 0.110167154,
        "operatingIncome": 1860000000,
        "operatingIncomeRatio": 0.1026093672,
        "totalOtherIncomeExpensesNet": 0,
        "incomeBeforeTax": 1860000000,
        "incomeBeforeTaxRatio": 0.1026093672,
        "incomeTaxExpense": 401000000,
        "netIncome": 1459000000,
        "netIncomeRatio": 0.0804876703,
        "eps": 2.49,
        "epsdiluted": 2.48,
        "weightedAverageShsOut": 585400000,
        "weightedAverageShsOutDil": 587400000,
        "link": "https://www.sec.gov/Archives/edgar/data/80661/000008066124000031/0000080661-24-000031-index.htm",
        "finalLink": "https://www.sec.gov/Archives/edgar/data/80661/000008066124000031/pgr-20240630.htm"
    },
    {
        "date": "2024-03-31",
        "symbol": "PGR",
        "reportedCurrency": "USD",
        "cik": "0000080661",
        "fillingDate": "2024-05-06",
        "acceptedDate": "2024-05-06 09:56:59",
        "calendarYear": "2024",
        "period": "Q1",
        "revenue": 17237000000,
        "costOfRevenue": 12204000000,
        "grossProfit": 5033000000,
        "grossProfitRatio": 0.291988165,
        "researchAndDevelopmentExpenses": 0,
        "generalAndAdministrativeExpenses": 0,
        "sellingAndMarketingExpenses": 0,
        "sellingGeneralAndAdministrativeExpenses": 0,
        "otherExpenses": 2093000000,
        "operatingExpenses": 2093000000,
        "costAndExpenses": 14297000000,
        "interestIncome": 0,
        "interestExpense": 70000000,
        "depreciationAndAmortization": 70000000,
        "ebitda": 3080000000,
        "ebitdaratio": 0.1786853861,
        "operatingIncome": 2940000000,
        "operatingIncomeRatio": 0.1705633231,
        "totalOtherIncomeExpensesNet": 0,
        "incomeBeforeTax": 2940000000,
        "incomeBeforeTaxRatio": 0.1705633231,
        "incomeTaxExpense": 609000000,
        "netIncome": 2331000000,
        "netIncomeRatio": 0.135232349,
        "eps": 3.95,
        "epsdiluted": 3.94,
        "weightedAverageShsOut": 585400000,
        "weightedAverageShsOutDil": 587300000,
        "link": "https://www.sec.gov/Archives/edgar/data/80661/000008066124000018/0000080661-24-000018-index.htm",
        "finalLink": "https://www.sec.gov/Archives/edgar/data/80661/000008066124000018/pgr-20240331.htm"
    },
    {
        "date": "2023-12-31",
        "symbol": "PGR",
        "reportedCurrency": "USD",
        "cik": "0000080661",
        "fillingDate": "2024-02-26",
        "acceptedDate": "2024-02-26 10:46:54",
        "calendarYear": "2023",
        "period": "Q4",
        "revenue": 16883800000,
        "costOfRevenue": 12695100000,
        "grossProfit": 4188700000,
        "grossProfitRatio": 0.248089885,
        "researchAndDevelopmentExpenses": 0,
        "generalAndAdministrativeExpenses": 0,
        "sellingAndMarketingExpenses": 0,
        "sellingGeneralAndAdministrativeExpenses": 0,
        "otherExpenses": 1685300000,
        "operatingExpenses": 1685300000,
        "costAndExpenses": 14380400000,
        "interestIncome": 0,
        "interestExpense": 69700000,
        "depreciationAndAmortization": 76300000,
        "ebitda": 2649400000,
        "ebitdaratio": 0.1569196508,
        "operatingIncome": 2503400000,
        "operatingIncomeRatio": 0.1482723084,
        "totalOtherIncomeExpensesNet": 0,
        "incomeBeforeTax": 2503400000,
        "incomeBeforeTaxRatio": 0.1482723084,
        "incomeTaxExpense": 515600000,
        "netIncome": 1987800000,
        "netIncomeRatio": 0.1177341594,
        "eps": 3.38,
        "epsdiluted": 3.37,
        "weightedAverageShsOut": 585300000,
        "weightedAverageShsOutDil": 587500000,
        "link": "https://www.sec.gov/Archives/edgar/data/80661/000008066124000007/0000080661-24-000007-index.htm",
        "finalLink": "https://www.sec.gov/Archives/edgar/data/80661/000008066124000007/pgr-20231231.htm"
    },
    {
        "date": "2023-09-30",
        "symbol": "PGR",
        "reportedCurrency": "USD",
        "cik": "0000080661",
        "fillingDate": "2023-10-31",
        "acceptedDate": "2023-10-31 08:41:29",
        "calendarYear": "2023",
        "period": "Q3",
        "revenue": 15553400000,
        "costOfRevenue": 12561100000,
        "grossProfit": 2992300000,
        "grossProfitRatio": 0.1923888024,
        "researchAndDevelopmentExpenses": 0,
        "generalAndAdministrativeExpenses": 0,
        "sellingAndMarketingExpenses": 0,
        "sellingGeneralAndAdministrativeExpenses": 0,
        "otherExpenses": 1582100000,
        "operatingExpenses": 1582100000,
        "costAndExpenses": 14143200000,
        "interestIncome": 0,
        "interestExpense": 69700000,
        "depreciationAndAmortization": 71400000,
        "ebitda": 1551300000,
        "ebitdaratio": 0.0997402497,
        "operatingIncome": 1410200000,
        "operatingIncomeRatio": 0.0906682783,
        "totalOtherIncomeExpensesNet": 0,
        "incomeBeforeTax": 1410200000,
        "incomeBeforeTaxRatio": 0.0906682783,
        "incomeTaxExpense": 288900000,
        "netIncome": 1121300000,
        "netIncomeRatio": 0.0720935615,
        "eps": 1.9,
        "epsdiluted": 1.89,
        "weightedAverageShsOut": 584800000,
        "weightedAverageShsOutDil": 587500000,
        "link": "https://www.sec.gov/Archives/edgar/data/80661/000008066123000049/0000080661-23-000049-index.htm",
        "finalLink": "https://www.sec.gov/Archives/edgar/data/80661/000008066123000049/pgr-20230930.htm"
    },
    {
        "date": "2023-06-30",
        "symbol": "PGR",
        "reportedCurrency": "USD",
        "cik": "0000080661",
        "fillingDate": "2023-08-01",
        "acceptedDate": "2023-08-01 10:13:34",
        "calendarYear": "2023",
        "period": "Q2",
        "revenue": 15347400000,
        "costOfRevenue": 13323700000,
        "grossProfit": 2023700000,
        "grossProfitRatio": 0.1318594681,
        "researchAndDevelopmentExpenses": 0,
        "generalAndAdministrativeExpenses": 0,
        "sellingAndMarketingExpenses": 0,
        "sellingGeneralAndAdministrativeExpenses": 0,
        "otherExpenses": 1588000000,
        "operatingExpenses": 1588000000,
        "costAndExpenses": 14911700000,
        "interestIncome": 0,
        "interestExpense": 65700000,
        "depreciationAndAmortization": 72600000,
        "ebitda": 574000000,
        "ebitdaratio": 0.0374004717,
        "operatingIncome": 435700000,
        "operatingIncomeRatio": 0.0283891734,
        "totalOtherIncomeExpensesNet": 0,
        "incomeBeforeTax": 435700000,
        "incomeBeforeTaxRatio": 0.0283891734,
        "incomeTaxExpense": 90300000,
        "netIncome": 345400000,
        "netIncomeRatio": 0.0225054407,
        "eps": 0.57,
        "epsdiluted": 0.57,
        "weightedAverageShsOut": 584900000,
        "weightedAverageShsOutDil": 587000000,
        "link": "https://www.sec.gov/Archives/edgar/data/80661/000008066123000037/0000080661-23-000037-index.htm",
        "finalLink": "https://www.sec.gov/Archives/edgar/data/80661/000008066123000037/pgr-20230630.htm"
    },
    {
        "date": "2023-03-31",
        "symbol": "PGR",
        "reportedCurrency": "USD",
        "cik": "0000080661",
        "fillingDate": "2023-05-02",
        "acceptedDate": "2023-05-02 11:19:04",
        "calendarYear": "2023",
        "period": "Q1",
        "revenue": 14297700000,
        "costOfRevenue": 11739800000,
        "grossProfit": 2557900000,
        "grossProfitRatio": 0.1789029005,
        "researchAndDevelopmentExpenses": 0,
        "generalAndAdministrativeExpenses": 0,
        "sellingAndMarketingExpenses": 0,
        "sellingGeneralAndAdministrativeExpenses": 0,
        "otherExpenses": 2003500000,
        "operatingExpenses": 2003500000,
        "costAndExpenses": 13743300000,
        "interestIncome": 0,
        "interestExpense": 63300000,
        "depreciationAndAmortization": 68000000,
        "ebitda": 685700000,
        "ebitdaratio": 0.0479587626,
        "operatingIncome": 554400000,
        "operatingIncomeRatio": 0.0387754674,
        "totalOtherIncomeExpensesNet": 0,
        "incomeBeforeTax": 554400000,
        "incomeBeforeTaxRatio": 0.0387754674,
        "incomeTaxExpense": 106500000,
        "netIncome": 447900000,
        "netIncomeRatio": 0.0313267169,
        "eps": 0.75,
        "epsdiluted": 0.75,
        "weightedAverageShsOut": 584900000,
        "weightedAverageShsOutDil": 587000000,
        "link": "https://www.sec.gov/Archives/edgar/data/80661/000008066123000023/0000080661-23-000023-index.htm",
        "finalLink": "https://www.sec.gov/Archives/edgar/data/80661/000008066123000023/pgr-20230331.htm"
    },
    {
        "date": "2022-12-31",
        "symbol": "PGR",
        "reportedCurrency": "USD",
        "cik": "0000080661",
        "fillingDate": "2023-02-27",
        "acceptedDate": "2023-02-27 10:13:46",
        "calendarYear": "2022",
        "period": "Q4",
        "revenue": 13462900000,
        "costOfRevenue": 10873600000,
        "grossProfit": 2589300000,
        "grossProfitRatio": 0.1923285473,
        "researchAndDevelopmentExpenses": 0,
        "generalAndAdministrativeExpenses": 0,
        "sellingAndMarketingExpenses": 0,
        "sellingGeneralAndAdministrativeExpenses": 0,
        "otherExpenses": 1564000000,
        "operatingExpenses": 1564000000,
        "costAndExpenses": 12437600000,
        "interestIncome": 0,
        "interestExpense": 63100000,
        "depreciationAndAmortization": 83600000,
        "ebitda": 1172000000,
        "ebitdaratio": 0.0870540522,
        "operatingIncome": 1025300000,
        "operatingIncomeRatio": 0.0761574401,
        "totalOtherIncomeExpensesNet": 0,
        "incomeBeforeTax": 1025300000,
        "incomeBeforeTaxRatio": 0.0761574401,
        "incomeTaxExpense": 198900000,
        "netIncome": 826400000,
        "netIncomeRatio": 0.0613835058,
        "eps": 1.4,
        "epsdiluted": 1.4,
        "weightedAverageShsOut": 584900000,
        "weightedAverageShsOutDil": 587100000,
        "link": "https://www.sec.gov/Archives/edgar/data/80661/000008066123000006/0000080661-23-000006-index.htm",
        "finalLink": "https://www.sec.gov/Archives/edgar/data/80661/000008066123000006/pgr-20221231.htm"
    },
    {
        "date": "2022-09-30",
        "symbol": "PGR",
        "reportedCurrency": "USD",
        "cik": "0000080661",
        "fillingDate": "2022-11-01",
        "acceptedDate": "2022-11-01 09:50:29",
        "calendarYear": "2022",
        "period": "Q3",
        "revenue": 12774400000,
        "costOfRevenue": 10989600000,
        "grossProfit": 1784800000,
        "grossProfitRatio": 0.1397169339,
        "researchAndDevelopmentExpenses": 0,
        "generalAndAdministrativeExpenses": 0,
        "sellingAndMarketingExpenses": 0,
        "sellingGeneralAndAdministrativeExpenses": 0,
        "otherExpenses": 1642300000,
        "operatingExpenses": 1642300000,
        "costAndExpenses": 12631900000,
        "interestIncome": 0,
        "interestExpense": 63100000,
        "depreciationAndAmortization": 83300000,
        "ebitda": 288900000,
        "ebitdaratio": 0.0226155436,
        "operatingIncome": 142500000,
        "operatingIncomeRatio": 0.0111551227,
        "totalOtherIncomeExpensesNet": 0,
        "incomeBeforeTax": 142500000,
        "incomeBeforeTaxRatio": 0.0111551227,
        "incomeTaxExpense": 18400000,
        "netIncome": 124100000,
        "netIncomeRatio": 0.009714742,
        "eps": 0.21,
        "epsdiluted": 0.21,
        "weightedAverageShsOut": 584500000,
        "weightedAverageShsOutDil": 587100000,
        "link": "https://www.sec.gov/Archives/edgar/data/80661/000008066122000080/0000080661-22-000080-index.htm",
        "finalLink": "https://www.sec.gov/Archives/edgar/data/80661/000008066122000080/pgr-20220930.htm"
    },
    {
        "date": "2022-06-30",
        "symbol": "PGR",
        "reportedCurrency": "USD",
        "cik": "0000080661",
        "fillingDate": "2022-08-02",
        "acceptedDate": "2022-08-02 09:56:44",
        "calendarYear": "2022",
        "period": "Q2",
        "revenue": 11513300000,
        "costOfRevenue": 10354700000,
        "grossProfit": 1158600000,
        "grossProfitRatio": 0.1006314436,
        "researchAndDevelopmentExpenses": 0,
        "generalAndAdministrativeExpenses": 0,
        "sellingAndMarketingExpenses": 0,
        "sellingGeneralAndAdministrativeExpenses": 0,
        "otherExpenses": 1794500000,
        "operatingExpenses": 1794500000,
        "costAndExpenses": 12149200000,
        "interestIncome": 0,
        "interestExpense": 63000000,
        "depreciationAndAmortization": 84000000,
        "ebitda": -488900000,
        "ebitdaratio": -0.042463933,
        "operatingIncome": -635900000,
        "operatingIncomeRatio": -0.0552317754,
        "totalOtherIncomeExpensesNet": 0,
        "incomeBeforeTax": -635900000,
        "incomeBeforeTaxRatio": -0.0552317754,
        "incomeTaxExpense": -93000000,
        "netIncome": -542900000,
        "netIncomeRatio": -0.0471541608,
        "eps": -0.93,
        "epsdiluted": -0.93,
        "weightedAverageShsOut": 584300000,
        "weightedAverageShsOutDil": 586500000,
        "link": "https://www.sec.gov/Archives/edgar/data/80661/000008066122000071/0000080661-22-000071-index.htm",
        "finalLink": "https://www.sec.gov/Archives/edgar/data/80661/000008066122000071/pgr-20220630.htm"
    },
    {
        "date": "2022-03-31",
        "symbol": "PGR",
        "reportedCurrency": "USD",
        "cik": "0000080661",
        "fillingDate": "2022-05-02",
        "acceptedDate": "2022-05-02 10:06:53",
        "calendarYear": "2022",
        "period": "Q1",
        "revenue": 11835800000,
        "costOfRevenue": 9821800000,
        "grossProfit": 2014000000,
        "grossProfitRatio": 0.1701617128,
        "researchAndDevelopmentExpenses": 0,
        "generalAndAdministrativeExpenses": 0,
        "sellingAndMarketingExpenses": 0,
        "sellingGeneralAndAdministrativeExpenses": 0,
        "otherExpenses": 1623800000,
        "operatingExpenses": 1623800000,
        "costAndExpenses": 11445600000,
        "interestIncome": 0,
        "interestExpense": 54300000,
        "depreciationAndAmortization": 85700000,
        "ebitda": 530200000,
        "ebitdaratio": 0.044796296,
        "operatingIncome": 390200000,
        "operatingIncomeRatio": 0.0329677757,
        "totalOtherIncomeExpensesNet": 0,
        "incomeBeforeTax": 390200000,
        "incomeBeforeTaxRatio": 0.0329677757,
        "incomeTaxExpense": 76300000,
        "netIncome": 313900000,
        "netIncomeRatio": 0.0265212322,
        "eps": 0.54,
        "epsdiluted": 0.54,
        "weightedAverageShsOut": 584300000,
        "weightedAverageShsOutDil": 586300000,
        "link": "https://www.sec.gov/Archives/edgar/data/80661/000008066122000058/0000080661-22-000058-index.htm",
        "finalLink": "https://www.sec.gov/Archives/edgar/data/80661/000008066122000058/pgr-20220331.htm"
    },
    {
        "date": "2021-12-31",
        "symbol": "PGR",
        "reportedCurrency": "USD",
        "cik": "0000080661",
        "fillingDate": "2022-02-28",
        "acceptedDate": "2022-02-28 09:40:01",
        "calendarYear": "2021",
        "period": "Q4",
        "revenue": 12485100000,
        "costOfRevenue": 9818100000,
        "grossProfit": 2667000000,
        "grossProfitRatio": 0.2136146286,
        "researchAndDevelopmentExpenses": 0,
        "generalAndAdministrativeExpenses": 0,
        "sellingAndMarketingExpenses": 0,
        "sellingGeneralAndAdministrativeExpenses": 0,
        "otherExpenses": 1463100000,
        "operatingExpenses": 1463100000,
        "costAndExpenses": 11281200000,
        "interestIncome": 0,
        "interestExpense": 51600000,
        "depreciationAndAmortization": 90400000,
        "ebitda": 1345900000,
        "ebitdaratio": 0.1078004982,
        "operatingIncome": 1203900000,
        "operatingIncomeRatio": 0.0964269409,
        "totalOtherIncomeExpensesNet": 0,
        "incomeBeforeTax": 1203900000,
        "incomeBeforeTaxRatio": 0.0964269409,
        "incomeTaxExpense": 241600000,
        "netIncome": 962300000,
        "netIncomeRatio": 0.0770758744,
        "eps": 1.65,
        "epsdiluted": 1.65,
        "weightedAverageShsOut": 583900000,
        "weightedAverageShsOutDil": 584700000,
        "link": "https://www.sec.gov/Archives/edgar/data/80661/000008066122000046/0000080661-22-000046-index.htm",
        "finalLink": "https://www.sec.gov/Archives/edgar/data/80661/000008066122000046/pgr-20211231.htm"
    },
    {
        "date": "2021-09-30",
        "symbol": "PGR",
        "reportedCurrency": "USD",
        "cik": "0000080661",
        "fillingDate": "2021-11-02",
        "acceptedDate": "2021-11-02 10:00:37",
        "calendarYear": "2021",
        "period": "Q3",
        "revenue": 11852600000,
        "costOfRevenue": 10202200000,
        "grossProfit": 1650400000,
        "grossProfitRatio": 0.1392437102,
        "researchAndDevelopmentExpenses": 0,
        "generalAndAdministrativeExpenses": 0,
        "sellingAndMarketingExpenses": 0,
        "sellingGeneralAndAdministrativeExpenses": 0,
        "otherExpenses": 1511400000,
        "operatingExpenses": 1511400000,
        "costAndExpenses": 11713600000,
        "interestIncome": 0,
        "interestExpense": 54200000,
        "depreciationAndAmortization": 89100000,
        "ebitda": 282300000,
        "ebitdaratio": 0.023817559,
        "operatingIncome": 139000000,
        "operatingIncomeRatio": 0.0117273847,
        "totalOtherIncomeExpensesNet": 0,
        "incomeBeforeTax": 139000000,
        "incomeBeforeTaxRatio": 0.0117273847,
        "incomeTaxExpense": 20500000,
        "netIncome": 118500000,
        "netIncomeRatio": 0.0099978064,
        "eps": 0.19,
        "epsdiluted": 0.19,
        "weightedAverageShsOut": 584700000,
        "weightedAverageShsOutDil": 587100000,
        "link": "https://www.sec.gov/Archives/edgar/data/80661/000008066121000053/0000080661-21-000053-index.htm",
        "finalLink": "https://www.sec.gov/Archives/edgar/data/80661/000008066121000053/pgr-20210930.htm"
    },
    {
        "date": "2021-06-30",
        "symbol": "PGR",
        "reportedCurrency": "USD",
        "cik": "0000080661",
        "fillingDate": "2021-08-03",
        "acceptedDate": "2021-08-03 10:06:44",
        "calendarYear": "2021",
        "period": "Q2",
        "revenue": 11899200000,
        "costOfRevenue": 9335200000,
        "grossProfit": 2564000000,
        "grossProfitRatio": 0.2154766707,
        "researchAndDevelopmentExpenses": 0,
        "generalAndAdministrativeExpenses": 0,
        "sellingAndMarketingExpenses": 0,
        "sellingGeneralAndAdministrativeExpenses": 0,
        "otherExpenses": 1564800000,
        "operatingExpenses": 1564800000,
        "costAndExpenses": 10900000000,
        "interestIncome": 0,
        "interestExpense": 56400000,
        "depreciationAndAmortization": 80800000,
        "ebitda": 1136400000,
        "ebitdaratio": 0.0955022186,
        "operatingIncome": 999200000,
        "operatingIncomeRatio": 0.0839720317,
        "totalOtherIncomeExpensesNet": 0,
        "incomeBeforeTax": 999200000,
        "incomeBeforeTaxRatio": 0.0839720317,
        "incomeTaxExpense": 209100000,
        "netIncome": 790100000,
        "netIncomeRatio": 0.0663994218,
        "eps": 1.34,
        "epsdiluted": 1.34,
        "weightedAverageShsOut": 584600000,
        "weightedAverageShsOutDil": 586800000,
        "link": "https://www.sec.gov/Archives/edgar/data/80661/000008066121000044/0000080661-21-000044-index.htm",
        "finalLink": "https://www.sec.gov/Archives/edgar/data/80661/000008066121000044/pgr-20210630.htm"
    },
    {
        "date": "2021-03-31",
        "symbol": "PGR",
        "reportedCurrency": "USD",
        "cik": "0000080661",
        "fillingDate": "2021-05-04",
        "acceptedDate": "2021-05-04 11:30:28",
        "calendarYear": "2021",
        "period": "Q1",
        "revenue": 11439600000,
        "costOfRevenue": 7984900000,
        "grossProfit": 3454700000,
        "grossProfitRatio": 0.301994825,
        "researchAndDevelopmentExpenses": 0,
        "generalAndAdministrativeExpenses": 0,
        "sellingAndMarketingExpenses": 0,
        "sellingGeneralAndAdministrativeExpenses": 0,
        "otherExpenses": 1586800000,
        "operatingExpenses": 1586800000,
        "costAndExpenses": 9571700000,
        "interestIncome": 0,
        "interestExpense": 56400000,
        "depreciationAndAmortization": 77100000,
        "ebitda": 2001400000,
        "ebitdaratio": 0.1749536697,
        "operatingIncome": 1867900000,
        "operatingIncomeRatio": 0.1632836812,
        "totalOtherIncomeExpensesNet": 0,
        "incomeBeforeTax": 1867900000,
        "incomeBeforeTaxRatio": 0.1632836812,
        "incomeTaxExpense": 387900000,
        "netIncome": 1480000000,
        "netIncomeRatio": 0.129375153,
        "eps": 2.51,
        "epsdiluted": 2.51,
        "weightedAverageShsOut": 584900000,
        "weightedAverageShsOutDil": 586900000,
        "link": "https://www.sec.gov/Archives/edgar/data/80661/000008066121000030/0000080661-21-000030-index.htm",
        "finalLink": "https://www.sec.gov/Archives/edgar/data/80661/000008066121000030/pgr-20210331.htm"
    },
    {
        "date": "2020-12-31",
        "symbol": "PGR",
        "reportedCurrency": "USD",
        "cik": "0000080661",
        "fillingDate": "2021-03-01",
        "acceptedDate": "2021-03-01 10:23:49",
        "calendarYear": "2020",
        "period": "Q4",
        "revenue": 11410300000,
        "costOfRevenue": 7791800000,
        "grossProfit": 3618500000,
        "grossProfitRatio": 0.3171257548,
        "researchAndDevelopmentExpenses": 0,
        "generalAndAdministrativeExpenses": 0,
        "sellingAndMarketingExpenses": 0,
        "sellingGeneralAndAdministrativeExpenses": 0,
        "otherExpenses": 1512300000,
        "operatingExpenses": 1512300000,
        "costAndExpenses": 9304100000,
        "interestIncome": 0,
        "interestExpense": 56200000,
        "depreciationAndAmortization": 87800000,
        "ebitda": 2250200000,
        "ebitdaratio": 0.1972077859,
        "operatingIncome": 2106200000,
        "operatingIncomeRatio": 0.1845876094,
        "totalOtherIncomeExpensesNet": 0,
        "incomeBeforeTax": 2106200000,
        "incomeBeforeTaxRatio": 0.1845876094,
        "incomeTaxExpense": 421900000,
        "netIncome": 1684300000,
        "netIncomeRatio": 0.1476122451,
        "eps": 2.88,
        "epsdiluted": 2.88,
        "weightedAverageShsOut": 584900000,
        "weightedAverageShsOutDil": 585200000,
        "link": "https://www.sec.gov/Archives/edgar/data/80661/000008066121000014/0000080661-21-000014-index.htm",
        "finalLink": "https://www.sec.gov/Archives/edgar/data/80661/000008066121000014/pgr-20201231.htm"
    },
    {
        "date": "2020-09-30",
        "symbol": "PGR",
        "reportedCurrency": "USD",
        "cik": "0000080661",
        "fillingDate": "2020-11-03",
        "acceptedDate": "2020-11-03 09:52:35",
        "calendarYear": "2020",
        "period": "Q3",
        "revenue": 10942500000,
        "costOfRevenue": 7548300000,
        "grossProfit": 3394200000,
        "grossProfitRatio": 0.3101850583,
        "researchAndDevelopmentExpenses": 0,
        "generalAndAdministrativeExpenses": 0,
        "sellingAndMarketingExpenses": 0,
        "sellingGeneralAndAdministrativeExpenses": 0,
        "otherExpenses": 1470700000,
        "operatingExpenses": 1470700000,
        "costAndExpenses": 9019000000,
        "interestIncome": 0,
        "interestExpense": 56400000,
        "depreciationAndAmortization": 85100000,
        "ebitda": 2065000000,
        "ebitdaratio": 0.1887137309,
        "operatingIncome": 1923500000,
        "operatingIncomeRatio": 0.1757824994,
        "totalOtherIncomeExpensesNet": 0,
        "incomeBeforeTax": 1923500000,
        "incomeBeforeTaxRatio": 0.1757824994,
        "incomeTaxExpense": 392700000,
        "netIncome": 1530800000,
        "netIncomeRatio": 0.1398949052,
        "eps": 0.39,
        "epsdiluted": 0.39,
        "weightedAverageShsOut": 585200000,
        "weightedAverageShsOutDil": 587800000,
        "link": "https://www.sec.gov/Archives/edgar/data/80661/000008066120000040/0000080661-20-000040-index.htm",
        "finalLink": "https://www.sec.gov/Archives/edgar/data/80661/000008066120000040/pgr-20200930.htm"
    },
    {
        "date": "2020-06-30",
        "symbol": "PGR",
        "reportedCurrency": "USD",
        "cik": "0000080661",
        "fillingDate": "2020-08-04",
        "acceptedDate": "2020-08-04 10:15:09",
        "calendarYear": "2020",
        "period": "Q2",
        "revenue": 10967200000,
        "costOfRevenue": 6116900000,
        "grossProfit": 4850300000,
        "grossProfitRatio": 0.4422550879,
        "researchAndDevelopmentExpenses": 0,
        "generalAndAdministrativeExpenses": 0,
        "sellingAndMarketingExpenses": 0,
        "sellingGeneralAndAdministrativeExpenses": 0,
        "otherExpenses": 2581500000,
        "operatingExpenses": 2581500000,
        "costAndExpenses": 8698400000,
        "interestIncome": 0,
        "interestExpense": 56400000,
        "depreciationAndAmortization": 81800000,
        "ebitda": 2407000000,
        "ebitdaratio": 0.2194726092,
        "operatingIncome": 2268800000,
        "operatingIncomeRatio": 0.2068713984,
        "totalOtherIncomeExpensesNet": 0,
        "incomeBeforeTax": 2268800000,
        "incomeBeforeTaxRatio": 0.2068713984,
        "incomeTaxExpense": 478400000,
        "netIncome": 1790400000,
        "netIncomeRatio": 0.1632504194,
        "eps": 0.8,
        "epsdiluted": 0.8,
        "weightedAverageShsOut": 584900000,
        "weightedAverageShsOutDil": 587300000,
        "link": "https://www.sec.gov/Archives/edgar/data/80661/000008066120000032/0000080661-20-000032-index.htm",
        "finalLink": "https://www.sec.gov/Archives/edgar/data/80661/000008066120000032/pgr-202063010q2ndquart.htm"
    },
    {
        "date": "2020-03-31",
        "symbol": "PGR",
        "reportedCurrency": "USD",
        "cik": "0000080661",
        "fillingDate": "2020-05-05",
        "acceptedDate": "2020-05-05 13:01:39",
        "calendarYear": "2020",
        "period": "Q1",
        "revenue": 9318100000,
        "costOfRevenue": 6938000000,
        "grossProfit": 2380100000,
        "grossProfitRatio": 0.2554276086,
        "researchAndDevelopmentExpenses": 0,
        "generalAndAdministrativeExpenses": 47500000,
        "sellingAndMarketingExpenses": 0,
        "sellingGeneralAndAdministrativeExpenses": 47500000,
        "otherExpenses": 1457900000,
        "operatingExpenses": 1505400000,
        "costAndExpenses": 8443400000,
        "interestIncome": 0,
        "interestExpense": 48000000,
        "depreciationAndAmortization": 77100000,
        "ebitda": 999800000,
        "ebitdaratio": 0.1072965519,
        "operatingIncome": 874700000,
        "operatingIncomeRatio": 0.0938710681,
        "totalOtherIncomeExpensesNet": 0,
        "incomeBeforeTax": 874700000,
        "incomeBeforeTaxRatio": 0.0938710681,
        "incomeTaxExpense": 175600000,
        "netIncome": 692700000,
        "netIncomeRatio": 0.0743391893,
        "eps": 1.17,
        "epsdiluted": 1.17,
        "weightedAverageShsOut": 584700000,
        "weightedAverageShsOutDil": 586900000,
        "link": "https://www.sec.gov/Archives/edgar/data/80661/000008066120000020/0000080661-20-000020-index.htm",
        "finalLink": "https://www.sec.gov/Archives/edgar/data/80661/000008066120000020/pgr-202033110q1stquart.htm"
    },
    {
        "date": "2019-12-31",
        "symbol": "PGR",
        "reportedCurrency": "USD",
        "cik": "0000080661",
        "fillingDate": "2020-03-02",
        "acceptedDate": "2020-03-02 15:56:08",
        "calendarYear": "2019",
        "period": "Q4",
        "revenue": 10734800000,
        "costOfRevenue": 7969600000,
        "grossProfit": 2765200000,
        "grossProfitRatio": 0.2575921303,
        "researchAndDevelopmentExpenses": 0,
        "generalAndAdministrativeExpenses": 46800000,
        "sellingAndMarketingExpenses": 0,
        "sellingGeneralAndAdministrativeExpenses": 46800000,
        "otherExpenses": 1379500000,
        "operatingExpenses": 1426300000,
        "costAndExpenses": 9395900000,
        "interestIncome": 0,
        "interestExpense": 47400000,
        "depreciationAndAmortization": 83400000,
        "ebitda": 1469700000,
        "ebitdaratio": 0.1369098632,
        "operatingIncome": 1338900000,
        "operatingIncomeRatio": 0.1247251928,
        "totalOtherIncomeExpensesNet": 0,
        "incomeBeforeTax": 1338900000,
        "incomeBeforeTaxRatio": 0.1247251928,
        "incomeTaxExpense": 264300000,
        "netIncome": 1070800000,
        "netIncomeRatio": 0.0997503447,
        "eps": 1.83,
        "epsdiluted": 1.83,
        "weightedAverageShsOut": 584100000,
        "weightedAverageShsOutDil": 584700000,
        "link": "https://www.sec.gov/Archives/edgar/data/80661/000008066120000006/0000080661-20-000006-index.htm",
        "finalLink": "https://www.sec.gov/Archives/edgar/data/80661/000008066120000006/pgr-20191231x10k.htm"
    },
    {
        "date": "2019-09-30",
        "symbol": "PGR",
        "reportedCurrency": "USD",
        "cik": "0000080661",
        "fillingDate": "2019-11-06",
        "acceptedDate": "2019-11-06 13:18:37",
        "calendarYear": "2019",
        "period": "Q3",
        "revenue": 9524600000,
        "costOfRevenue": 7177800000,
        "grossProfit": 2346800000,
        "grossProfitRatio": 0.2463935493,
        "researchAndDevelopmentExpenses": 0,
        "generalAndAdministrativeExpenses": 48700000,
        "sellingAndMarketingExpenses": 0,
        "sellingGeneralAndAdministrativeExpenses": 48700000,
        "otherExpenses": 1287800000,
        "operatingExpenses": 1336500000,
        "costAndExpenses": 8514300000,
        "interestIncome": 0,
        "interestExpense": 47500000,
        "depreciationAndAmortization": 72200000,
        "ebitda": 1130000000,
        "ebitdaratio": 0.1186401529,
        "operatingIncome": 1010300000,
        "operatingIncomeRatio": 0.106072696,
        "totalOtherIncomeExpensesNet": 0,
        "incomeBeforeTax": 1010300000,
        "incomeBeforeTaxRatio": 0.106072696,
        "incomeTaxExpense": 166700000,
        "netIncome": 841700000,
        "netIncomeRatio": 0.0883711652,
        "eps": 1.43,
        "epsdiluted": 1.42,
        "weightedAverageShsOut": 584100000,
        "weightedAverageShsOutDil": 587100000,
        "link": "https://www.sec.gov/Archives/edgar/data/80661/000008066119000043/0000080661-19-000043-index.htm",
        "finalLink": "https://www.sec.gov/Archives/edgar/data/80661/000008066119000043/pgr-201993010q3rdquart.htm"
    },
    {
        "date": "2019-06-30",
        "symbol": "PGR",
        "reportedCurrency": "USD",
        "cik": "0000080661",
        "fillingDate": "2019-08-07",
        "acceptedDate": "2019-08-07 13:33:34",
        "calendarYear": "2019",
        "period": "Q2",
        "revenue": 9444500000,
        "costOfRevenue": 6876700000,
        "grossProfit": 2567800000,
        "grossProfitRatio": 0.2718831066,
        "researchAndDevelopmentExpenses": 0,
        "generalAndAdministrativeExpenses": 45300000,
        "sellingAndMarketingExpenses": 0,
        "sellingGeneralAndAdministrativeExpenses": 45300000,
        "otherExpenses": 1278900000,
        "operatingExpenses": 1324200000,
        "costAndExpenses": 8200900000,
        "interestIncome": 0,
        "interestExpense": 47400000,
        "depreciationAndAmortization": 80000000,
        "ebitda": 1371000000,
        "ebitdaratio": 0.145163852,
        "operatingIncome": 1243600000,
        "operatingIncomeRatio": 0.1316745196,
        "totalOtherIncomeExpensesNet": 0,
        "incomeBeforeTax": 1243600000,
        "incomeBeforeTaxRatio": 0.1316745196,
        "incomeTaxExpense": 264600000,
        "netIncome": 979400000,
        "netIncomeRatio": 0.1037005665,
        "eps": 1.67,
        "epsdiluted": 1.66,
        "weightedAverageShsOut": 583600000,
        "weightedAverageShsOutDil": 586900000,
        "link": "https://www.sec.gov/Archives/edgar/data/80661/000008066119000034/0000080661-19-000034-index.htm",
        "finalLink": "https://www.sec.gov/Archives/edgar/data/80661/000008066119000034/pgr-201963010q2ndquart.htm"
    },
    {
        "date": "2019-03-31",
        "symbol": "PGR",
        "reportedCurrency": "USD",
        "cik": "0000080661",
        "fillingDate": "2019-05-01",
        "acceptedDate": "2019-05-01 11:58:01",
        "calendarYear": "2019",
        "period": "Q1",
        "revenue": 9293800000,
        "costOfRevenue": 6469600000,
        "grossProfit": 2824200000,
        "grossProfitRatio": 0.303880006,
        "researchAndDevelopmentExpenses": 0,
        "generalAndAdministrativeExpenses": 38100000,
        "sellingAndMarketingExpenses": 0,
        "sellingGeneralAndAdministrativeExpenses": 38100000,
        "otherExpenses": 1218600000,
        "operatingExpenses": 1256700000,
        "costAndExpenses": 7726300000,
        "interestIncome": 0,
        "interestExpense": 47400000,
        "depreciationAndAmortization": 70500000,
        "ebitda": 1685400000,
        "ebitdaratio": 0.1813467043,
        "operatingIncome": 1567500000,
        "operatingIncomeRatio": 0.1686608276,
        "totalOtherIncomeExpensesNet": 0,
        "incomeBeforeTax": 1567500000,
        "incomeBeforeTaxRatio": 0.1686608276,
        "incomeTaxExpense": 484700000,
        "netIncome": 1078400000,
        "netIncomeRatio": 0.1160343455,
        "eps": 1.84,
        "epsdiluted": 1.83,
        "weightedAverageShsOut": 583500000,
        "weightedAverageShsOutDil": 586600000,
        "link": "https://www.sec.gov/Archives/edgar/data/80661/000008066119000023/0000080661-19-000023-index.htm",
        "finalLink": "https://www.sec.gov/Archives/edgar/data/80661/000008066119000023/pgr-201933110q1stquart.htm"
    },
    {
        "date": "2018-12-31",
        "symbol": "PGR",
        "reportedCurrency": "USD",
        "cik": "0000080661",
        "fillingDate": "2019-02-27",
        "acceptedDate": "2019-02-27 08:23:22",
        "calendarYear": "2018",
        "period": "Q4",
        "revenue": 8028800000,
        "costOfRevenue": 6635800000,
        "grossProfit": 1393000000,
        "grossProfitRatio": 0.1735003986,
        "researchAndDevelopmentExpenses": 0,
        "generalAndAdministrativeExpenses": 32000000,
        "sellingAndMarketingExpenses": 0,
        "sellingGeneralAndAdministrativeExpenses": 32000000,
        "otherExpenses": 1118800000,
        "operatingExpenses": 1150800000,
        "costAndExpenses": 7786600000,
        "interestIncome": 0,
        "interestExpense": 46000000,
        "depreciationAndAmortization": 70600000,
        "ebitda": 358800000,
        "ebitdaratio": 0.0446891192,
        "operatingIncome": 242200000,
        "operatingIncomeRatio": 0.030166401,
        "totalOtherIncomeExpensesNet": 0,
        "incomeBeforeTax": 242200000,
        "incomeBeforeTaxRatio": 0.030166401,
        "incomeTaxExpense": -17600000,
        "netIncome": 264700000,
        "netIncomeRatio": 0.0329688123,
        "eps": 0.45,
        "epsdiluted": 0.45,
        "weightedAverageShsOut": 583000000,
        "weightedAverageShsOutDil": 583500000,
        "link": "https://www.sec.gov/Archives/edgar/data/80661/000008066119000008/0000080661-19-000008-index.htm",
        "finalLink": "https://www.sec.gov/Archives/edgar/data/80661/000008066119000008/pgr-20181231x10k.htm"
    },
    {
        "date": "2018-09-30",
        "symbol": "PGR",
        "reportedCurrency": "USD",
        "cik": "0000080661",
        "fillingDate": "2018-10-31",
        "acceptedDate": "2018-10-31 09:27:30",
        "calendarYear": "2018",
        "period": "Q3",
        "revenue": 8490000000,
        "costOfRevenue": 6185800000,
        "grossProfit": 2304200000,
        "grossProfitRatio": 0.271401649,
        "researchAndDevelopmentExpenses": 0,
        "generalAndAdministrativeExpenses": 35800000,
        "sellingAndMarketingExpenses": 0,
        "sellingGeneralAndAdministrativeExpenses": 35800000,
        "otherExpenses": 1137900000,
        "operatingExpenses": 1173700000,
        "costAndExpenses": 7359500000,
        "interestIncome": 0,
        "interestExpense": 42000000,
        "depreciationAndAmortization": 69200000,
        "ebitda": 1241700000,
        "ebitdaratio": 0.146254417,
        "operatingIncome": 1130500000,
        "operatingIncomeRatio": 0.1331566549,
        "totalOtherIncomeExpensesNet": 0,
        "incomeBeforeTax": 1130500000,
        "incomeBeforeTaxRatio": 0.1331566549,
        "incomeTaxExpense": 200300000,
        "netIncome": 928400000,
        "netIncomeRatio": 0.109352179,
        "eps": 1.58,
        "epsdiluted": 1.57,
        "weightedAverageShsOut": 582700000,
        "weightedAverageShsOutDil": 586600000,
        "link": "https://www.sec.gov/Archives/edgar/data/80661/000008066118000050/0000080661-18-000050-index.htm",
        "finalLink": "https://www.sec.gov/Archives/edgar/data/80661/000008066118000050/pgr-201893010q3rdquarter.htm"
    },
    {
        "date": "2018-06-30",
        "symbol": "PGR",
        "reportedCurrency": "USD",
        "cik": "0000080661",
        "fillingDate": "2018-07-31",
        "acceptedDate": "2018-07-31 10:11:25",
        "calendarYear": "2018",
        "period": "Q2",
        "revenue": 8011800000,
        "costOfRevenue": 6006100000,
        "grossProfit": 2005700000,
        "grossProfitRatio": 0.2503432437,
        "researchAndDevelopmentExpenses": 0,
        "generalAndAdministrativeExpenses": 37000000,
        "sellingAndMarketingExpenses": 0,
        "sellingGeneralAndAdministrativeExpenses": 37000000,
        "otherExpenses": 1088600000,
        "operatingExpenses": 1125600000,
        "costAndExpenses": 7131700000,
        "interestIncome": 0,
        "interestExpense": 41700000,
        "depreciationAndAmortization": 63700000,
        "ebitda": 985500000,
        "ebitdaratio": 0.1230060661,
        "operatingIncome": 880100000,
        "operatingIncomeRatio": 0.1098504706,
        "totalOtherIncomeExpensesNet": 0,
        "incomeBeforeTax": 880100000,
        "incomeBeforeTaxRatio": 0.1098504706,
        "incomeTaxExpense": 178900000,
        "netIncome": 704200000,
        "netIncomeRatio": 0.0878953544,
        "eps": 1.2,
        "epsdiluted": 1.19,
        "weightedAverageShsOut": 582000000,
        "weightedAverageShsOutDil": 585800000,
        "link": "https://www.sec.gov/Archives/edgar/data/80661/000008066118000039/0000080661-18-000039-index.htm",
        "finalLink": "https://www.sec.gov/Archives/edgar/data/80661/000008066118000039/pgr-201863010q2ndquarter.htm"
    },
    {
        "date": "2018-03-31",
        "symbol": "PGR",
        "reportedCurrency": "USD",
        "cik": "0000080661",
        "fillingDate": "2018-05-02",
        "acceptedDate": "2018-05-02 10:14:33",
        "calendarYear": "2018",
        "period": "Q1",
        "revenue": 7424100000,
        "costOfRevenue": 5467000000,
        "grossProfit": 1957100000,
        "grossProfitRatio": 0.2636144448,
        "researchAndDevelopmentExpenses": 0,
        "generalAndAdministrativeExpenses": 29300000,
        "sellingAndMarketingExpenses": 0,
        "sellingGeneralAndAdministrativeExpenses": 29300000,
        "otherExpenses": 1017000000,
        "operatingExpenses": 1046300000,
        "costAndExpenses": 6513300000,
        "interestIncome": 0,
        "interestExpense": 36800000,
        "depreciationAndAmortization": 58900000,
        "ebitda": 1006500000,
        "ebitdaratio": 0.1355719885,
        "operatingIncome": 910800000,
        "operatingIncomeRatio": 0.1226815372,
        "totalOtherIncomeExpensesNet": 0,
        "incomeBeforeTax": 910800000,
        "incomeBeforeTaxRatio": 0.1226815372,
        "incomeTaxExpense": 181000000,
        "netIncome": 718000000,
        "netIncomeRatio": 0.0967120594,
        "eps": 1.23,
        "epsdiluted": 1.22,
        "weightedAverageShsOut": 582000000,
        "weightedAverageShsOutDil": 585600000,
        "link": "https://www.sec.gov/Archives/edgar/data/80661/000008066118000025/0000080661-18-000025-index.htm",
        "finalLink": "https://www.sec.gov/Archives/edgar/data/80661/000008066118000025/pgr-201833110q1stquarter.htm"
    },
    {
        "date": "2017-12-31",
        "symbol": "PGR",
        "reportedCurrency": "USD",
        "cik": "0000080661",
        "fillingDate": "2018-02-27",
        "acceptedDate": "2018-02-27 16:46:52",
        "calendarYear": "2017",
        "period": "Q4",
        "revenue": 7115100000,
        "costOfRevenue": 5446900000,
        "grossProfit": 1668200000,
        "grossProfitRatio": 0.2344591081,
        "researchAndDevelopmentExpenses": 0,
        "generalAndAdministrativeExpenses": 27700000,
        "sellingAndMarketingExpenses": 0,
        "sellingGeneralAndAdministrativeExpenses": 27700000,
        "otherExpenses": 949100000,
        "operatingExpenses": 976800000,
        "costAndExpenses": 6423700000,
        "interestIncome": 0,
        "interestExpense": 35500000,
        "depreciationAndAmortization": 61200000,
        "ebitda": 788100000,
        "ebitdaratio": 0.1107644306,
        "operatingIncome": 691400000,
        "operatingIncomeRatio": 0.0971736167,
        "totalOtherIncomeExpensesNet": 0,
        "incomeBeforeTax": 691400000,
        "incomeBeforeTaxRatio": 0.0971736167,
        "incomeTaxExpense": 111100000,
        "netIncome": 576300000,
        "netIncomeRatio": 0.0809967534,
        "eps": 0.99,
        "epsdiluted": 0.99,
        "weightedAverageShsOut": 581100000,
        "weightedAverageShsOutDil": 582000000,
        "link": "https://www.sec.gov/Archives/edgar/data/80661/000008066118000011/0000080661-18-000011-index.htm",
        "finalLink": "https://www.sec.gov/Archives/edgar/data/80661/000008066118000011/pgr-20171231x10k.htm"
    },
    {
        "date": "2017-09-30",
        "symbol": "PGR",
        "reportedCurrency": "USD",
        "cik": "0000080661",
        "fillingDate": "2017-11-02",
        "acceptedDate": "2017-11-02 11:17:46",
        "calendarYear": "2017",
        "period": "Q3",
        "revenue": 6786000000,
        "costOfRevenue": 5590600000,
        "grossProfit": 1195400000,
        "grossProfitRatio": 0.1761567934,
        "researchAndDevelopmentExpenses": 0,
        "generalAndAdministrativeExpenses": 28900000,
        "sellingAndMarketingExpenses": 0,
        "sellingGeneralAndAdministrativeExpenses": 28900000,
        "otherExpenses": 915100000,
        "operatingExpenses": 944000000,
        "costAndExpenses": 6534600000,
        "interestIncome": 0,
        "interestExpense": 37400000,
        "depreciationAndAmortization": 59900000,
        "ebitda": 348700000,
        "ebitdaratio": 0.0513852048,
        "operatingIncome": 251400000,
        "operatingIncomeRatio": 0.0370468612,
        "totalOtherIncomeExpensesNet": 0,
        "incomeBeforeTax": 251400000,
        "incomeBeforeTaxRatio": 0.0370468612,
        "incomeTaxExpense": 36600000,
        "netIncome": 224000000,
        "netIncomeRatio": 0.0330091365,
        "eps": 0.39,
        "epsdiluted": 0.38,
        "weightedAverageShsOut": 581300000,
        "weightedAverageShsOutDil": 585600000,
        "link": "https://www.sec.gov/Archives/edgar/data/80661/000008066117000066/0000080661-17-000066-index.htm",
        "finalLink": "https://www.sec.gov/Archives/edgar/data/80661/000008066117000066/pgr-201793010q3rdquarter.htm"
    },
    {
        "date": "2017-06-30",
        "symbol": "PGR",
        "reportedCurrency": "USD",
        "cik": "0000080661",
        "fillingDate": "2017-08-02",
        "acceptedDate": "2017-08-02 12:13:09",
        "calendarYear": "2017",
        "period": "Q2",
        "revenue": 6599100000,
        "costOfRevenue": 5129100000,
        "grossProfit": 1470000000,
        "grossProfitRatio": 0.2227576488,
        "researchAndDevelopmentExpenses": 0,
        "generalAndAdministrativeExpenses": 27000000,
        "sellingAndMarketingExpenses": 0,
        "sellingGeneralAndAdministrativeExpenses": 27000000,
        "otherExpenses": 888400000,
        "operatingExpenses": 915400000,
        "costAndExpenses": 6044500000,
        "interestIncome": 0,
        "interestExpense": 43400000,
        "depreciationAndAmortization": 58500000,
        "ebitda": 656500000,
        "ebitdaratio": 0.0994832629,
        "operatingIncome": 554600000,
        "operatingIncomeRatio": 0.0840417633,
        "totalOtherIncomeExpensesNet": 0,
        "incomeBeforeTax": 554600000,
        "incomeBeforeTaxRatio": 0.0840417633,
        "incomeTaxExpense": 181900000,
        "netIncome": 367600000,
        "netIncomeRatio": 0.0557045658,
        "eps": 0.63,
        "epsdiluted": 0.63,
        "weightedAverageShsOut": 580500000,
        "weightedAverageShsOutDil": 583800000,
        "link": "https://www.sec.gov/Archives/edgar/data/80661/000008066117000052/0000080661-17-000052-index.htm",
        "finalLink": "https://www.sec.gov/Archives/edgar/data/80661/000008066117000052/pgr-201763010q2ndquarter.htm"
    },
    {
        "date": "2017-03-31",
        "symbol": "PGR",
        "reportedCurrency": "USD",
        "cik": "0000080661",
        "fillingDate": "2017-05-03",
        "acceptedDate": "2017-05-03 10:47:00",
        "calendarYear": "2017",
        "period": "Q1",
        "revenue": 6315900000,
        "costOfRevenue": 4766300000,
        "grossProfit": 1549600000,
        "grossProfitRatio": 0.2453490397,
        "researchAndDevelopmentExpenses": 0,
        "generalAndAdministrativeExpenses": 25900000,
        "sellingAndMarketingExpenses": 0,
        "sellingGeneralAndAdministrativeExpenses": 25900000,
        "otherExpenses": 882200000,
        "operatingExpenses": 908100000,
        "costAndExpenses": 5674400000,
        "interestIncome": 0,
        "interestExpense": 36800000,
        "depreciationAndAmortization": 56500000,
        "ebitda": 734800000,
        "ebitdaratio": 0.1163412974,
        "operatingIncome": 641500000,
        "operatingIncomeRatio": 0.1015690559,
        "totalOtherIncomeExpensesNet": 0,
        "incomeBeforeTax": 641500000,
        "incomeBeforeTaxRatio": 0.1015690559,
        "incomeTaxExpense": 211200000,
        "netIncome": 424300000,
        "netIncomeRatio": 0.0671796577,
        "eps": 0.73,
        "epsdiluted": 0.73,
        "weightedAverageShsOut": 580300000,
        "weightedAverageShsOutDil": 583300000,
        "link": "https://www.sec.gov/Archives/edgar/data/80661/000008066117000025/0000080661-17-000025-index.htm",
        "finalLink": "https://www.sec.gov/Archives/edgar/data/80661/000008066117000025/pgr-201733110q1stquarter.htm"
    },
    {
        "date": "2016-12-31",
        "symbol": "PGR",
        "reportedCurrency": "USD",
        "cik": "0000080661",
        "fillingDate": "2017-03-01",
        "acceptedDate": "2017-03-01 11:59:52",
        "calendarYear": "2016",
        "period": "Q4",
        "revenue": 6122100000,
        "costOfRevenue": 4814200000,
        "grossProfit": 1307900000,
        "grossProfitRatio": 0.2136358439,
        "researchAndDevelopmentExpenses": 0,
        "generalAndAdministrativeExpenses": 23500000,
        "sellingAndMarketingExpenses": 0,
        "sellingGeneralAndAdministrativeExpenses": 23500000,
        "otherExpenses": 746900000,
        "operatingExpenses": 770400000,
        "costAndExpenses": 5584600000,
        "interestIncome": 0,
        "interestExpense": 37100000,
        "depreciationAndAmortization": 58300000,
        "ebitda": 632900000,
        "ebitdaratio": 0.1033795593,
        "operatingIncome": 537500000,
        "operatingIncomeRatio": 0.0877966711,
        "totalOtherIncomeExpensesNet": 0,
        "incomeBeforeTax": 537500000,
        "incomeBeforeTaxRatio": 0.0877966711,
        "incomeTaxExpense": 139400000,
        "netIncome": 383200000,
        "netIncomeRatio": 0.0625929011,
        "eps": 0.66,
        "epsdiluted": 0.66,
        "weightedAverageShsOut": 579600000,
        "weightedAverageShsOutDil": 580300000,
        "link": "https://www.sec.gov/Archives/edgar/data/80661/000008066117000012/0000080661-17-000012-index.htm",
        "finalLink": "https://www.sec.gov/Archives/edgar/data/80661/000008066117000012/pgr-20161231x10k.htm"
    },
    {
        "date": "2016-09-30",
        "symbol": "PGR",
        "reportedCurrency": "USD",
        "cik": "0000080661",
        "fillingDate": "2016-11-03",
        "acceptedDate": "2016-11-03 13:51:20",
        "calendarYear": "2016",
        "period": "Q3",
        "revenue": 5930200000,
        "costOfRevenue": 4873600000,
        "grossProfit": 1056600000,
        "grossProfitRatio": 0.1781727429,
        "researchAndDevelopmentExpenses": 0,
        "generalAndAdministrativeExpenses": 23200000,
        "sellingAndMarketingExpenses": 0,
        "sellingGeneralAndAdministrativeExpenses": 23200000,
        "otherExpenses": 774900000,
        "operatingExpenses": 798100000,
        "costAndExpenses": 5671700000,
        "interestIncome": 0,
        "interestExpense": 35300000,
        "depreciationAndAmortization": 52000000,
        "ebitda": 345800000,
        "ebitdaratio": 0.0583116927,
        "operatingIncome": 258500000,
        "operatingIncomeRatio": 0.0435904354,
        "totalOtherIncomeExpensesNet": 0,
        "incomeBeforeTax": 258500000,
        "incomeBeforeTaxRatio": 0.0435904354,
        "incomeTaxExpense": 53000000,
        "netIncome": 198700000,
        "netIncomeRatio": 0.0335064585,
        "eps": 0.34,
        "epsdiluted": 0.34,
        "weightedAverageShsOut": 581500000,
        "weightedAverageShsOutDil": 584600000,
        "link": "https://www.sec.gov/Archives/edgar/data/80661/000008066116000128/0000080661-16-000128-index.htm",
        "finalLink": "https://www.sec.gov/Archives/edgar/data/80661/000008066116000128/pgr-201693010q3rdquarter.htm"
    },
    {
        "date": "2016-06-30",
        "symbol": "PGR",
        "reportedCurrency": "USD",
        "cik": "0000080661",
        "fillingDate": "2016-08-03",
        "acceptedDate": "2016-08-03 14:39:01",
        "calendarYear": "2016",
        "period": "Q2",
        "revenue": 5812400000,
        "costOfRevenue": 4701900000,
        "grossProfit": 1110500000,
        "grossProfitRatio": 0.1910570504,
        "researchAndDevelopmentExpenses": 0,
        "generalAndAdministrativeExpenses": 23700000,
        "sellingAndMarketingExpenses": 0,
        "sellingGeneralAndAdministrativeExpenses": 23700000,
        "otherExpenses": 799500000,
        "operatingExpenses": 823200000,
        "costAndExpenses": 5525100000,
        "interestIncome": 0,
        "interestExpense": 34300000,
        "depreciationAndAmortization": 46200000,
        "ebitda": 367800000,
        "ebitdaratio": 0.063278508,
        "operatingIncome": 287300000,
        "operatingIncomeRatio": 0.0494288074,
        "totalOtherIncomeExpensesNet": 0,
        "incomeBeforeTax": 287300000,
        "incomeBeforeTaxRatio": 0.0494288074,
        "incomeTaxExpense": 92400000,
        "netIncome": 190900000,
        "netIncomeRatio": 0.0328435758,
        "eps": 0.33,
        "epsdiluted": 0.33,
        "weightedAverageShsOut": 582400000,
        "weightedAverageShsOutDil": 585100000,
        "link": "https://www.sec.gov/Archives/edgar/data/80661/000008066116000116/0000080661-16-000116-index.htm",
        "finalLink": "https://www.sec.gov/Archives/edgar/data/80661/000008066116000116/pgr-201663010q2ndquarter.htm"
    },
    {
        "date": "2016-03-31",
        "symbol": "PGR",
        "reportedCurrency": "USD",
        "cik": "0000080661",
        "fillingDate": "2016-05-05",
        "acceptedDate": "2016-05-05 10:56:14",
        "calendarYear": "2016",
        "period": "Q1",
        "revenue": 5552700000,
        "costOfRevenue": 4353700000,
        "grossProfit": 1199000000,
        "grossProfitRatio": 0.2159309885,
        "researchAndDevelopmentExpenses": 0,
        "generalAndAdministrativeExpenses": 21600000,
        "sellingAndMarketingExpenses": 0,
        "sellingGeneralAndAdministrativeExpenses": 21600000,
        "otherExpenses": 790000000,
        "operatingExpenses": 811600000,
        "costAndExpenses": 5165300000,
        "interestIncome": 0,
        "interestExpense": 34200000,
        "depreciationAndAmortization": 43000000,
        "ebitda": 464600000,
        "ebitdaratio": 0.0836710069,
        "operatingIncome": 387400000,
        "operatingIncomeRatio": 0.0697678607,
        "totalOtherIncomeExpensesNet": 0,
        "incomeBeforeTax": 387400000,
        "incomeBeforeTaxRatio": 0.0697678607,
        "incomeTaxExpense": 128700000,
        "netIncome": 258200000,
        "netIncomeRatio": 0.0464999009,
        "eps": 0.44,
        "epsdiluted": 0.44,
        "weightedAverageShsOut": 583200000,
        "weightedAverageShsOutDil": 585500000,
        "link": "https://www.sec.gov/Archives/edgar/data/80661/000008066116000097/0000080661-16-000097-index.htm",
        "finalLink": "https://www.sec.gov/Archives/edgar/data/80661/000008066116000097/pgr-201633110q1stquarter.htm"
    },
    {
        "date": "2015-12-31",
        "symbol": "PGR",
        "reportedCurrency": "USD",
        "cik": "0000080661",
        "fillingDate": "2016-02-29",
        "acceptedDate": "2016-02-29 12:40:21",
        "calendarYear": "2015",
        "period": "Q4",
        "revenue": 5394500000,
        "costOfRevenue": 4133800000,
        "grossProfit": 1260700000,
        "grossProfitRatio": 0.2337009918,
        "researchAndDevelopmentExpenses": 0,
        "generalAndAdministrativeExpenses": 20700000,
        "sellingAndMarketingExpenses": 0,
        "sellingGeneralAndAdministrativeExpenses": 20700000,
        "otherExpenses": 725900000,
        "operatingExpenses": 746600000,
        "costAndExpenses": 4880400000,
        "interestIncome": 0,
        "interestExpense": 34100000,
        "depreciationAndAmortization": 43200000,
        "ebitda": 591400000,
        "ebitdaratio": 0.1096301789,
        "operatingIncome": 514100000,
        "operatingIncomeRatio": 0.0953007693,
        "totalOtherIncomeExpensesNet": 0,
        "incomeBeforeTax": 514100000,
        "incomeBeforeTaxRatio": 0.0953007693,
        "incomeTaxExpense": 164200000,
        "netIncome": 330400000,
        "netIncomeRatio": 0.061247567,
        "eps": 0.57,
        "epsdiluted": 0.57,
        "weightedAverageShsOut": 583200000,
        "weightedAverageShsOutDil": 583200000,
        "link": "https://www.sec.gov/Archives/edgar/data/80661/000008066116000080/0000080661-16-000080-index.htm",
        "finalLink": "https://www.sec.gov/Archives/edgar/data/80661/000008066116000080/pgr-20151231x10k.htm"
    },
    {
        "date": "2015-09-30",
        "symbol": "PGR",
        "reportedCurrency": "USD",
        "cik": "0000080661",
        "fillingDate": "2015-11-05",
        "acceptedDate": "2015-11-05 11:02:02",
        "calendarYear": "2015",
        "period": "Q3",
        "revenue": 5269800000,
        "costOfRevenue": 4077500000,
        "grossProfit": 1192300000,
        "grossProfitRatio": 0.2262514706,
        "researchAndDevelopmentExpenses": 0,
        "generalAndAdministrativeExpenses": 20400000,
        "sellingAndMarketingExpenses": 0,
        "sellingGeneralAndAdministrativeExpenses": 20400000,
        "otherExpenses": 742900000,
        "operatingExpenses": 763300000,
        "costAndExpenses": 4840800000,
        "interestIncome": 0,
        "interestExpense": 34500000,
        "depreciationAndAmortization": 41900000,
        "ebitda": 505400000,
        "ebitdaratio": 0.0959049679,
        "operatingIncome": 429000000,
        "operatingIncomeRatio": 0.081407264,
        "totalOtherIncomeExpensesNet": 0,
        "incomeBeforeTax": 429000000,
        "incomeBeforeTaxRatio": 0.081407264,
        "incomeTaxExpense": 142500000,
        "netIncome": 278300000,
        "netIncomeRatio": 0.0528103533,
        "eps": 0.48,
        "epsdiluted": 0.47,
        "weightedAverageShsOut": 585200000,
        "weightedAverageShsOutDil": 589100000,
        "link": "https://www.sec.gov/Archives/edgar/data/80661/000008066115000058/0000080661-15-000058-index.htm",
        "finalLink": "https://www.sec.gov/Archives/edgar/data/80661/000008066115000058/pgr-201593010q3rdquarter.htm"
    },
    {
        "date": "2015-06-30",
        "symbol": "PGR",
        "reportedCurrency": "USD",
        "cik": "0000080661",
        "fillingDate": "2015-08-05",
        "acceptedDate": "2015-08-05 12:35:49",
        "calendarYear": "2015",
        "period": "Q2",
        "revenue": 5277600000,
        "costOfRevenue": 4034500000,
        "grossProfit": 1243100000,
        "grossProfitRatio": 0.2355426709,
        "researchAndDevelopmentExpenses": 0,
        "generalAndAdministrativeExpenses": 20500000,
        "sellingAndMarketingExpenses": 0,
        "sellingGeneralAndAdministrativeExpenses": 20500000,
        "otherExpenses": 697300000,
        "operatingExpenses": 717800000,
        "costAndExpenses": 4752300000,
        "interestIncome": 0,
        "interestExpense": 34900000,
        "depreciationAndAmortization": 41600000,
        "ebitda": 601800000,
        "ebitdaratio": 0.1140291041,
        "operatingIncome": 525300000,
        "operatingIncomeRatio": 0.099533879,
        "totalOtherIncomeExpensesNet": 0,
        "incomeBeforeTax": 525300000,
        "incomeBeforeTaxRatio": 0.099533879,
        "incomeTaxExpense": 156800000,
        "netIncome": 363300000,
        "netIncomeRatio": 0.0688381082,
        "eps": 0.62,
        "epsdiluted": 0.62,
        "weightedAverageShsOut": 585700000,
        "weightedAverageShsOutDil": 589500000,
        "link": "https://www.sec.gov/Archives/edgar/data/80661/000008066115000040/0000080661-15-000040-index.htm",
        "finalLink": "https://www.sec.gov/Archives/edgar/data/80661/000008066115000040/pgr-201563010q2ndquarter.htm"
    },
    {
        "date": "2015-03-31",
        "symbol": "PGR",
        "reportedCurrency": "USD",
        "cik": "0000080661",
        "fillingDate": "2015-05-11",
        "acceptedDate": "2015-05-11 16:21:33",
        "calendarYear": "2015",
        "period": "Q1",
        "revenue": 4890000000,
        "costOfRevenue": 3748000000,
        "grossProfit": 1142000000,
        "grossProfitRatio": 0.2335378323,
        "researchAndDevelopmentExpenses": 0,
        "generalAndAdministrativeExpenses": 15900000,
        "sellingAndMarketingExpenses": 0,
        "sellingGeneralAndAdministrativeExpenses": 15900000,
        "otherExpenses": 682900000,
        "operatingExpenses": 698800000,
        "costAndExpenses": 4446800000,
        "interestIncome": 0,
        "interestExpense": 32500000,
        "depreciationAndAmortization": 23800000,
        "ebitda": 499500000,
        "ebitdaratio": 0.1021472393,
        "operatingIncome": 443200000,
        "operatingIncomeRatio": 0.0906339468,
        "totalOtherIncomeExpensesNet": 0,
        "incomeBeforeTax": 443200000,
        "incomeBeforeTaxRatio": 0.0906339468,
        "incomeTaxExpense": 147600000,
        "netIncome": 295600000,
        "netIncomeRatio": 0.0604498978,
        "eps": 0.5,
        "epsdiluted": 0.5,
        "weightedAverageShsOut": 587600000,
        "weightedAverageShsOutDil": 591000000,
        "link": "https://www.sec.gov/Archives/edgar/data/80661/000008066115000026/0000080661-15-000026-index.htm",
        "finalLink": "https://www.sec.gov/Archives/edgar/data/80661/000008066115000026/pgr-20150331x10q.htm"
    },
    {
        "date": "2014-12-31",
        "symbol": "PGR",
        "reportedCurrency": "USD",
        "cik": "0000080661",
        "fillingDate": "2015-03-02",
        "acceptedDate": "2015-03-02 10:59:13",
        "calendarYear": "2014",
        "period": "Q4",
        "revenue": 5171300000,
        "costOfRevenue": 3944400000,
        "grossProfit": 1226900000,
        "grossProfitRatio": 0.2372517549,
        "researchAndDevelopmentExpenses": 0,
        "generalAndAdministrativeExpenses": 14800000,
        "sellingAndMarketingExpenses": 0,
        "sellingGeneralAndAdministrativeExpenses": 14800000,
        "otherExpenses": 665700000,
        "operatingExpenses": 680500000,
        "costAndExpenses": 4624900000,
        "interestIncome": 0,
        "interestExpense": 29900000,
        "depreciationAndAmortization": 25300000,
        "ebitda": 601600000,
        "ebitdaratio": 0.116334384,
        "operatingIncome": 546400000,
        "operatingIncomeRatio": 0.1056600855,
        "totalOtherIncomeExpensesNet": 0,
        "incomeBeforeTax": 546400000,
        "incomeBeforeTaxRatio": 0.1056600855,
        "incomeTaxExpense": 176200000,
        "netIncome": 370200000,
        "netIncomeRatio": 0.0715874152,
        "eps": 0.63,
        "epsdiluted": 0.63,
        "weightedAverageShsOut": 587600000,
        "weightedAverageShsOutDil": 587600000,
        "link": "https://www.sec.gov/Archives/edgar/data/80661/000008066115000010/0000080661-15-000010-index.htm",
        "finalLink": "https://www.sec.gov/Archives/edgar/data/80661/000008066115000010/pgr-20141231x10k.htm"
    },
    {
        "date": "2014-09-30",
        "symbol": "PGR",
        "reportedCurrency": "USD",
        "cik": "0000080661",
        "fillingDate": "2014-10-29",
        "acceptedDate": "2014-10-29 11:04:23",
        "calendarYear": "2014",
        "period": "Q3",
        "revenue": 4767000000,
        "costOfRevenue": 3667000000,
        "grossProfit": 1100000000,
        "grossProfitRatio": 0.2307530942,
        "researchAndDevelopmentExpenses": 0,
        "generalAndAdministrativeExpenses": 13500000,
        "sellingAndMarketingExpenses": 0,
        "sellingGeneralAndAdministrativeExpenses": 13500000,
        "otherExpenses": 644700000,
        "operatingExpenses": 658200000,
        "costAndExpenses": 4325200000,
        "interestIncome": 0,
        "interestExpense": 30700000,
        "depreciationAndAmortization": 25100000,
        "ebitda": 497600000,
        "ebitdaratio": 0.1043843088,
        "operatingIncome": 441800000,
        "operatingIncomeRatio": 0.0926788336,
        "totalOtherIncomeExpensesNet": 0,
        "incomeBeforeTax": 441800000,
        "incomeBeforeTaxRatio": 0.0926788336,
        "incomeTaxExpense": 145700000,
        "netIncome": 296100000,
        "netIncomeRatio": 0.0621145374,
        "eps": 0.5,
        "epsdiluted": 0.5,
        "weightedAverageShsOut": 589800000,
        "weightedAverageShsOutDil": 593700000,
        "link": "https://www.sec.gov/Archives/edgar/data/80661/000008066114000051/0000080661-14-000051-index.htm",
        "finalLink": "https://www.sec.gov/Archives/edgar/data/80661/000008066114000051/pgr-20140930x10q.htm"
    },
    {
        "date": "2014-06-30",
        "symbol": "PGR",
        "reportedCurrency": "USD",
        "cik": "0000080661",
        "fillingDate": "2014-07-30",
        "acceptedDate": "2014-07-30 11:58:13",
        "calendarYear": "2014",
        "period": "Q2",
        "revenue": 4735500000,
        "costOfRevenue": 3643900000,
        "grossProfit": 1091600000,
        "grossProfitRatio": 0.2305142012,
        "researchAndDevelopmentExpenses": 0,
        "generalAndAdministrativeExpenses": 12900000,
        "sellingAndMarketingExpenses": 0,
        "sellingGeneralAndAdministrativeExpenses": 12900000,
        "otherExpenses": 641300000,
        "operatingExpenses": 654200000,
        "costAndExpenses": 4298100000,
        "interestIncome": 0,
        "interestExpense": 29600000,
        "depreciationAndAmortization": 23900000,
        "ebitda": 490900000,
        "ebitdaratio": 0.1036638159,
        "operatingIncome": 437400000,
        "operatingIncomeRatio": 0.0923661704,
        "totalOtherIncomeExpensesNet": 0,
        "incomeBeforeTax": 437400000,
        "incomeBeforeTaxRatio": 0.0923661704,
        "incomeTaxExpense": 144000000,
        "netIncome": 293400000,
        "netIncomeRatio": 0.0619575546,
        "eps": 0.5,
        "epsdiluted": 0.49,
        "weightedAverageShsOut": 591200000,
        "weightedAverageShsOutDil": 595500000,
        "link": "https://www.sec.gov/Archives/edgar/data/80661/000008066114000035/0000080661-14-000035-index.htm",
        "finalLink": "https://www.sec.gov/Archives/edgar/data/80661/000008066114000035/pgr-20140630x10q.htm"
    },
    {
        "date": "2014-03-31",
        "symbol": "PGR",
        "reportedCurrency": "USD",
        "cik": "0000080661",
        "fillingDate": "2014-05-12",
        "acceptedDate": "2014-05-12 10:30:09",
        "calendarYear": "2014",
        "period": "Q1",
        "revenue": 4703500000,
        "costOfRevenue": 3574900000,
        "grossProfit": 1128600000,
        "grossProfitRatio": 0.2399489742,
        "researchAndDevelopmentExpenses": 0,
        "generalAndAdministrativeExpenses": 9700000,
        "sellingAndMarketingExpenses": 0,
        "sellingGeneralAndAdministrativeExpenses": 9700000,
        "otherExpenses": 637100000,
        "operatingExpenses": 646800000,
        "costAndExpenses": 4221700000,
        "interestIncome": 0,
        "interestExpense": 26700000,
        "depreciationAndAmortization": 22800000,
        "ebitda": 531300000,
        "ebitdaratio": 0.1129584352,
        "operatingIncome": 481800000,
        "operatingIncomeRatio": 0.1024343574,
        "totalOtherIncomeExpensesNet": 0,
        "incomeBeforeTax": 481800000,
        "incomeBeforeTaxRatio": 0.1024343574,
        "incomeTaxExpense": 160500000,
        "netIncome": 321300000,
        "netIncomeRatio": 0.0683108324,
        "eps": 0.54,
        "epsdiluted": 0.54,
        "weightedAverageShsOut": 593900000,
        "weightedAverageShsOutDil": 597700000,
        "link": "https://www.sec.gov/Archives/edgar/data/80661/000008066114000022/0000080661-14-000022-index.htm",
        "finalLink": "https://www.sec.gov/Archives/edgar/data/80661/000008066114000022/pgr-20140331x10q.htm"
    },
    {
        "date": "2013-12-31",
        "symbol": "PGR",
        "reportedCurrency": "USD",
        "cik": "0000080661",
        "fillingDate": "2014-02-26",
        "acceptedDate": "2014-02-26 13:05:32",
        "calendarYear": "2013",
        "period": "Q4",
        "revenue": 4614500000,
        "costOfRevenue": 3571500000,
        "grossProfit": 1043000000,
        "grossProfitRatio": 0.2260266551,
        "researchAndDevelopmentExpenses": 0,
        "generalAndAdministrativeExpenses": 8700000,
        "sellingAndMarketingExpenses": 0,
        "sellingGeneralAndAdministrativeExpenses": 8700000,
        "otherExpenses": 608700000,
        "operatingExpenses": 617400000,
        "costAndExpenses": 4188900000,
        "interestIncome": 0,
        "interestExpense": 26800000,
        "depreciationAndAmortization": 26400000,
        "ebitda": 478800000,
        "ebitdaratio": 0.1037598873,
        "operatingIncome": 425600000,
        "operatingIncomeRatio": 0.0922310109,
        "totalOtherIncomeExpensesNet": 0,
        "incomeBeforeTax": 425600000,
        "incomeBeforeTaxRatio": 0.0922310109,
        "incomeTaxExpense": 125800000,
        "netIncome": 299800000,
        "netIncomeRatio": 0.0649691191,
        "eps": 0.5,
        "epsdiluted": 0.5,
        "weightedAverageShsOut": 593900000,
        "weightedAverageShsOutDil": 593900000,
        "link": "https://www.sec.gov/Archives/edgar/data/80661/000008066114000010/0000080661-14-000010-index.htm",
        "finalLink": "https://www.sec.gov/Archives/edgar/data/80661/000008066114000010/pgr-20131231x10k.htm"
    },
    {
        "date": "2013-09-30",
        "symbol": "PGR",
        "reportedCurrency": "USD",
        "cik": "0000080661",
        "fillingDate": "2013-11-12",
        "acceptedDate": "2013-11-12 10:57:35",
        "calendarYear": "2013",
        "period": "Q3",
        "revenue": 4520400000,
        "costOfRevenue": 3527300000,
        "grossProfit": 993100000,
        "grossProfitRatio": 0.2196929475,
        "researchAndDevelopmentExpenses": 0,
        "generalAndAdministrativeExpenses": 11100000,
        "sellingAndMarketingExpenses": 0,
        "sellingGeneralAndAdministrativeExpenses": 11100000,
        "otherExpenses": 637000000,
        "operatingExpenses": 648100000,
        "costAndExpenses": 4175400000,
        "interestIncome": 0,
        "interestExpense": 30400000,
        "depreciationAndAmortization": 25900000,
        "ebitda": 401300000,
        "ebitdaratio": 0.0887753296,
        "operatingIncome": 345000000,
        "operatingIncomeRatio": 0.0763206796,
        "totalOtherIncomeExpensesNet": 0,
        "incomeBeforeTax": 345000000,
        "incomeBeforeTaxRatio": 0.0763206796,
        "incomeTaxExpense": 112600000,
        "netIncome": 232400000,
        "netIncomeRatio": 0.0514113795,
        "eps": 0.39,
        "epsdiluted": 0.39,
        "weightedAverageShsOut": 598900000,
        "weightedAverageShsOutDil": 603500000,
        "link": "https://www.sec.gov/Archives/edgar/data/80661/000008066113000090/0000080661-13-000090-index.htm",
        "finalLink": "https://www.sec.gov/Archives/edgar/data/80661/000008066113000090/pgr-20130930x10q.htm"
    },
    {
        "date": "2013-06-30",
        "symbol": "PGR",
        "reportedCurrency": "USD",
        "cik": "0000080661",
        "fillingDate": "2013-08-06",
        "acceptedDate": "2013-08-06 11:12:44",
        "calendarYear": "2013",
        "period": "Q2",
        "revenue": 4589200000,
        "costOfRevenue": 3481000000,
        "grossProfit": 1108200000,
        "grossProfitRatio": 0.2414799965,
        "researchAndDevelopmentExpenses": 0,
        "generalAndAdministrativeExpenses": 10400000,
        "sellingAndMarketingExpenses": 0,
        "sellingGeneralAndAdministrativeExpenses": 10400000,
        "otherExpenses": 611500000,
        "operatingExpenses": 621900000,
        "costAndExpenses": 4102900000,
        "interestIncome": 0,
        "interestExpense": 30400000,
        "depreciationAndAmortization": 25300000,
        "ebitda": 542000000,
        "ebitdaratio": 0.1181033731,
        "operatingIncome": 486300000,
        "operatingIncomeRatio": 0.1059661815,
        "totalOtherIncomeExpensesNet": 0,
        "incomeBeforeTax": 486300000,
        "incomeBeforeTaxRatio": 0.1059661815,
        "incomeTaxExpense": 161700000,
        "netIncome": 324600000,
        "netIncomeRatio": 0.0707312821,
        "eps": 0.54,
        "epsdiluted": 0.54,
        "weightedAverageShsOut": 599500000,
        "weightedAverageShsOutDil": 603600000,
        "link": "https://www.sec.gov/Archives/edgar/data/80661/000119312513320754/0001193125-13-320754-index.htm",
        "finalLink": "https://www.sec.gov/Archives/edgar/data/80661/000119312513320754/d549323d10q.htm"
    },
    {
        "date": "2013-03-31",
        "symbol": "PGR",
        "reportedCurrency": "USD",
        "cik": "0000080661",
        "fillingDate": "2013-05-02",
        "acceptedDate": "2013-05-02 10:15:18",
        "calendarYear": "2013",
        "period": "Q1",
        "revenue": 4432300000,
        "costOfRevenue": 3344400000,
        "grossProfit": 1087900000,
        "grossProfitRatio": 0.2454481872,
        "researchAndDevelopmentExpenses": 0,
        "generalAndAdministrativeExpenses": 8600000,
        "sellingAndMarketingExpenses": 0,
        "sellingGeneralAndAdministrativeExpenses": 8600000,
        "otherExpenses": 616200000,
        "operatingExpenses": 624800000,
        "costAndExpenses": 3969200000,
        "interestIncome": 0,
        "interestExpense": 30600000,
        "depreciationAndAmortization": 23700000,
        "ebitda": 517400000,
        "ebitdaratio": 0.1167339756,
        "operatingIncome": 463100000,
        "operatingIncomeRatio": 0.1044829998,
        "totalOtherIncomeExpensesNet": 0,
        "incomeBeforeTax": 463100000,
        "incomeBeforeTaxRatio": 0.1044829998,
        "incomeTaxExpense": 154500000,
        "netIncome": 308600000,
        "netIncomeRatio": 0.069625251,
        "eps": 0.51,
        "epsdiluted": 0.51,
        "weightedAverageShsOut": 600600000,
        "weightedAverageShsOutDil": 604400000,
        "link": "https://www.sec.gov/Archives/edgar/data/80661/000119312513194648/0001193125-13-194648-index.htm",
        "finalLink": "https://www.sec.gov/Archives/edgar/data/80661/000119312513194648/d512183d10q.htm"
    },
    {
        "date": "2012-12-31",
        "symbol": "PGR",
        "reportedCurrency": "USD",
        "cik": "0000080661",
        "fillingDate": "2013-02-26",
        "acceptedDate": "2013-02-26 11:06:58",
        "calendarYear": "2012",
        "period": "Q4",
        "revenue": 4548700000,
        "costOfRevenue": 3428900000,
        "grossProfit": 1119800000,
        "grossProfitRatio": 0.2461802273,
        "researchAndDevelopmentExpenses": 0,
        "generalAndAdministrativeExpenses": 0,
        "sellingAndMarketingExpenses": 0,
        "sellingGeneralAndAdministrativeExpenses": 8400000,
        "otherExpenses": 757900000,
        "operatingExpenses": 766300000,
        "costAndExpenses": 4195200000,
        "interestIncome": 0,
        "interestExpense": 30600000,
        "depreciationAndAmortization": -20500000,
        "ebitda": 363600000,
        "ebitdaratio": 0.0799349265,
        "operatingIncome": 353500000,
        "operatingIncomeRatio": 0.0777145118,
        "totalOtherIncomeExpensesNet": 0,
        "incomeBeforeTax": 353500000,
        "incomeBeforeTaxRatio": 0.0777145118,
        "incomeTaxExpense": 104400000,
        "netIncome": 249100000,
        "netIncomeRatio": 0.0547628993,
        "eps": 0.41,
        "epsdiluted": 0.41,
        "weightedAverageShsOut": 600300000,
        "weightedAverageShsOutDil": 600600000,
        "link": "https://www.sec.gov/Archives/edgar/data/80661/000119312513075784/0001193125-13-075784-index.htm",
        "finalLink": "https://www.sec.gov/Archives/edgar/data/80661/000119312513075784/d441077d10k.htm"
    },
    {
        "date": "2012-09-30",
        "symbol": "PGR",
        "reportedCurrency": "USD",
        "cik": "0000080661",
        "fillingDate": "2012-11-01",
        "acceptedDate": "2012-11-01 09:18:11",
        "calendarYear": "2012",
        "period": "Q3",
        "revenue": 4420700000,
        "costOfRevenue": 3425500000,
        "grossProfit": 995200000,
        "grossProfitRatio": 0.2251227181,
        "researchAndDevelopmentExpenses": 0,
        "generalAndAdministrativeExpenses": 9600000,
        "sellingAndMarketingExpenses": 0,
        "sellingGeneralAndAdministrativeExpenses": 9600000,
        "otherExpenses": 573200000,
        "operatingExpenses": 582800000,
        "costAndExpenses": 4008300000,
        "interestIncome": 0,
        "interestExpense": 30600000,
        "depreciationAndAmortization": 23600000,
        "ebitda": 466600000,
        "ebitdaratio": 0.105548895,
        "operatingIncome": 412400000,
        "operatingIncomeRatio": 0.0932883932,
        "totalOtherIncomeExpensesNet": 0,
        "incomeBeforeTax": 412400000,
        "incomeBeforeTaxRatio": 0.0932883932,
        "incomeTaxExpense": 135400000,
        "netIncome": 277000000,
        "netIncomeRatio": 0.0626597598,
        "eps": 0.46,
        "epsdiluted": 0.46,
        "weightedAverageShsOut": 601900000,
        "weightedAverageShsOutDil": 606500000,
        "link": "https://www.sec.gov/Archives/edgar/data/80661/000119312512445379/0001193125-12-445379-index.htm",
        "finalLink": "https://www.sec.gov/Archives/edgar/data/80661/000119312512445379/d411463d10q.htm"
    },
    {
        "date": "2012-06-30",
        "symbol": "PGR",
        "reportedCurrency": "USD",
        "cik": "0000080661",
        "fillingDate": "2012-08-02",
        "acceptedDate": "2012-08-02 09:14:10",
        "calendarYear": "2012",
        "period": "Q2",
        "revenue": 4180200000,
        "costOfRevenue": 3408200000,
        "grossProfit": 772000000,
        "grossProfitRatio": 0.1846801588,
        "researchAndDevelopmentExpenses": 0,
        "generalAndAdministrativeExpenses": 9900000,
        "sellingAndMarketingExpenses": 0,
        "sellingGeneralAndAdministrativeExpenses": 9900000,
        "otherExpenses": 594400000,
        "operatingExpenses": 604300000,
        "costAndExpenses": 4012500000,
        "interestIncome": 0,
        "interestExpense": 30700000,
        "depreciationAndAmortization": 23200000,
        "ebitda": 221600000,
        "ebitdaratio": 0.0530118176,
        "operatingIncome": 167700000,
        "operatingIncomeRatio": 0.0401176977,
        "totalOtherIncomeExpensesNet": 0,
        "incomeBeforeTax": 167700000,
        "incomeBeforeTaxRatio": 0.0401176977,
        "incomeTaxExpense": 49100000,
        "netIncome": 118600000,
        "netIncomeRatio": 0.0283718482,
        "eps": 0.2,
        "epsdiluted": 0.19,
        "weightedAverageShsOut": 604800000,
        "weightedAverageShsOutDil": 608900000,
        "link": "https://www.sec.gov/Archives/edgar/data/80661/000119312512330549/0001193125-12-330549-index.htm",
        "finalLink": "https://www.sec.gov/Archives/edgar/data/80661/000119312512330549/d370420d10q.htm"
    },
    {
        "date": "2012-03-31",
        "symbol": "PGR",
        "reportedCurrency": "USD",
        "cik": "0000080661",
        "fillingDate": "2012-05-07",
        "acceptedDate": "2012-05-07 10:25:14",
        "calendarYear": "2012",
        "period": "Q1",
        "revenue": 4122900000,
        "costOfRevenue": 3122000000,
        "grossProfit": 1000900000,
        "grossProfitRatio": 0.2427660142,
        "researchAndDevelopmentExpenses": 0,
        "generalAndAdministrativeExpenses": 8200000,
        "sellingAndMarketingExpenses": 0,
        "sellingGeneralAndAdministrativeExpenses": 8200000,
        "otherExpenses": 608600000,
        "operatingExpenses": 616800000,
        "costAndExpenses": 3738800000,
        "interestIncome": 0,
        "interestExpense": 31900000,
        "depreciationAndAmortization": 22300000,
        "ebitda": 438300000,
        "ebitdaratio": 0.1063086662,
        "operatingIncome": 384100000,
        "operatingIncomeRatio": 0.0931625797,
        "totalOtherIncomeExpensesNet": 0,
        "incomeBeforeTax": 384100000,
        "incomeBeforeTaxRatio": 0.0931625797,
        "incomeTaxExpense": 126500000,
        "netIncome": 257600000,
        "netIncomeRatio": 0.062480293,
        "eps": 0.42,
        "epsdiluted": 0.42,
        "weightedAverageShsOut": 606200000,
        "weightedAverageShsOutDil": 610000000,
        "link": "https://www.sec.gov/Archives/edgar/data/80661/000119312512213884/0001193125-12-213884-index.htm",
        "finalLink": "https://www.sec.gov/Archives/edgar/data/80661/000119312512213884/d318794d10q.htm"
    },
    {
        "date": "2011-12-31",
        "symbol": "PGR",
        "reportedCurrency": "USD",
        "cik": "0000080661",
        "fillingDate": "2012-02-28",
        "acceptedDate": "2012-02-28 11:01:45",
        "calendarYear": "2011",
        "period": "Q4",
        "revenue": 3930900000,
        "costOfRevenue": 3084000000,
        "grossProfit": 846900000,
        "grossProfitRatio": 0.2154468442,
        "researchAndDevelopmentExpenses": 0,
        "generalAndAdministrativeExpenses": 0,
        "sellingAndMarketingExpenses": 0,
        "sellingGeneralAndAdministrativeExpenses": 5500000,
        "otherExpenses": 466000000,
        "operatingExpenses": 471500000,
        "costAndExpenses": 3555500000,
        "interestIncome": 0,
        "interestExpense": 36300000,
        "depreciationAndAmortization": -13200000,
        "ebitda": 398500000,
        "ebitdaratio": 0.1013762752,
        "operatingIncome": 375400000,
        "operatingIncomeRatio": 0.0954997583,
        "totalOtherIncomeExpensesNet": 0,
        "incomeBeforeTax": 375400000,
        "incomeBeforeTaxRatio": 0.0954997583,
        "incomeTaxExpense": 118700000,
        "netIncome": 256700000,
        "netIncomeRatio": 0.0653031112,
        "eps": 0.42,
        "epsdiluted": 0.42,
        "weightedAverageShsOut": 606200000,
        "weightedAverageShsOutDil": 606200000,
        "link": "https://www.sec.gov/Archives/edgar/data/80661/000119312512083846/0001193125-12-083846-index.htm",
        "finalLink": "https://www.sec.gov/Archives/edgar/data/80661/000119312512083846/d258000d10k.htm"
    },
    {
        "date": "2011-09-30",
        "symbol": "PGR",
        "reportedCurrency": "USD",
        "cik": "0000080661",
        "fillingDate": "2011-11-07",
        "acceptedDate": "2011-11-07 09:55:19",
        "calendarYear": "2011",
        "period": "Q3",
        "revenue": 3811100000,
        "costOfRevenue": 3099500000,
        "grossProfit": 711600000,
        "grossProfitRatio": 0.1867177455,
        "researchAndDevelopmentExpenses": 0,
        "generalAndAdministrativeExpenses": 0,
        "sellingAndMarketingExpenses": 0,
        "sellingGeneralAndAdministrativeExpenses": 5100000,
        "otherExpenses": 498000000,
        "operatingExpenses": 503100000,
        "costAndExpenses": 3602600000,
        "interestIncome": 0,
        "interestExpense": 33400000,
        "depreciationAndAmortization": 34600000,
        "ebitda": 276500000,
        "ebitdaratio": 0.0725512319,
        "operatingIncome": 208500000,
        "operatingIncomeRatio": 0.0547086143,
        "totalOtherIncomeExpensesNet": 0,
        "incomeBeforeTax": 208500000,
        "incomeBeforeTaxRatio": 0.0547086143,
        "incomeTaxExpense": 57800000,
        "netIncome": 150700000,
        "netIncomeRatio": 0.0395423893,
        "eps": 0.24,
        "epsdiluted": 0.24,
        "weightedAverageShsOut": 626900000,
        "weightedAverageShsOutDil": 631400000,
        "link": "https://www.sec.gov/Archives/edgar/data/80661/000119312511298911/0001193125-11-298911-index.htm",
        "finalLink": "https://www.sec.gov/Archives/edgar/data/80661/000119312511298911/d239781d10q.htm"
    },
    {
        "date": "2011-06-30",
        "symbol": "PGR",
        "reportedCurrency": "USD",
        "cik": "0000080661",
        "fillingDate": "2011-08-09",
        "acceptedDate": "2011-08-09 11:31:19",
        "calendarYear": "2011",
        "period": "Q2",
        "revenue": 3872700000,
        "costOfRevenue": 3009200000,
        "grossProfit": 863500000,
        "grossProfitRatio": 0.2229710538,
        "researchAndDevelopmentExpenses": 0,
        "generalAndAdministrativeExpenses": 0,
        "sellingAndMarketingExpenses": 0,
        "sellingGeneralAndAdministrativeExpenses": 4800000,
        "otherExpenses": 501000000,
        "operatingExpenses": 505800000,
        "costAndExpenses": 3515000000,
        "interestIncome": 0,
        "interestExpense": 31500000,
        "depreciationAndAmortization": 33900000,
        "ebitda": 423100000,
        "ebitdaratio": 0.1092519431,
        "operatingIncome": 357700000,
        "operatingIncomeRatio": 0.0923645002,
        "totalOtherIncomeExpensesNet": 0,
        "incomeBeforeTax": 357700000,
        "incomeBeforeTaxRatio": 0.0923645002,
        "incomeTaxExpense": 112500000,
        "netIncome": 245200000,
        "netIncomeRatio": 0.0633149999,
        "eps": 0.38,
        "epsdiluted": 0.38,
        "weightedAverageShsOut": 643600000,
        "weightedAverageShsOutDil": 647900000,
        "link": "https://www.sec.gov/Archives/edgar/data/80661/000119312511215767/0001193125-11-215767-index.htm",
        "finalLink": "https://www.sec.gov/Archives/edgar/data/80661/000119312511215767/d10q.htm"
    },
    {
        "date": "2011-03-31",
        "symbol": "PGR",
        "reportedCurrency": "USD",
        "cik": "0000080661",
        "fillingDate": "2011-05-09",
        "acceptedDate": "2011-05-09 11:19:00",
        "calendarYear": "2011",
        "period": "Q1",
        "revenue": 3893500000,
        "costOfRevenue": 2854800000,
        "grossProfit": 1038700000,
        "grossProfitRatio": 0.2667779633,
        "researchAndDevelopmentExpenses": 0,
        "generalAndAdministrativeExpenses": 0,
        "sellingAndMarketingExpenses": 0,
        "sellingGeneralAndAdministrativeExpenses": 4000000,
        "otherExpenses": 489300000,
        "operatingExpenses": 493300000,
        "costAndExpenses": 3348100000,
        "interestIncome": 0,
        "interestExpense": 31500000,
        "depreciationAndAmortization": 33200000,
        "ebitda": 610100000,
        "ebitdaratio": 0.1566970592,
        "operatingIncome": 545400000,
        "operatingIncomeRatio": 0.1400796199,
        "totalOtherIncomeExpensesNet": 0,
        "incomeBeforeTax": 545400000,
        "incomeBeforeTaxRatio": 0.1400796199,
        "incomeTaxExpense": 182500000,
        "netIncome": 362900000,
        "netIncomeRatio": 0.0932066264,
        "eps": 0.56,
        "epsdiluted": 0.55,
        "weightedAverageShsOut": 651800000,
        "weightedAverageShsOutDil": 655800000,
        "link": "https://www.sec.gov/Archives/edgar/data/80661/000119312511131795/0001193125-11-131795-index.htm",
        "finalLink": "https://www.sec.gov/Archives/edgar/data/80661/000119312511131795/d10q.htm"
    },
    {
        "date": "2010-12-31",
        "symbol": "PGR",
        "reportedCurrency": "USD",
        "cik": "0000080661",
        "fillingDate": "2011-03-01",
        "acceptedDate": "2011-03-01 11:13:25",
        "calendarYear": "2010",
        "period": "Q4",
        "revenue": 3850100000,
        "costOfRevenue": 2966900000,
        "grossProfit": 883200000,
        "grossProfitRatio": 0.229396639,
        "researchAndDevelopmentExpenses": 0,
        "generalAndAdministrativeExpenses": 0,
        "sellingAndMarketingExpenses": 0,
        "sellingGeneralAndAdministrativeExpenses": 5500000,
        "otherExpenses": 451500000,
        "operatingExpenses": 457000000,
        "costAndExpenses": 3423900000,
        "interestIncome": 0,
        "interestExpense": 31300000,
        "depreciationAndAmortization": 66600000,
        "ebitda": 524100000,
        "ebitdaratio": 0.1361263344,
        "operatingIncome": 426200000,
        "operatingIncomeRatio": 0.1106984234,
        "totalOtherIncomeExpensesNet": 0,
        "incomeBeforeTax": 426200000,
        "incomeBeforeTaxRatio": 0.1106984234,
        "incomeTaxExpense": 127000000,
        "netIncome": 299200000,
        "netIncomeRatio": 0.0777122672,
        "eps": 0.46,
        "epsdiluted": 0.46,
        "weightedAverageShsOut": 651800000,
        "weightedAverageShsOutDil": 651800000,
        "link": "https://www.sec.gov/Archives/edgar/data/80661/000119312511051378/0001193125-11-051378-index.htm",
        "finalLink": "https://www.sec.gov/Archives/edgar/data/80661/000119312511051378/d10k.htm"
    },
    {
        "date": "2010-09-30",
        "symbol": "PGR",
        "reportedCurrency": "USD",
        "cik": "0000080661",
        "fillingDate": "2010-11-08",
        "acceptedDate": "2010-11-08 11:10:07",
        "calendarYear": "2010",
        "period": "Q3",
        "revenue": 3763100000,
        "costOfRevenue": 2885800000,
        "grossProfit": 877300000,
        "grossProfitRatio": 0.233132258,
        "researchAndDevelopmentExpenses": 0,
        "generalAndAdministrativeExpenses": 0,
        "sellingAndMarketingExpenses": 0,
        "sellingGeneralAndAdministrativeExpenses": 5200000,
        "otherExpenses": 484900000,
        "operatingExpenses": 490100000,
        "costAndExpenses": 3375900000,
        "interestIncome": 0,
        "interestExpense": 31900000,
        "depreciationAndAmortization": 32000000,
        "ebitda": 451100000,
        "ebitdaratio": 0.1198745715,
        "operatingIncome": 387200000,
        "operatingIncomeRatio": 0.1028938907,
        "totalOtherIncomeExpensesNet": 0,
        "incomeBeforeTax": 387200000,
        "incomeBeforeTaxRatio": 0.1028938907,
        "incomeTaxExpense": 125600000,
        "netIncome": 261600000,
        "netIncomeRatio": 0.0695171534,
        "eps": 0.4,
        "epsdiluted": 0.4,
        "weightedAverageShsOut": 655800000,
        "weightedAverageShsOutDil": 661200000,
        "link": "https://www.sec.gov/Archives/edgar/data/80661/000119312510251450/0001193125-10-251450-index.htm",
        "finalLink": "https://www.sec.gov/Archives/edgar/data/80661/000119312510251450/d10q.htm"
    },
    {
        "date": "2010-06-30",
        "symbol": "PGR",
        "reportedCurrency": "USD",
        "cik": "0000080661",
        "fillingDate": "2010-08-05",
        "acceptedDate": "2010-08-05 10:40:11",
        "calendarYear": "2010",
        "period": "Q2",
        "revenue": 3686300000,
        "costOfRevenue": 2882000000,
        "grossProfit": 804300000,
        "grossProfitRatio": 0.2181862572,
        "researchAndDevelopmentExpenses": 0,
        "generalAndAdministrativeExpenses": 0,
        "sellingAndMarketingExpenses": 0,
        "sellingGeneralAndAdministrativeExpenses": 5500000,
        "otherExpenses": 485900000,
        "operatingExpenses": 491400000,
        "costAndExpenses": 3373400000,
        "interestIncome": 0,
        "interestExpense": 35100000,
        "depreciationAndAmortization": 34000000,
        "ebitda": 382000000,
        "ebitdaratio": 0.103626943,
        "operatingIncome": 312900000,
        "operatingIncomeRatio": 0.0848818599,
        "totalOtherIncomeExpensesNet": 0,
        "incomeBeforeTax": 312900000,
        "incomeBeforeTaxRatio": 0.0848818599,
        "incomeTaxExpense": 101000000,
        "netIncome": 211900000,
        "netIncomeRatio": 0.0574831131,
        "eps": 0.32,
        "epsdiluted": 0.32,
        "weightedAverageShsOut": 660400000,
        "weightedAverageShsOutDil": 665700000,
        "link": "https://www.sec.gov/Archives/edgar/data/80661/000119312510178552/0001193125-10-178552-index.htm",
        "finalLink": "https://www.sec.gov/Archives/edgar/data/80661/000119312510178552/d10q.htm"
    },
    {
        "date": "2010-03-31",
        "symbol": "PGR",
        "reportedCurrency": "USD",
        "cik": "0000080661",
        "fillingDate": "2010-05-10",
        "acceptedDate": "2010-05-10 09:48:42",
        "calendarYear": "2010",
        "period": "Q1",
        "revenue": 3665900000,
        "costOfRevenue": 2756500000,
        "grossProfit": 909400000,
        "grossProfitRatio": 0.248070051,
        "researchAndDevelopmentExpenses": 0,
        "generalAndAdministrativeExpenses": 0,
        "sellingAndMarketingExpenses": 0,
        "sellingGeneralAndAdministrativeExpenses": 5200000,
        "otherExpenses": 465300000,
        "operatingExpenses": 470500000,
        "costAndExpenses": 3227000000,
        "interestIncome": 0,
        "interestExpense": 35200000,
        "depreciationAndAmortization": 31600000,
        "ebitda": 505700000,
        "ebitdaratio": 0.1379470253,
        "operatingIncome": 438900000,
        "operatingIncomeRatio": 0.1197250334,
        "totalOtherIncomeExpensesNet": 0,
        "incomeBeforeTax": 438900000,
        "incomeBeforeTaxRatio": 0.1197250334,
        "incomeTaxExpense": 143300000,
        "netIncome": 295600000,
        "netIncomeRatio": 0.0806350419,
        "eps": 0.45,
        "epsdiluted": 0.44,
        "weightedAverageShsOut": 661400000,
        "weightedAverageShsOutDil": 666400000,
        "link": "https://www.sec.gov/Archives/edgar/data/80661/000119312510113950/0001193125-10-113950-index.htm",
        "finalLink": "https://www.sec.gov/Archives/edgar/data/80661/000119312510113950/d10q.htm"
    },
    {
        "date": "2009-12-31",
        "symbol": "PGR",
        "reportedCurrency": "USD",
        "cik": "0000080661",
        "fillingDate": "2010-03-01",
        "acceptedDate": "2010-03-01 12:58:58",
        "calendarYear": "2009",
        "period": "Q4",
        "revenue": 3900600000,
        "costOfRevenue": 3005900000,
        "grossProfit": 894700000,
        "grossProfitRatio": 0.229374968,
        "researchAndDevelopmentExpenses": 0,
        "generalAndAdministrativeExpenses": 0,
        "sellingAndMarketingExpenses": 0,
        "sellingGeneralAndAdministrativeExpenses": 4600000,
        "otherExpenses": 435800000,
        "operatingExpenses": 440400000,
        "costAndExpenses": 3446300000,
        "interestIncome": 0,
        "interestExpense": 35300000,
        "depreciationAndAmortization": 34400000,
        "ebitda": 524000000,
        "ebitdaratio": 0.1343383069,
        "operatingIncome": 454300000,
        "operatingIncomeRatio": 0.1164692611,
        "totalOtherIncomeExpensesNet": 0,
        "incomeBeforeTax": 454300000,
        "incomeBeforeTaxRatio": 0.1164692611,
        "incomeTaxExpense": 149300000,
        "netIncome": 305000000,
        "netIncomeRatio": 0.0781930985,
        "eps": 0.46,
        "epsdiluted": 0.46,
        "weightedAverageShsOut": 661400000,
        "weightedAverageShsOutDil": 661400000,
        "link": "https://www.sec.gov/Archives/edgar/data/80661/000119312510044296/0001193125-10-044296-index.htm",
        "finalLink": "https://www.sec.gov/Archives/edgar/data/80661/000119312510044296/d10k.htm"
    },
    {
        "date": "2009-09-30",
        "symbol": "PGR",
        "reportedCurrency": "USD",
        "cik": "0000080661",
        "fillingDate": "2009-11-09",
        "acceptedDate": "2009-11-09 10:55:52",
        "calendarYear": "2009",
        "period": "Q3",
        "revenue": 3608400000,
        "costOfRevenue": 2793700000,
        "grossProfit": 814700000,
        "grossProfitRatio": 0.2257787385,
        "researchAndDevelopmentExpenses": 0,
        "generalAndAdministrativeExpenses": 0,
        "sellingAndMarketingExpenses": 0,
        "sellingGeneralAndAdministrativeExpenses": 5500000,
        "otherExpenses": 437200000,
        "operatingExpenses": 442700000,
        "costAndExpenses": 3236400000,
        "interestIncome": 0,
        "interestExpense": 35300000,
        "depreciationAndAmortization": 2700000,
        "ebitda": 410000000,
        "ebitdaratio": 0.1136237668,
        "operatingIncome": 372000000,
        "operatingIncomeRatio": 0.1030927835,
        "totalOtherIncomeExpensesNet": 0,
        "incomeBeforeTax": 372000000,
        "incomeBeforeTaxRatio": 0.1030927835,
        "incomeTaxExpense": 102100000,
        "netIncome": 269900000,
        "netIncomeRatio": 0.0747976943,
        "eps": 0.4,
        "epsdiluted": 0.4,
        "weightedAverageShsOut": 666700000,
        "weightedAverageShsOutDil": 672800000,
        "link": "https://www.sec.gov/Archives/edgar/data/80661/000119312509228751/0001193125-09-228751-index.htm",
        "finalLink": "https://www.sec.gov/Archives/edgar/data/80661/000119312509228751/d10q.htm"
    },
    {
        "date": "2009-06-30",
        "symbol": "PGR",
        "reportedCurrency": "USD",
        "cik": "0000080661",
        "fillingDate": "2009-08-10",
        "acceptedDate": "2009-08-10 10:13:11",
        "calendarYear": "2009",
        "period": "Q2",
        "revenue": 3583500000,
        "costOfRevenue": 2796700000,
        "grossProfit": 786800000,
        "grossProfitRatio": 0.2195618808,
        "researchAndDevelopmentExpenses": 0,
        "generalAndAdministrativeExpenses": 0,
        "sellingAndMarketingExpenses": 0,
        "sellingGeneralAndAdministrativeExpenses": 4700000,
        "otherExpenses": 428200000,
        "operatingExpenses": 432900000,
        "costAndExpenses": 3229600000,
        "interestIncome": 0,
        "interestExpense": 34700000,
        "depreciationAndAmortization": 32600000,
        "ebitda": 421200000,
        "ebitdaratio": 0.1175387191,
        "operatingIncome": 353900000,
        "operatingIncomeRatio": 0.0987581973,
        "totalOtherIncomeExpensesNet": 0,
        "incomeBeforeTax": 353900000,
        "incomeBeforeTaxRatio": 0.0987581973,
        "incomeTaxExpense": 103800000,
        "netIncome": 250100000,
        "netIncomeRatio": 0.0697921027,
        "eps": 0.37,
        "epsdiluted": 0.37,
        "weightedAverageShsOut": 669200000,
        "weightedAverageShsOutDil": 674600000,
        "link": "https://www.sec.gov/Archives/edgar/data/80661/000119312509170002/0001193125-09-170002-index.htm",
        "finalLink": "https://www.sec.gov/Archives/edgar/data/80661/000119312509170002/d10q.htm"
    },
    {
        "date": "2009-03-31",
        "symbol": "PGR",
        "reportedCurrency": "USD",
        "cik": "0000080661",
        "fillingDate": "2009-05-11",
        "acceptedDate": "2009-05-11 09:21:12",
        "calendarYear": "2009",
        "period": "Q1",
        "revenue": 3468200000,
        "costOfRevenue": 2673200000,
        "grossProfit": 795000000,
        "grossProfitRatio": 0.2292255349,
        "researchAndDevelopmentExpenses": 0,
        "generalAndAdministrativeExpenses": 0,
        "sellingAndMarketingExpenses": 0,
        "sellingGeneralAndAdministrativeExpenses": 4600000,
        "otherExpenses": 413700000,
        "operatingExpenses": 418300000,
        "costAndExpenses": 3091500000,
        "interestIncome": 0,
        "interestExpense": 33700000,
        "depreciationAndAmortization": 29900000,
        "ebitda": 440300000,
        "ebitdaratio": 0.1269534629,
        "operatingIncome": 376700000,
        "operatingIncomeRatio": 0.1086154201,
        "totalOtherIncomeExpensesNet": 0,
        "incomeBeforeTax": 376700000,
        "incomeBeforeTaxRatio": 0.1086154201,
        "incomeTaxExpense": 144200000,
        "netIncome": 232500000,
        "netIncomeRatio": 0.0670376564,
        "eps": 0.35,
        "epsdiluted": 0.35,
        "weightedAverageShsOut": 668600000,
        "weightedAverageShsOutDil": 668600000,
        "link": "https://www.sec.gov/Archives/edgar/data/80661/000119312509106380/0001193125-09-106380-index.htm",
        "finalLink": "https://www.sec.gov/Archives/edgar/data/80661/000119312509106380/d10q.htm"
    },
    {
        "date": "2008-12-31",
        "symbol": "PGR",
        "reportedCurrency": "USD",
        "cik": "0000080661",
        "fillingDate": "2009-02-25",
        "acceptedDate": "2009-02-25 11:48:02",
        "calendarYear": "2008",
        "period": "Q4",
        "revenue": 3507500000,
        "costOfRevenue": 2880700000,
        "grossProfit": 626800000,
        "grossProfitRatio": 0.1787027798,
        "researchAndDevelopmentExpenses": 0,
        "generalAndAdministrativeExpenses": 0,
        "sellingAndMarketingExpenses": 0,
        "sellingGeneralAndAdministrativeExpenses": 0,
        "otherExpenses": 407900000,
        "operatingExpenses": 407900000,
        "costAndExpenses": 3288600000,
        "interestIncome": 0,
        "interestExpense": 33900000,
        "depreciationAndAmortization": 35700000,
        "ebitda": 288500000,
        "ebitdaratio": 0.0822523165,
        "operatingIncome": 218900000,
        "operatingIncomeRatio": 0.0624091233,
        "totalOtherIncomeExpensesNet": 0,
        "incomeBeforeTax": 218900000,
        "incomeBeforeTaxRatio": 0.0624091233,
        "incomeTaxExpense": 59600000,
        "netIncome": 159300000,
        "netIncomeRatio": 0.0454169636,
        "eps": 0.24,
        "epsdiluted": 0.24,
        "weightedAverageShsOut": 666800000,
        "weightedAverageShsOutDil": 668600000,
        "link": "https://www.sec.gov/Archives/edgar/data/80661/000119312509037067/0001193125-09-037067-index.htm",
        "finalLink": "https://www.sec.gov/Archives/edgar/data/80661/000119312509037067/d10k.htm"
    },
    {
        "date": "2008-09-30",
        "symbol": "PGR",
        "reportedCurrency": "USD",
        "cik": "0000080661",
        "fillingDate": "2008-11-10",
        "acceptedDate": "2008-11-10 11:51:34",
        "calendarYear": "2008",
        "period": "Q3",
        "revenue": 2210100000,
        "costOfRevenue": 2856900000,
        "grossProfit": -646800000,
        "grossProfitRatio": -0.2926564409,
        "researchAndDevelopmentExpenses": 0,
        "generalAndAdministrativeExpenses": 0,
        "sellingAndMarketingExpenses": 0,
        "sellingGeneralAndAdministrativeExpenses": 6000000,
        "otherExpenses": 428100000,
        "operatingExpenses": 434100000,
        "costAndExpenses": 3291000000,
        "interestIncome": 0,
        "interestExpense": 34200000,
        "depreciationAndAmortization": 33900000,
        "ebitda": -1012800000,
        "ebitdaratio": -0.4582598072,
        "operatingIncome": -1080900000,
        "operatingIncomeRatio": -0.4890728926,
        "totalOtherIncomeExpensesNet": 0,
        "incomeBeforeTax": -1080900000,
        "incomeBeforeTaxRatio": -0.4890728926,
        "incomeTaxExpense": -396700000,
        "netIncome": -684200000,
        "netIncomeRatio": -0.3095787521,
        "eps": -1.03,
        "epsdiluted": -1.02,
        "weightedAverageShsOut": 666300000,
        "weightedAverageShsOutDil": 672800000,
        "link": "https://www.sec.gov/Archives/edgar/data/80661/000119312508231152/0001193125-08-231152-index.htm",
        "finalLink": "https://www.sec.gov/Archives/edgar/data/80661/000119312508231152/d10q.htm"
    },
    {
        "date": "2008-06-30",
        "symbol": "PGR",
        "reportedCurrency": "USD",
        "cik": "0000080661",
        "fillingDate": "2008-08-07",
        "acceptedDate": "2008-08-07 12:30:46",
        "calendarYear": "2008",
        "period": "Q2",
        "revenue": 3536600000,
        "costOfRevenue": 2812000000,
        "grossProfit": 724600000,
        "grossProfitRatio": 0.2048860487,
        "researchAndDevelopmentExpenses": 0,
        "generalAndAdministrativeExpenses": 0,
        "sellingAndMarketingExpenses": 0,
        "sellingGeneralAndAdministrativeExpenses": 5400000,
        "otherExpenses": 416700000,
        "operatingExpenses": 422100000,
        "costAndExpenses": 3234100000,
        "interestIncome": 0,
        "interestExpense": 34300000,
        "depreciationAndAmortization": 33700000,
        "ebitda": 370500000,
        "ebitdaratio": 0.1047616355,
        "operatingIncome": 302500000,
        "operatingIncomeRatio": 0.0855341288,
        "totalOtherIncomeExpensesNet": 0,
        "incomeBeforeTax": 302500000,
        "incomeBeforeTaxRatio": 0.0855341288,
        "incomeTaxExpense": 87000000,
        "netIncome": 215500000,
        "netIncomeRatio": 0.0609342306,
        "eps": 0.32,
        "epsdiluted": 0.32,
        "weightedAverageShsOut": 667400000,
        "weightedAverageShsOutDil": 667400000,
        "link": "https://www.sec.gov/Archives/edgar/data/80661/000095015208006138/0000950152-08-006138-index.htm",
        "finalLink": "https://www.sec.gov/Archives/edgar/data/80661/000095015208006138/l32609ae10vq.htm"
    },
    {
        "date": "2008-03-31",
        "symbol": "PGR",
        "reportedCurrency": "USD",
        "cik": "0000080661",
        "fillingDate": "2008-05-06",
        "acceptedDate": "2008-05-06 09:23:20",
        "calendarYear": "2008",
        "period": "Q1",
        "revenue": 3585900000,
        "costOfRevenue": 3207800000,
        "grossProfit": 378100000,
        "grossProfitRatio": 0.1054407541,
        "researchAndDevelopmentExpenses": 0,
        "generalAndAdministrativeExpenses": 0,
        "sellingAndMarketingExpenses": 0,
        "sellingGeneralAndAdministrativeExpenses": 5100000,
        "otherExpenses": 35800000,
        "operatingExpenses": 40900000,
        "costAndExpenses": 3248700000,
        "interestIncome": 0,
        "interestExpense": 34300000,
        "depreciationAndAmortization": 30300000,
        "ebitda": 401800000,
        "ebitdaratio": 0.1120499735,
        "operatingIncome": 337200000,
        "operatingIncomeRatio": 0.0940349703,
        "totalOtherIncomeExpensesNet": 0,
        "incomeBeforeTax": 337200000,
        "incomeBeforeTaxRatio": 0.0940349703,
        "incomeTaxExpense": 97800000,
        "netIncome": 239400000,
        "netIncomeRatio": 0.0667614825,
        "eps": 0.36,
        "epsdiluted": 0.35,
        "weightedAverageShsOut": 671500000,
        "weightedAverageShsOutDil": 677300000,
        "link": "https://www.sec.gov/Archives/edgar/data/80661/000095015208003479/0000950152-08-003479-index.htm",
        "finalLink": "https://www.sec.gov/Archives/edgar/data/80661/000095015208003479/l31243ae10vq.htm"
    },
    {
        "date": "2007-12-31",
        "symbol": "PGR",
        "reportedCurrency": "USD",
        "cik": "0000080661",
        "fillingDate": "2008-02-27",
        "acceptedDate": "2008-02-27 10:46:21",
        "calendarYear": "2007",
        "period": "Q4",
        "revenue": 3614500000,
        "costOfRevenue": 3241900000,
        "grossProfit": 372600000,
        "grossProfitRatio": 0.1030847973,
        "researchAndDevelopmentExpenses": 0,
        "generalAndAdministrativeExpenses": 0,
        "sellingAndMarketingExpenses": 0,
        "sellingGeneralAndAdministrativeExpenses": 5200000,
        "otherExpenses": 36600000,
        "operatingExpenses": 41800000,
        "costAndExpenses": 3283700000,
        "interestIncome": 0,
        "interestExpense": 34500000,
        "depreciationAndAmortization": 108100000,
        "ebitda": 473400000,
        "ebitdaratio": 0.130972472,
        "operatingIncome": 330800000,
        "operatingIncomeRatio": 0.0915202656,
        "totalOtherIncomeExpensesNet": 0,
        "incomeBeforeTax": 330800000,
        "incomeBeforeTaxRatio": 0.0915202656,
        "incomeTaxExpense": 94700000,
        "netIncome": 236100000,
        "netIncomeRatio": 0.0653202379,
        "eps": 0.35,
        "epsdiluted": 0.35,
        "weightedAverageShsOut": 671500000,
        "weightedAverageShsOutDil": 671500000,
        "link": "https://www.sec.gov/Archives/edgar/data/80661/000095015208001442/0000950152-08-001442-index.htm",
        "finalLink": "https://www.sec.gov/Archives/edgar/data/80661/000095015208001442/l30025ae10vk.htm"
    },
    {
        "date": "2007-09-30",
        "symbol": "PGR",
        "reportedCurrency": "USD",
        "cik": "0000080661",
        "fillingDate": "2007-11-01",
        "acceptedDate": "2007-10-31 20:22:50",
        "calendarYear": "2007",
        "period": "Q3",
        "revenue": 3709600000,
        "costOfRevenue": 2856800000,
        "grossProfit": 852800000,
        "grossProfitRatio": 0.2298900151,
        "researchAndDevelopmentExpenses": 0,
        "generalAndAdministrativeExpenses": 0,
        "sellingAndMarketingExpenses": 0,
        "sellingGeneralAndAdministrativeExpenses": 5400000,
        "otherExpenses": 424800000,
        "operatingExpenses": 430200000,
        "costAndExpenses": 3287000000,
        "interestIncome": 0,
        "interestExpense": 34700000,
        "depreciationAndAmortization": 32000000,
        "ebitda": 489300000,
        "ebitdaratio": 0.1319010136,
        "operatingIncome": 422600000,
        "operatingIncomeRatio": 0.1139206383,
        "totalOtherIncomeExpensesNet": 0,
        "incomeBeforeTax": 422600000,
        "incomeBeforeTaxRatio": 0.1139206383,
        "incomeTaxExpense": 123400000,
        "netIncome": 299200000,
        "netIncomeRatio": 0.0806555963,
        "eps": 0.43,
        "epsdiluted": 0.42,
        "weightedAverageShsOut": 702600000,
        "weightedAverageShsOutDil": 710800000,
        "link": "https://www.sec.gov/Archives/edgar/data/80661/000095015207008434/0000950152-07-008434-index.htm",
        "finalLink": "https://www.sec.gov/Archives/edgar/data/80661/000095015207008434/l28465ae10vq.htm"
    },
    {
        "date": "2007-06-30",
        "symbol": "PGR",
        "reportedCurrency": "USD",
        "cik": "0000080661",
        "fillingDate": "2007-08-02",
        "acceptedDate": "2007-08-02 09:51:38",
        "calendarYear": "2007",
        "period": "Q2",
        "revenue": 3675900000,
        "costOfRevenue": 2843600000,
        "grossProfit": 832300000,
        "grossProfitRatio": 0.2264207405,
        "researchAndDevelopmentExpenses": 0,
        "generalAndAdministrativeExpenses": 0,
        "sellingAndMarketingExpenses": 0,
        "sellingGeneralAndAdministrativeExpenses": 4700000,
        "otherExpenses": 420700000,
        "operatingExpenses": 425400000,
        "costAndExpenses": 3269000000,
        "interestIncome": 0,
        "interestExpense": 20500000,
        "depreciationAndAmortization": 42700000,
        "ebitda": 470100000,
        "ebitdaratio": 0.1278870481,
        "operatingIncome": 406900000,
        "operatingIncomeRatio": 0.1106939797,
        "totalOtherIncomeExpensesNet": 0,
        "incomeBeforeTax": 406900000,
        "incomeBeforeTaxRatio": 0.1106939797,
        "incomeTaxExpense": 123200000,
        "netIncome": 283700000,
        "netIncomeRatio": 0.0771783781,
        "eps": 0.39,
        "epsdiluted": 0.39,
        "weightedAverageShsOut": 721800000,
        "weightedAverageShsOutDil": 721800000,
        "link": "https://www.sec.gov/Archives/edgar/data/80661/000095015207006304/0000950152-07-006304-index.htm",
        "finalLink": "https://www.sec.gov/Archives/edgar/data/80661/000095015207006304/l27204ae10vq.htm"
    },
    {
        "date": "2007-03-31",
        "symbol": "PGR",
        "reportedCurrency": "USD",
        "cik": "0000080661",
        "fillingDate": "2007-05-03",
        "acceptedDate": "2007-05-03 11:24:10",
        "calendarYear": "2007",
        "period": "Q1",
        "revenue": 3686800000,
        "costOfRevenue": 3127200000,
        "grossProfit": 559600000,
        "grossProfitRatio": 0.1517847456,
        "researchAndDevelopmentExpenses": 0,
        "generalAndAdministrativeExpenses": 0,
        "sellingAndMarketingExpenses": 0,
        "sellingGeneralAndAdministrativeExpenses": 5200000,
        "otherExpenses": 21700000,
        "operatingExpenses": 26900000,
        "costAndExpenses": 3154100000,
        "interestIncome": 0,
        "interestExpense": 18900000,
        "depreciationAndAmortization": 26200000,
        "ebitda": 577800000,
        "ebitdaratio": 0.1567212759,
        "operatingIncome": 532700000,
        "operatingIncomeRatio": 0.1444884453,
        "totalOtherIncomeExpensesNet": 0,
        "incomeBeforeTax": 532700000,
        "incomeBeforeTaxRatio": 0.1444884453,
        "incomeTaxExpense": 169200000,
        "netIncome": 363500000,
        "netIncomeRatio": 0.0985949875,
        "eps": 0.49,
        "epsdiluted": 0.49,
        "weightedAverageShsOut": 737800000,
        "weightedAverageShsOutDil": 745300000,
        "link": "https://www.sec.gov/Archives/edgar/data/80661/000095015207003872/0000950152-07-003872-index.htm",
        "finalLink": "https://www.sec.gov/Archives/edgar/data/80661/000095015207003872/l25881ae10vq.htm"
    },
    {
        "date": "2006-12-31",
        "symbol": "PGR",
        "reportedCurrency": "USD",
        "cik": "0000080661",
        "fillingDate": "2007-02-28",
        "acceptedDate": "2007-02-28 11:28:08",
        "calendarYear": "2006",
        "period": "Q4",
        "revenue": 3693800000,
        "costOfRevenue": 3076000000,
        "grossProfit": 617800000,
        "grossProfitRatio": 0.1672532352,
        "researchAndDevelopmentExpenses": 0,
        "generalAndAdministrativeExpenses": 0,
        "sellingAndMarketingExpenses": 0,
        "sellingGeneralAndAdministrativeExpenses": 5100000,
        "otherExpenses": 22000000,
        "operatingExpenses": 27100000,
        "costAndExpenses": 3103100000,
        "interestIncome": 0,
        "interestExpense": 18900000,
        "depreciationAndAmortization": 99000000,
        "ebitda": 708600000,
        "ebitdaratio": 0.1918349667,
        "operatingIncome": 590700000,
        "operatingIncomeRatio": 0.159916617,
        "totalOtherIncomeExpensesNet": 0,
        "incomeBeforeTax": 590700000,
        "incomeBeforeTaxRatio": 0.159916617,
        "incomeTaxExpense": 189800000,
        "netIncome": 400900000,
        "netIncomeRatio": 0.1085332178,
        "eps": 0.54,
        "epsdiluted": 0.54,
        "weightedAverageShsOut": 737800000,
        "weightedAverageShsOutDil": 737800000,
        "link": "https://www.sec.gov/Archives/edgar/data/80661/000095015207001579/0000950152-07-001579-index.htm",
        "finalLink": "https://www.sec.gov/Archives/edgar/data/80661/000095015207001579/l24289ae10vk.htm"
    },
    {
        "date": "2006-09-30",
        "symbol": "PGR",
        "reportedCurrency": "USD",
        "cik": "0000080661",
        "fillingDate": "2006-11-02",
        "acceptedDate": "2006-11-02 09:43:09",
        "calendarYear": "2006",
        "period": "Q3",
        "revenue": 3723800000,
        "costOfRevenue": 3093100000,
        "grossProfit": 630700000,
        "grossProfitRatio": 0.1693699984,
        "researchAndDevelopmentExpenses": 0,
        "generalAndAdministrativeExpenses": 0,
        "sellingAndMarketingExpenses": 0,
        "sellingGeneralAndAdministrativeExpenses": 6200000,
        "otherExpenses": 21400000,
        "operatingExpenses": 27600000,
        "costAndExpenses": 3120700000,
        "interestIncome": 0,
        "interestExpense": 18500000,
        "depreciationAndAmortization": 26800000,
        "ebitda": 648400000,
        "ebitdaratio": 0.1741232075,
        "operatingIncome": 603100000,
        "operatingIncomeRatio": 0.1619582147,
        "totalOtherIncomeExpensesNet": 0,
        "incomeBeforeTax": 603100000,
        "incomeBeforeTaxRatio": 0.1619582147,
        "incomeTaxExpense": 193500000,
        "netIncome": 409600000,
        "netIncomeRatio": 0.1099951662,
        "eps": 0.54,
        "epsdiluted": 0.53,
        "weightedAverageShsOut": 763200000,
        "weightedAverageShsOutDil": 763200000,
        "link": "https://www.sec.gov/Archives/edgar/data/80661/000095015206008687/0000950152-06-008687-index.htm",
        "finalLink": "https://www.sec.gov/Archives/edgar/data/80661/000095015206008687/l22704ae10vq.htm"
    },
    {
        "date": "2006-06-30",
        "symbol": "PGR",
        "reportedCurrency": "USD",
        "cik": "0000080661",
        "fillingDate": "2006-08-03",
        "acceptedDate": "2006-08-03 11:23:50",
        "calendarYear": "2006",
        "period": "Q2",
        "revenue": 3707900000,
        "costOfRevenue": 3086900000,
        "grossProfit": 621000000,
        "grossProfitRatio": 0.1674802449,
        "researchAndDevelopmentExpenses": 0,
        "generalAndAdministrativeExpenses": 0,
        "sellingAndMarketingExpenses": 0,
        "sellingGeneralAndAdministrativeExpenses": 6300000,
        "otherExpenses": 22800000,
        "operatingExpenses": 29100000,
        "costAndExpenses": 3116000000,
        "interestIncome": 0,
        "interestExpense": 19400000,
        "depreciationAndAmortization": 25000000,
        "ebitda": 636300000,
        "ebitdaratio": 0.1716065698,
        "operatingIncome": 591900000,
        "operatingIncomeRatio": 0.1596321368,
        "totalOtherIncomeExpensesNet": 0,
        "incomeBeforeTax": 591900000,
        "incomeBeforeTaxRatio": 0.1596321368,
        "incomeTaxExpense": 191500000,
        "netIncome": 400400000,
        "netIncomeRatio": 0.1079856523,
        "eps": 0.52,
        "epsdiluted": 0.52,
        "weightedAverageShsOut": 776100000,
        "weightedAverageShsOutDil": 776100000,
        "link": "https://www.sec.gov/Archives/edgar/data/80661/000095015206006431/0000950152-06-006431-index.htm",
        "finalLink": "https://www.sec.gov/Archives/edgar/data/80661/000095015206006431/l21391ae10vq.htm"
    },
    {
        "date": "2006-03-31",
        "symbol": "PGR",
        "reportedCurrency": "USD",
        "cik": "0000080661",
        "fillingDate": "2006-08-03",
        "acceptedDate": "2006-08-03 11:03:51",
        "calendarYear": "2006",
        "period": "Q1",
        "revenue": 3660900000,
        "costOfRevenue": 2983600000,
        "grossProfit": 677300000,
        "grossProfitRatio": 0.1850091508,
        "researchAndDevelopmentExpenses": 0,
        "generalAndAdministrativeExpenses": 0,
        "sellingAndMarketingExpenses": 0,
        "sellingGeneralAndAdministrativeExpenses": 6800000,
        "otherExpenses": 23000000,
        "operatingExpenses": 29800000,
        "costAndExpenses": 3013400000,
        "interestIncome": 0,
        "interestExpense": 20500000,
        "depreciationAndAmortization": 24200000,
        "ebitda": 692200000,
        "ebitdaratio": 0.1890791882,
        "operatingIncome": 647500000,
        "operatingIncomeRatio": 0.1768690759,
        "totalOtherIncomeExpensesNet": 0,
        "incomeBeforeTax": 647500000,
        "incomeBeforeTaxRatio": 0.1768690759,
        "incomeTaxExpense": 210900000,
        "netIncome": 436600000,
        "netIncomeRatio": 0.1192602912,
        "eps": 0.56,
        "epsdiluted": 0.55,
        "weightedAverageShsOut": 781200000,
        "weightedAverageShsOutDil": 791700000,
        "link": "https://www.sec.gov/Archives/edgar/data/80661/000095015206006429/0000950152-06-006429-index.htm",
        "finalLink": "https://www.sec.gov/Archives/edgar/data/80661/000095015206006429/l21657ae10vqza.htm"
    },
    {
        "date": "2005-12-31",
        "symbol": "PGR",
        "reportedCurrency": "USD",
        "cik": "0000080661",
        "fillingDate": "2006-02-28",
        "acceptedDate": "2006-02-28 16:01:24",
        "calendarYear": "2005",
        "period": "Q4",
        "revenue": 3599000000,
        "costOfRevenue": 3159400000,
        "grossProfit": 439600000,
        "grossProfitRatio": 0.1221450403,
        "researchAndDevelopmentExpenses": 0,
        "generalAndAdministrativeExpenses": 0,
        "sellingAndMarketingExpenses": 0,
        "sellingGeneralAndAdministrativeExpenses": 6200000,
        "otherExpenses": 23700000,
        "operatingExpenses": 29900000,
        "costAndExpenses": 3189300000,
        "interestIncome": 0,
        "interestExpense": 20400000,
        "depreciationAndAmortization": 82900000,
        "ebitda": 513000000,
        "ebitdaratio": 0.1425395943,
        "operatingIncome": 409700000,
        "operatingIncomeRatio": 0.113837177,
        "totalOtherIncomeExpensesNet": 0,
        "incomeBeforeTax": 409700000,
        "incomeBeforeTaxRatio": 0.113837177,
        "incomeTaxExpense": 128100000,
        "netIncome": 281600000,
        "netIncomeRatio": 0.0782439567,
        "eps": 0.36,
        "epsdiluted": 0.36,
        "weightedAverageShsOut": 781200000,
        "weightedAverageShsOutDil": 781200000,
        "link": "https://www.sec.gov/Archives/edgar/data/80661/000095015206001512/0000950152-06-001512-index.htm",
        "finalLink": "https://www.sec.gov/Archives/edgar/data/80661/000095015206001512/l17994ae10vk.htm"
    },
    {
        "date": "2005-09-30",
        "symbol": "PGR",
        "reportedCurrency": "USD",
        "cik": "0000080661",
        "fillingDate": "2005-11-08",
        "acceptedDate": "2005-11-08 14:05:39",
        "calendarYear": "2005",
        "period": "Q3",
        "revenue": 3622500000,
        "costOfRevenue": 3144700000,
        "grossProfit": 477800000,
        "grossProfitRatio": 0.1318978606,
        "researchAndDevelopmentExpenses": 0,
        "generalAndAdministrativeExpenses": 0,
        "sellingAndMarketingExpenses": 0,
        "sellingGeneralAndAdministrativeExpenses": 6400000,
        "otherExpenses": 23600000,
        "operatingExpenses": 30000000,
        "costAndExpenses": 3174700000,
        "interestIncome": 0,
        "interestExpense": 20700000,
        "depreciationAndAmortization": 23400000,
        "ebitda": 491900000,
        "ebitdaratio": 0.1357902001,
        "operatingIncome": 447800000,
        "operatingIncomeRatio": 0.1236162871,
        "totalOtherIncomeExpensesNet": 0,
        "incomeBeforeTax": 447800000,
        "incomeBeforeTaxRatio": 0.1236162871,
        "incomeTaxExpense": 142500000,
        "netIncome": 305300000,
        "netIncomeRatio": 0.084278813,
        "eps": 0.39,
        "epsdiluted": 0.38,
        "weightedAverageShsOut": 783100000,
        "weightedAverageShsOutDil": 794500000,
        "link": "https://www.sec.gov/Archives/edgar/data/80661/000095015205008914/0000950152-05-008914-index.htm",
        "finalLink": "https://www.sec.gov/Archives/edgar/data/80661/000095015205008914/l16670ae10vq.htm"
    },
    {
        "date": "2005-06-30",
        "symbol": "PGR",
        "reportedCurrency": "USD",
        "cik": "0000080661",
        "fillingDate": "2005-08-08",
        "acceptedDate": "2005-08-08 10:49:39",
        "calendarYear": "2005",
        "period": "Q2",
        "revenue": 3590100000,
        "costOfRevenue": 2973000000,
        "grossProfit": 617100000,
        "grossProfitRatio": 0.1718893624,
        "researchAndDevelopmentExpenses": 0,
        "generalAndAdministrativeExpenses": 0,
        "sellingAndMarketingExpenses": 0,
        "sellingGeneralAndAdministrativeExpenses": 6600000,
        "otherExpenses": 23800000,
        "operatingExpenses": 30400000,
        "costAndExpenses": 3003400000,
        "interestIncome": 0,
        "interestExpense": 20700000,
        "depreciationAndAmortization": 22900000,
        "ebitda": 630300000,
        "ebitdaratio": 0.1755661402,
        "operatingIncome": 586700000,
        "operatingIncomeRatio": 0.1634216317,
        "totalOtherIncomeExpensesNet": 0,
        "incomeBeforeTax": 586700000,
        "incomeBeforeTaxRatio": 0.1634216317,
        "incomeTaxExpense": 192400000,
        "netIncome": 394300000,
        "netIncomeRatio": 0.1098298098,
        "eps": 0.5,
        "epsdiluted": 0.49,
        "weightedAverageShsOut": 788600000,
        "weightedAverageShsOutDil": 800100000,
        "link": "https://www.sec.gov/Archives/edgar/data/80661/000095015205006670/0000950152-05-006670-index.htm",
        "finalLink": "https://www.sec.gov/Archives/edgar/data/80661/000095015205006670/l15028ae10vq.htm"
    },
    {
        "date": "2005-03-31",
        "symbol": "PGR",
        "reportedCurrency": "USD",
        "cik": "0000080661",
        "fillingDate": "2005-05-09",
        "acceptedDate": "2005-05-09 11:06:40",
        "calendarYear": "2005",
        "period": "Q1",
        "revenue": 3491800000,
        "costOfRevenue": 2848100000,
        "grossProfit": 643700000,
        "grossProfitRatio": 0.1843461825,
        "researchAndDevelopmentExpenses": 0,
        "generalAndAdministrativeExpenses": 0,
        "sellingAndMarketingExpenses": 0,
        "sellingGeneralAndAdministrativeExpenses": 5400000,
        "otherExpenses": 23600000,
        "operatingExpenses": 29000000,
        "costAndExpenses": 2877100000,
        "interestIncome": 0,
        "interestExpense": 20800000,
        "depreciationAndAmortization": 22200000,
        "ebitda": 657700000,
        "ebitdaratio": 0.1883555759,
        "operatingIncome": 614700000,
        "operatingIncomeRatio": 0.1760410104,
        "totalOtherIncomeExpensesNet": 0,
        "incomeBeforeTax": 614700000,
        "incomeBeforeTaxRatio": 0.1760410104,
        "incomeTaxExpense": 202000000,
        "netIncome": 412700000,
        "netIncomeRatio": 0.1181911908,
        "eps": 0.52,
        "epsdiluted": 0.51,
        "weightedAverageShsOut": 796000000,
        "weightedAverageShsOutDil": 807600000,
        "link": "https://www.sec.gov/Archives/edgar/data/80661/000095015205004128/0000950152-05-004128-index.htm",
        "finalLink": "https://www.sec.gov/Archives/edgar/data/80661/000095015205004128/l13349ae10vq.htm"
    },
    {
        "date": "2004-12-31",
        "symbol": "PGR",
        "reportedCurrency": "USD",
        "cik": "0000080661",
        "fillingDate": "2005-03-01",
        "acceptedDate": "2005-03-01 14:53:10",
        "calendarYear": "2004",
        "period": "Q4",
        "revenue": 3695900000,
        "costOfRevenue": 3047200000,
        "grossProfit": 648700000,
        "grossProfitRatio": 0.1755188181,
        "researchAndDevelopmentExpenses": 0,
        "generalAndAdministrativeExpenses": 0,
        "sellingAndMarketingExpenses": 0,
        "sellingGeneralAndAdministrativeExpenses": 7000000,
        "otherExpenses": 24000000,
        "operatingExpenses": 31000000,
        "costAndExpenses": 3078200000,
        "interestIncome": 0,
        "interestExpense": 20500000,
        "depreciationAndAmortization": 72900000,
        "ebitda": 711100000,
        "ebitdaratio": 0.1924023918,
        "operatingIncome": 617700000,
        "operatingIncomeRatio": 0.1671311453,
        "totalOtherIncomeExpensesNet": 0,
        "incomeBeforeTax": 617700000,
        "incomeBeforeTaxRatio": 0.1671311453,
        "incomeTaxExpense": 204200000,
        "netIncome": 413500000,
        "netIncomeRatio": 0.1118807327,
        "eps": 0.52,
        "epsdiluted": 0.52,
        "weightedAverageShsOut": 796000000,
        "weightedAverageShsOutDil": 796000000,
        "link": "https://www.sec.gov/Archives/edgar/data/80661/000095015205001650/0000950152-05-001650-index.htm",
        "finalLink": "https://www.sec.gov/Archives/edgar/data/80661/000095015205001650/l12357ae10vk.htm"
    },
    {
        "date": "2004-09-30",
        "symbol": "PGR",
        "reportedCurrency": "USD",
        "cik": "0000080661",
        "fillingDate": "2004-11-09",
        "acceptedDate": "2004-11-09 15:44:38",
        "calendarYear": "2004",
        "period": "Q3",
        "revenue": 3438500000,
        "costOfRevenue": 2828900000,
        "grossProfit": 609600000,
        "grossProfitRatio": 0.1772866075,
        "researchAndDevelopmentExpenses": 0,
        "generalAndAdministrativeExpenses": 0,
        "sellingAndMarketingExpenses": 0,
        "sellingGeneralAndAdministrativeExpenses": 5900000,
        "otherExpenses": 24300000,
        "operatingExpenses": 30200000,
        "costAndExpenses": 2859100000,
        "interestIncome": 0,
        "interestExpense": 20100000,
        "depreciationAndAmortization": 25800000,
        "ebitda": 625300000,
        "ebitdaratio": 0.181852552,
        "operatingIncome": 579400000,
        "operatingIncomeRatio": 0.168503708,
        "totalOtherIncomeExpensesNet": 0,
        "incomeBeforeTax": 579400000,
        "incomeBeforeTaxRatio": 0.168503708,
        "incomeTaxExpense": 190500000,
        "netIncome": 388900000,
        "netIncomeRatio": 0.1131016432,
        "eps": 0.45,
        "epsdiluted": 0.44,
        "weightedAverageShsOut": 864000000,
        "weightedAverageShsOutDil": 864000000,
        "link": "https://www.sec.gov/Archives/edgar/data/80661/000095015204008108/0000950152-04-008108-index.htm",
        "finalLink": "https://www.sec.gov/Archives/edgar/data/80661/000095015204008108/l10016ae10vq.htm"
    },
    {
        "date": "2004-06-30",
        "symbol": "PGR",
        "reportedCurrency": "USD",
        "cik": "0000080661",
        "fillingDate": "2004-08-09",
        "acceptedDate": "2004-08-09 09:07:27",
        "calendarYear": "2004",
        "period": "Q2",
        "revenue": 3367400000,
        "costOfRevenue": 2763200000,
        "grossProfit": 604200000,
        "grossProfitRatio": 0.1794262636,
        "researchAndDevelopmentExpenses": 0,
        "generalAndAdministrativeExpenses": 0,
        "sellingAndMarketingExpenses": 0,
        "sellingGeneralAndAdministrativeExpenses": 6600000,
        "otherExpenses": 22600000,
        "operatingExpenses": 29200000,
        "costAndExpenses": 2792400000,
        "interestIncome": 0,
        "interestExpense": 19700000,
        "depreciationAndAmortization": 23800000,
        "ebitda": 618500000,
        "ebitdaratio": 0.1836728633,
        "operatingIncome": 575000000,
        "operatingIncomeRatio": 0.1707548851,
        "totalOtherIncomeExpensesNet": 0,
        "incomeBeforeTax": 575000000,
        "incomeBeforeTaxRatio": 0.1707548851,
        "incomeTaxExpense": 188700000,
        "netIncome": 386300000,
        "netIncomeRatio": 0.1147175863,
        "eps": 0.45,
        "epsdiluted": 0.44,
        "weightedAverageShsOut": 865200000,
        "weightedAverageShsOutDil": 879200000,
        "link": "https://www.sec.gov/Archives/edgar/data/80661/000095015204006017/0000950152-04-006017-index.htm",
        "finalLink": "https://www.sec.gov/Archives/edgar/data/80661/000095015204006017/l08672ae10vq.htm"
    },
    {
        "date": "2004-03-31",
        "symbol": "PGR",
        "reportedCurrency": "USD",
        "cik": "0000080661",
        "fillingDate": "2004-05-10",
        "acceptedDate": "2004-05-10 14:24:26",
        "calendarYear": "2004",
        "period": "Q1",
        "revenue": 3280300000,
        "costOfRevenue": 2572300000,
        "grossProfit": 708000000,
        "grossProfitRatio": 0.2158339176,
        "researchAndDevelopmentExpenses": 0,
        "generalAndAdministrativeExpenses": 0,
        "sellingAndMarketingExpenses": 0,
        "sellingGeneralAndAdministrativeExpenses": 5500000,
        "otherExpenses": 23800000,
        "operatingExpenses": 29300000,
        "costAndExpenses": 2601600000,
        "interestIncome": 0,
        "interestExpense": 20500000,
        "depreciationAndAmortization": 22800000,
        "ebitda": 722000000,
        "ebitdaratio": 0.22010182,
        "operatingIncome": 678700000,
        "operatingIncomeRatio": 0.2069018078,
        "totalOtherIncomeExpensesNet": 0,
        "incomeBeforeTax": 678700000,
        "incomeBeforeTaxRatio": 0.2069018078,
        "incomeTaxExpense": 218700000,
        "netIncome": 460000000,
        "netIncomeRatio": 0.1402310764,
        "eps": 0.53,
        "epsdiluted": 0.52,
        "weightedAverageShsOut": 865600000,
        "weightedAverageShsOutDil": 880000000,
        "link": "https://www.sec.gov/Archives/edgar/data/80661/000095015204003804/0000950152-04-003804-index.htm",
        "finalLink": "https://www.sec.gov/Archives/edgar/data/80661/000095015204003804/l06910ae10vq.htm"
    },
    {
        "date": "2003-12-31",
        "symbol": "PGR",
        "reportedCurrency": "USD",
        "cik": "0000080661",
        "fillingDate": "2004-03-04",
        "acceptedDate": "2004-03-04 17:05:52",
        "calendarYear": "2003",
        "period": "Q4",
        "revenue": 3170400000,
        "costOfRevenue": 2610700000,
        "grossProfit": 559700000,
        "grossProfitRatio": 0.176539238,
        "researchAndDevelopmentExpenses": 0,
        "generalAndAdministrativeExpenses": 0,
        "sellingAndMarketingExpenses": 0,
        "sellingGeneralAndAdministrativeExpenses": 6300000,
        "otherExpenses": 26900000,
        "operatingExpenses": 33200000,
        "costAndExpenses": 2643900000,
        "interestIncome": 0,
        "interestExpense": 23700000,
        "depreciationAndAmortization": 29800000,
        "ebitda": 580000000,
        "ebitdaratio": 0.1829422155,
        "operatingIncome": 526500000,
        "operatingIncomeRatio": 0.1660673732,
        "totalOtherIncomeExpensesNet": 0,
        "incomeBeforeTax": 526500000,
        "incomeBeforeTaxRatio": 0.1660673732,
        "incomeTaxExpense": 168700000,
        "netIncome": 357800000,
        "netIncomeRatio": 0.1128564219,
        "eps": 0.41,
        "epsdiluted": 0.41,
        "weightedAverageShsOut": 858800000,
        "weightedAverageShsOutDil": 865600000,
        "link": "https://www.sec.gov/Archives/edgar/data/80661/000095015204001600/0000950152-04-001600-index.htm",
        "finalLink": "https://www.sec.gov/Archives/edgar/data/80661/000095015204001600/l05942ae10vk.htm"
    },
    {
        "date": "2003-09-30",
        "symbol": "PGR",
        "reportedCurrency": "USD",
        "cik": "0000080661",
        "fillingDate": "2003-11-12",
        "acceptedDate": "2003-11-12 15:18:44",
        "calendarYear": "2003",
        "period": "Q3",
        "revenue": 3080600000,
        "costOfRevenue": 2572100000,
        "grossProfit": 508500000,
        "grossProfitRatio": 0.165065247,
        "researchAndDevelopmentExpenses": 0,
        "generalAndAdministrativeExpenses": 0,
        "sellingAndMarketingExpenses": 0,
        "sellingGeneralAndAdministrativeExpenses": 6700000,
        "otherExpenses": 26700000,
        "operatingExpenses": 33400000,
        "costAndExpenses": 2605500000,
        "interestIncome": 0,
        "interestExpense": 24000000,
        "depreciationAndAmortization": 22400000,
        "ebitda": 521500000,
        "ebitdaratio": 0.1692852042,
        "operatingIncome": 475100000,
        "operatingIncomeRatio": 0.1542232033,
        "totalOtherIncomeExpensesNet": 0,
        "incomeBeforeTax": 475100000,
        "incomeBeforeTaxRatio": 0.1542232033,
        "incomeTaxExpense": 155300000,
        "netIncome": 319800000,
        "netIncomeRatio": 0.1038109459,
        "eps": 0.37,
        "epsdiluted": 0.36,
        "weightedAverageShsOut": 867600000,
        "weightedAverageShsOutDil": 882000000,
        "link": "https://www.sec.gov/Archives/edgar/data/80661/000095015203009597/0000950152-03-009597-index.htm",
        "finalLink": "https://www.sec.gov/Archives/edgar/data/80661/000095015203009597/l03500ae10vq.htm"
    },
    {
        "date": "2003-06-30",
        "symbol": "PGR",
        "reportedCurrency": "USD",
        "cik": "0000080661",
        "fillingDate": "2003-08-14",
        "acceptedDate": "2003-08-14 11:39:04",
        "calendarYear": "2003",
        "period": "Q2",
        "revenue": 2921000000,
        "costOfRevenue": 2463400000,
        "grossProfit": 457600000,
        "grossProfitRatio": 0.1566586785,
        "researchAndDevelopmentExpenses": 0,
        "generalAndAdministrativeExpenses": 0,
        "sellingAndMarketingExpenses": 0,
        "sellingGeneralAndAdministrativeExpenses": 6800000,
        "otherExpenses": 26000000,
        "operatingExpenses": 32800000,
        "costAndExpenses": 2496200000,
        "interestIncome": 0,
        "interestExpense": 23700000,
        "depreciationAndAmortization": 21500000,
        "ebitda": 470000000,
        "ebitdaratio": 0.1609038001,
        "operatingIncome": 424800000,
        "operatingIncomeRatio": 0.1454296474,
        "totalOtherIncomeExpensesNet": 0,
        "incomeBeforeTax": 424800000,
        "incomeBeforeTaxRatio": 0.1454296474,
        "incomeTaxExpense": 138500000,
        "netIncome": 286300000,
        "netIncomeRatio": 0.0980143786,
        "eps": 0.33,
        "epsdiluted": 0.32,
        "weightedAverageShsOut": 870400000,
        "weightedAverageShsOutDil": 886000000,
        "link": "https://www.sec.gov/Archives/edgar/data/80661/000095015203007704/0000950152-03-007704-index.htm",
        "finalLink": "https://www.sec.gov/Archives/edgar/data/80661/000095015203007704/l02028ae10vq.htm"
    },
    {
        "date": "2003-03-31",
        "symbol": "PGR",
        "reportedCurrency": "USD",
        "cik": "0000080661",
        "fillingDate": "2003-05-12",
        "acceptedDate": "2003-05-12 13:58:08",
        "calendarYear": "2003",
        "period": "Q1",
        "revenue": 2720000000,
        "costOfRevenue": 2253400000,
        "grossProfit": 466600000,
        "grossProfitRatio": 0.1715441176,
        "researchAndDevelopmentExpenses": 0,
        "generalAndAdministrativeExpenses": 0,
        "sellingAndMarketingExpenses": 0,
        "sellingGeneralAndAdministrativeExpenses": 5900000,
        "otherExpenses": 27400000,
        "operatingExpenses": 33300000,
        "costAndExpenses": 2286700000,
        "interestIncome": 0,
        "interestExpense": 24100000,
        "depreciationAndAmortization": 20200000,
        "ebitda": 477600000,
        "ebitdaratio": 0.1755882353,
        "operatingIncome": 433300000,
        "operatingIncomeRatio": 0.1593014706,
        "totalOtherIncomeExpensesNet": 0,
        "incomeBeforeTax": 433300000,
        "incomeBeforeTaxRatio": 0.1593014706,
        "incomeTaxExpense": 141800000,
        "netIncome": 291500000,
        "netIncomeRatio": 0.1071691176,
        "eps": 0.34,
        "epsdiluted": 0.33,
        "weightedAverageShsOut": 871600000,
        "weightedAverageShsOutDil": 885200000,
        "link": "https://www.sec.gov/Archives/edgar/data/80661/000095015203005296/0000950152-03-005296-index.htm",
        "finalLink": "https://www.sec.gov/Archives/edgar/data/80661/000095015203005296/l00423ae10vq.htm"
    },
    {
        "date": "2002-12-31",
        "symbol": "PGR",
        "reportedCurrency": "USD",
        "cik": "0000080661",
        "fillingDate": "2003-03-14",
        "acceptedDate": "2003-03-14 12:47:25",
        "calendarYear": "2002",
        "period": "Q4",
        "revenue": 2548400000,
        "costOfRevenue": 2299100000,
        "grossProfit": 249300000,
        "grossProfitRatio": 0.097826087,
        "researchAndDevelopmentExpenses": 0,
        "generalAndAdministrativeExpenses": 0,
        "sellingAndMarketingExpenses": 0,
        "sellingGeneralAndAdministrativeExpenses": 5600000,
        "otherExpenses": 24200000,
        "operatingExpenses": 29800000,
        "costAndExpenses": 2328900000,
        "interestIncome": 0,
        "interestExpense": 20800000,
        "depreciationAndAmortization": 22400000,
        "ebitda": 262700000,
        "ebitdaratio": 0.1030842882,
        "operatingIncome": 219500000,
        "operatingIncomeRatio": 0.0861324753,
        "totalOtherIncomeExpensesNet": 0,
        "incomeBeforeTax": 219500000,
        "incomeBeforeTaxRatio": 0.0861324753,
        "incomeTaxExpense": 67300000,
        "netIncome": 152200000,
        "netIncomeRatio": 0.0597237482,
        "eps": 0.17,
        "epsdiluted": 0.17,
        "weightedAverageShsOut": 871200000,
        "weightedAverageShsOutDil": 871600000,
        "link": "https://www.sec.gov/Archives/edgar/data/80661/000095015203002937/0000950152-03-002937-index.htm",
        "finalLink": "https://www.sec.gov/Archives/edgar/data/80661/000095015203002937/l99510ae10vk.htm"
    },
    {
        "date": "2002-09-30",
        "symbol": "PGR",
        "reportedCurrency": "USD",
        "cik": "0000080661",
        "fillingDate": "2002-11-01",
        "acceptedDate": "2002-11-01 12:09:31",
        "calendarYear": "2002",
        "period": "Q3",
        "revenue": 2418600000,
        "costOfRevenue": 2128600000,
        "grossProfit": 290000000,
        "grossProfitRatio": 0.1199040767,
        "researchAndDevelopmentExpenses": 0,
        "generalAndAdministrativeExpenses": 0,
        "sellingAndMarketingExpenses": 0,
        "sellingGeneralAndAdministrativeExpenses": 5900000,
        "otherExpenses": 20400000,
        "operatingExpenses": 26300000,
        "costAndExpenses": 2154900000,
        "interestIncome": 0,
        "interestExpense": 17600000,
        "depreciationAndAmortization": 21600000,
        "ebitda": 302900000,
        "ebitdaratio": 0.1252377408,
        "operatingIncome": 263700000,
        "operatingIncomeRatio": 0.1090300174,
        "totalOtherIncomeExpensesNet": 0,
        "incomeBeforeTax": 263700000,
        "incomeBeforeTaxRatio": 0.1090300174,
        "incomeTaxExpense": 85200000,
        "netIncome": 178500000,
        "netIncomeRatio": 0.0738030265,
        "eps": 0.21,
        "epsdiluted": 0.2,
        "weightedAverageShsOut": 871600000,
        "weightedAverageShsOutDil": 887200000,
        "link": "https://www.sec.gov/Archives/edgar/data/80661/000095015202007961/0000950152-02-007961-index.htm",
        "finalLink": "https://www.sec.gov/Archives/edgar/data/80661/000095015202007961/l96693ae10vq.htm"
    },
    {
        "date": "2002-06-30",
        "symbol": "PGR",
        "reportedCurrency": "USD",
        "cik": "0000080661",
        "fillingDate": "2002-08-13",
        "acceptedDate": "2002-08-13 14:07:29",
        "calendarYear": "2002",
        "period": "Q2",
        "revenue": 2258800000,
        "costOfRevenue": 1996100000,
        "grossProfit": 262700000,
        "grossProfitRatio": 0.1163006906,
        "researchAndDevelopmentExpenses": 0,
        "generalAndAdministrativeExpenses": 0,
        "sellingAndMarketingExpenses": 0,
        "sellingGeneralAndAdministrativeExpenses": 5400000,
        "otherExpenses": 20400000,
        "operatingExpenses": 25800000,
        "costAndExpenses": 2021900000,
        "interestIncome": 0,
        "interestExpense": 18100000,
        "depreciationAndAmortization": 20900000,
        "ebitda": 275900000,
        "ebitdaratio": 0.1221445015,
        "operatingIncome": 236900000,
        "operatingIncomeRatio": 0.1048786967,
        "totalOtherIncomeExpensesNet": 0,
        "incomeBeforeTax": 236900000,
        "incomeBeforeTaxRatio": 0.1048786967,
        "incomeTaxExpense": 76500000,
        "netIncome": 160400000,
        "netIncomeRatio": 0.0710111564,
        "eps": 0.18,
        "epsdiluted": 0.18,
        "weightedAverageShsOut": 879200000,
        "weightedAverageShsOutDil": 897600000,
        "link": "https://www.sec.gov/Archives/edgar/data/80661/000095015202006243/0000950152-02-006243-index.htm",
        "finalLink": "https://www.sec.gov/Archives/edgar/data/80661/000095015202006243/l95347ae10vq.htm"
    },
    {
        "date": "2002-03-31",
        "symbol": "PGR",
        "reportedCurrency": "USD",
        "cik": "0000080661",
        "fillingDate": "2002-05-14",
        "acceptedDate": "2002-05-14 14:30:46",
        "calendarYear": "2002",
        "period": "Q1",
        "revenue": 2068600000,
        "costOfRevenue": 1781100000,
        "grossProfit": 287500000,
        "grossProfitRatio": 0.138982887,
        "researchAndDevelopmentExpenses": 0,
        "generalAndAdministrativeExpenses": 0,
        "sellingAndMarketingExpenses": 0,
        "sellingGeneralAndAdministrativeExpenses": 5100000,
        "otherExpenses": 21100000,
        "operatingExpenses": 26200000,
        "costAndExpenses": 1807300000,
        "interestIncome": 0,
        "interestExpense": 18100000,
        "depreciationAndAmortization": 19000000,
        "ebitda": 298400000,
        "ebitdaratio": 0.1442521512,
        "operatingIncome": 261300000,
        "operatingIncomeRatio": 0.1263173161,
        "totalOtherIncomeExpensesNet": 0,
        "incomeBeforeTax": 261300000,
        "incomeBeforeTaxRatio": 0.1263173161,
        "incomeTaxExpense": 85100000,
        "netIncome": 176200000,
        "netIncomeRatio": 0.0851783815,
        "eps": 0.2,
        "epsdiluted": 0.2,
        "weightedAverageShsOut": 882000000,
        "weightedAverageShsOutDil": 898800000,
        "link": "https://www.sec.gov/Archives/edgar/data/80661/000095015202004170/0000950152-02-004170-index.htm",
        "finalLink": "https://www.sec.gov/Archives/edgar/data/80661/000095015202004170/l94008ae10-q.htm"
    },
    {
        "date": "2001-12-31",
        "symbol": "PGR",
        "reportedCurrency": "USD",
        "cik": "0000080661",
        "fillingDate": "2002-03-28",
        "acceptedDate": "2002-03-28 00:00:00",
        "calendarYear": "2001",
        "period": "Q4",
        "revenue": 1991700000,
        "costOfRevenue": 1792400000,
        "grossProfit": 199300000,
        "grossProfitRatio": 0.1000652709,
        "researchAndDevelopmentExpenses": 0,
        "generalAndAdministrativeExpenses": 0,
        "sellingAndMarketingExpenses": 0,
        "sellingGeneralAndAdministrativeExpenses": 4900000,
        "otherExpenses": 17600000,
        "operatingExpenses": 22500000,
        "costAndExpenses": 1814900000,
        "interestIncome": 0,
        "interestExpense": 14200000,
        "depreciationAndAmortization": 22800000,
        "ebitda": 213800000,
        "ebitdaratio": 0.1073454838,
        "operatingIncome": 176800000,
        "operatingIncomeRatio": 0.0887683888,
        "totalOtherIncomeExpensesNet": 0,
        "incomeBeforeTax": 176800000,
        "incomeBeforeTaxRatio": 0.0887683888,
        "incomeTaxExpense": 52100000,
        "netIncome": 124700000,
        "netIncomeRatio": 0.0626098308,
        "eps": 0.14,
        "epsdiluted": 0.14,
        "weightedAverageShsOut": 882000000,
        "weightedAverageShsOutDil": 882000000,
        "link": "https://www.sec.gov/Archives/edgar/data/80661/000095015202002479/0000950152-02-002479-index.htm",
        "finalLink": "https://www.sec.gov/Archives/edgar/data/80661/000095015202002479/l93089ae10-k405.htm"
    },
    {
        "date": "2001-09-30",
        "symbol": "PGR",
        "reportedCurrency": "USD",
        "cik": "0000080661",
        "fillingDate": "2001-11-05",
        "acceptedDate": "2001-11-05 00:00:00",
        "calendarYear": "2001",
        "period": "Q3",
        "revenue": 1860100000,
        "costOfRevenue": 1701300000,
        "grossProfit": 158800000,
        "grossProfitRatio": 0.0853717542,
        "researchAndDevelopmentExpenses": 0,
        "generalAndAdministrativeExpenses": 0,
        "sellingAndMarketingExpenses": 0,
        "sellingGeneralAndAdministrativeExpenses": 5600000,
        "otherExpenses": 15000000,
        "operatingExpenses": 20600000,
        "costAndExpenses": 1721900000,
        "interestIncome": 0,
        "interestExpense": 12900000,
        "depreciationAndAmortization": 20600000,
        "ebitda": 171700000,
        "ebitdaratio": 0.0923068652,
        "operatingIncome": 138200000,
        "operatingIncomeRatio": 0.0742970808,
        "totalOtherIncomeExpensesNet": 0,
        "incomeBeforeTax": 138200000,
        "incomeBeforeTaxRatio": 0.0742970808,
        "incomeTaxExpense": 41800000,
        "netIncome": 96400000,
        "netIncomeRatio": 0.0518251707,
        "eps": 0.11,
        "epsdiluted": 0.11,
        "weightedAverageShsOut": 883200000,
        "weightedAverageShsOutDil": 900000000,
        "link": "https://www.sec.gov/Archives/edgar/data/80661/000095015201505447/0000950152-01-505447-index.htm",
        "finalLink": "https://www.sec.gov/Archives/edgar/data/80661/000095015201505447/l91019ae10-q.htm"
    },
    {
        "date": "2001-06-30",
        "symbol": "PGR",
        "reportedCurrency": "USD",
        "cik": "0000080661",
        "fillingDate": "2001-08-13",
        "acceptedDate": "2001-08-13 00:00:00",
        "calendarYear": "2001",
        "period": "Q2",
        "revenue": 1862600000,
        "costOfRevenue": 1693400000,
        "grossProfit": 169200000,
        "grossProfitRatio": 0.0908407602,
        "researchAndDevelopmentExpenses": 0,
        "generalAndAdministrativeExpenses": 0,
        "sellingAndMarketingExpenses": 0,
        "sellingGeneralAndAdministrativeExpenses": 4700000,
        "otherExpenses": 15300000,
        "operatingExpenses": 20000000,
        "costAndExpenses": 1713400000,
        "interestIncome": 0,
        "interestExpense": 12800000,
        "depreciationAndAmortization": 19500000,
        "ebitda": 181500000,
        "ebitdaratio": 0.0974444325,
        "operatingIncome": 149200000,
        "operatingIncomeRatio": 0.0801030817,
        "totalOtherIncomeExpensesNet": 0,
        "incomeBeforeTax": 149200000,
        "incomeBeforeTaxRatio": 0.0801030817,
        "incomeTaxExpense": 45500000,
        "netIncome": 103700000,
        "netIncomeRatio": 0.0556748631,
        "eps": 0.12,
        "epsdiluted": 0.12,
        "weightedAverageShsOut": 886800000,
        "weightedAverageShsOutDil": 903600000,
        "link": "https://www.sec.gov/Archives/edgar/data/80661/000095015201503798/0000950152-01-503798-index.htm",
        "finalLink": "https://www.sec.gov/Archives/edgar/data/80661/000095015201503798/l89629ae10-q.htm"
    },
    {
        "date": "2001-03-31",
        "symbol": "PGR",
        "reportedCurrency": "USD",
        "cik": "0000080661",
        "fillingDate": "2001-05-14",
        "acceptedDate": "2001-05-14 00:00:00",
        "calendarYear": "2001",
        "period": "Q1",
        "revenue": 1773800000,
        "costOfRevenue": 1628800000,
        "grossProfit": 145000000,
        "grossProfitRatio": 0.0817454053,
        "researchAndDevelopmentExpenses": 0,
        "generalAndAdministrativeExpenses": 0,
        "sellingAndMarketingExpenses": 0,
        "sellingGeneralAndAdministrativeExpenses": 4600000,
        "otherExpenses": 17000000,
        "operatingExpenses": 21600000,
        "costAndExpenses": 1650400000,
        "interestIncome": 0,
        "interestExpense": 12300000,
        "depreciationAndAmortization": 18100000,
        "ebitda": 153800000,
        "ebitdaratio": 0.0867065058,
        "operatingIncome": 123400000,
        "operatingIncomeRatio": 0.0695681588,
        "totalOtherIncomeExpensesNet": 0,
        "incomeBeforeTax": 123400000,
        "incomeBeforeTaxRatio": 0.0695681588,
        "incomeTaxExpense": 36800000,
        "netIncome": 86600000,
        "netIncomeRatio": 0.0488217386,
        "eps": 0.0983,
        "epsdiluted": 0.0967,
        "weightedAverageShsOut": 883200000,
        "weightedAverageShsOutDil": 897600000,
        "link": "https://www.sec.gov/Archives/edgar/data/80661/000095015201501864/0000950152-01-501864-index.htm",
        "finalLink": "https://www.sec.gov/Archives/edgar/data/80661/000095015201501864/l88011ae10-q.htm"
    },
    {
        "date": "2000-12-31",
        "symbol": "PGR",
        "reportedCurrency": "USD",
        "cik": "0000080661",
        "fillingDate": "2001-03-29",
        "acceptedDate": "2001-03-29 00:00:00",
        "calendarYear": "2000",
        "period": "Q4",
        "revenue": 1764700000,
        "costOfRevenue": 1669600000,
        "grossProfit": 95100000,
        "grossProfitRatio": 0.0538901796,
        "researchAndDevelopmentExpenses": 0,
        "generalAndAdministrativeExpenses": 0,
        "sellingAndMarketingExpenses": 0,
        "sellingGeneralAndAdministrativeExpenses": 5100000,
        "otherExpenses": 24100000,
        "operatingExpenses": 29200000,
        "costAndExpenses": 1698800000,
        "interestIncome": 0,
        "interestExpense": 18100000,
        "depreciationAndAmortization": 19500000,
        "ebitda": 103500000,
        "ebitdaratio": 0.0586501955,
        "operatingIncome": 65900000,
        "operatingIncomeRatio": 0.0373434578,
        "totalOtherIncomeExpensesNet": 0,
        "incomeBeforeTax": 65900000,
        "incomeBeforeTaxRatio": 0.0373434578,
        "incomeTaxExpense": 17900000,
        "netIncome": 48000000,
        "netIncomeRatio": 0.0272000907,
        "eps": 0.0543,
        "epsdiluted": 0.0543,
        "weightedAverageShsOut": 882000000,
        "weightedAverageShsOutDil": 883200000,
        "link": "https://www.sec.gov/Archives/edgar/data/80661/000095015201001830/0000950152-01-001830-index.htm",
        "finalLink": "https://www.sec.gov/Archives/edgar/data/80661/000095015201001830/l87143ae10-k.htm"
    },
    {
        "date": "2000-09-30",
        "symbol": "PGR",
        "reportedCurrency": "USD",
        "cik": "0000080661",
        "fillingDate": "2000-11-13",
        "acceptedDate": "2000-11-13 00:00:00",
        "calendarYear": "2000",
        "period": "Q3",
        "revenue": 1752000000,
        "costOfRevenue": 1642200000,
        "grossProfit": 109800000,
        "grossProfitRatio": 0.0626712329,
        "researchAndDevelopmentExpenses": 0,
        "generalAndAdministrativeExpenses": 0,
        "sellingAndMarketingExpenses": 0,
        "sellingGeneralAndAdministrativeExpenses": 5500000,
        "otherExpenses": 23200000,
        "operatingExpenses": 28700000,
        "costAndExpenses": 1670900000,
        "interestIncome": 0,
        "interestExpense": 19800000,
        "depreciationAndAmortization": 20300000,
        "ebitda": 121200000,
        "ebitdaratio": 0.0691780822,
        "operatingIncome": 81100000,
        "operatingIncomeRatio": 0.0462899543,
        "totalOtherIncomeExpensesNet": 0,
        "incomeBeforeTax": 81100000,
        "incomeBeforeTaxRatio": 0.0462899543,
        "incomeTaxExpense": 22300000,
        "netIncome": 58800000,
        "netIncomeRatio": 0.0335616438,
        "eps": 0.0667,
        "epsdiluted": 0.0658,
        "weightedAverageShsOut": 879600000,
        "weightedAverageShsOutDil": 891600000,
        "link": "https://www.sec.gov/Archives/edgar/data/80661/000095015200007780/0000950152-00-007780-index.htm",
        "finalLink": "https://www.sec.gov/Archives/edgar/data/80661/000095015200007780/l84534ae10-q.htm"
    },
    {
        "date": "2000-06-30",
        "symbol": "PGR",
        "reportedCurrency": "USD",
        "cik": "0000080661",
        "fillingDate": "2000-08-14",
        "acceptedDate": "2000-08-14 00:00:00",
        "calendarYear": "2000",
        "period": "Q2",
        "revenue": 1652800000,
        "costOfRevenue": 1658700000,
        "grossProfit": -5900000,
        "grossProfitRatio": -0.0035696999,
        "researchAndDevelopmentExpenses": 0,
        "generalAndAdministrativeExpenses": 0,
        "sellingAndMarketingExpenses": 0,
        "sellingGeneralAndAdministrativeExpenses": 5300000,
        "otherExpenses": 22200000,
        "operatingExpenses": 27500000,
        "costAndExpenses": 1686200000,
        "interestIncome": 0,
        "interestExpense": 20000000,
        "depreciationAndAmortization": 19400000,
        "ebitda": 6000000,
        "ebitdaratio": 0.0036302033,
        "operatingIncome": -33400000,
        "operatingIncomeRatio": -0.0202081317,
        "totalOtherIncomeExpensesNet": 0,
        "incomeBeforeTax": -33400000,
        "incomeBeforeTaxRatio": -0.0202081317,
        "incomeTaxExpense": -19300000,
        "netIncome": -14100000,
        "netIncomeRatio": -0.0085309777,
        "eps": -0.0161,
        "epsdiluted": -0.0158,
        "weightedAverageShsOut": 877200000,
        "weightedAverageShsOutDil": 891600000,
        "link": "https://www.sec.gov/Archives/edgar/data/80661/000095015200006035/0000950152-00-006035-index.htm",
        "finalLink": "https://www.sec.gov/Archives/edgar/data/80661/000095015200006035/e10-q.txt"
    },
    {
        "date": "2000-03-31",
        "symbol": "PGR",
        "reportedCurrency": "USD",
        "cik": "0000080661",
        "fillingDate": "2000-05-11",
        "acceptedDate": "2000-05-11 00:00:00",
        "calendarYear": "2000",
        "period": "Q1",
        "revenue": 1601500000,
        "costOfRevenue": 1656200000,
        "grossProfit": -54700000,
        "grossProfitRatio": -0.0341554792,
        "researchAndDevelopmentExpenses": 0,
        "generalAndAdministrativeExpenses": 0,
        "sellingAndMarketingExpenses": 0,
        "sellingGeneralAndAdministrativeExpenses": 5500000,
        "otherExpenses": -1307300000,
        "operatingExpenses": -1301800000,
        "costAndExpenses": 354400000,
        "interestIncome": 0,
        "interestExpense": 19900000,
        "depreciationAndAmortization": 18400000,
        "ebitda": 38300000,
        "ebitdaratio": 0.0239150796,
        "operatingIncome": -81800000,
        "operatingIncomeRatio": -0.0510771152,
        "totalOtherIncomeExpensesNet": 0,
        "incomeBeforeTax": -81800000,
        "incomeBeforeTaxRatio": -0.0510771152,
        "incomeTaxExpense": -35200000,
        "netIncome": -46600000,
        "netIncomeRatio": -0.0290977209,
        "eps": -0.0531,
        "epsdiluted": -0.0525,
        "weightedAverageShsOut": 876876876,
        "weightedAverageShsOutDil": 887687688,
        "link": "https://www.sec.gov/Archives/edgar/data/80661/000095015200003882/0000950152-00-003882-index.html",
        "finalLink": "https://www.sec.gov/Archives/edgar/data/80661/000095015200003882/0000950152-00-003882-d1.html"
    },
    {
        "date": "1999-12-31",
        "symbol": "PGR",
        "reportedCurrency": "USD",
        "cik": "0000080661",
        "fillingDate": "2000-03-30",
        "acceptedDate": "2000-03-30 00:00:00",
        "calendarYear": "1999",
        "period": "Q4",
        "revenue": 1604300000,
        "costOfRevenue": 350500000,
        "grossProfit": 1253800000,
        "grossProfitRatio": 0.7815246525,
        "researchAndDevelopmentExpenses": 0,
        "generalAndAdministrativeExpenses": 0,
        "sellingAndMarketingExpenses": 0,
        "sellingGeneralAndAdministrativeExpenses": 0,
        "otherExpenses": 4326600000,
        "operatingExpenses": 4326600000,
        "costAndExpenses": 4677100000,
        "interestIncome": 0,
        "interestExpense": 19800000,
        "depreciationAndAmortization": 22100000,
        "ebitda": 454100000,
        "ebitdaratio": 0.2830517983,
        "operatingIncome": 412200000,
        "operatingIncomeRatio": 0.2569344886,
        "totalOtherIncomeExpensesNet": 0,
        "incomeBeforeTax": 412200000,
        "incomeBeforeTaxRatio": 0.2569344886,
        "incomeTaxExpense": -7000000,
        "netIncome": 3800000,
        "netIncomeRatio": 0.0023686343,
        "eps": 0.0043,
        "epsdiluted": 0.0043,
        "weightedAverageShsOut": 873974775,
        "weightedAverageShsOutDil": 876000000,
        "link": "https://www.sec.gov/Archives/edgar/data/80661/000095015200002514/0000950152-00-002514-index.html",
        "finalLink": "https://www.sec.gov/Archives/edgar/data/80661/000095015200002514/"
    },
    {
        "date": "1999-09-30",
        "symbol": "PGR",
        "reportedCurrency": "USD",
        "cik": "0000080661",
        "fillingDate": "1999-11-15",
        "acceptedDate": "1999-11-15 00:00:00",
        "calendarYear": "1999",
        "period": "Q3",
        "revenue": 1585200000,
        "costOfRevenue": 334900000,
        "grossProfit": 1250300000,
        "grossProfitRatio": 0.7887332829,
        "researchAndDevelopmentExpenses": 0,
        "generalAndAdministrativeExpenses": 0,
        "sellingAndMarketingExpenses": 0,
        "sellingGeneralAndAdministrativeExpenses": 0,
        "otherExpenses": 19700000,
        "operatingExpenses": 19700000,
        "costAndExpenses": 354600000,
        "interestIncome": 0,
        "interestExpense": 19700000,
        "depreciationAndAmortization": 19200000,
        "ebitda": 38900000,
        "ebitdaratio": 0.0245394903,
        "operatingIncome": 104200000,
        "operatingIncomeRatio": 0.0657330305,
        "totalOtherIncomeExpensesNet": 0,
        "incomeBeforeTax": 104200000,
        "incomeBeforeTaxRatio": 0.0657330305,
        "incomeTaxExpense": 30200000,
        "netIncome": 74000000,
        "netIncomeRatio": 0.0466818067,
        "eps": 0.0841,
        "epsdiluted": 0.0824,
        "weightedAverageShsOut": 880082775,
        "weightedAverageShsOutDil": 897862117,
        "link": "https://www.sec.gov/Archives/edgar/data/80661/000095015299009146/0000950152-99-009146-index.html",
        "finalLink": "https://www.sec.gov/Archives/edgar/data/80661/000095015299009146/"
    },
    {
        "date": "1999-06-30",
        "symbol": "PGR",
        "reportedCurrency": "USD",
        "cik": "0000080661",
        "fillingDate": "1999-08-16",
        "acceptedDate": "1999-08-16 00:00:00",
        "calendarYear": "1999",
        "period": "Q2",
        "revenue": 1524700000,
        "costOfRevenue": 326700000,
        "grossProfit": 1198000000,
        "grossProfitRatio": 0.78572834,
        "researchAndDevelopmentExpenses": 0,
        "generalAndAdministrativeExpenses": 0,
        "sellingAndMarketingExpenses": 0,
        "sellingGeneralAndAdministrativeExpenses": 0,
        "otherExpenses": 20100000,
        "operatingExpenses": 20100000,
        "costAndExpenses": 346800000,
        "interestIncome": 0,
        "interestExpense": 20100000,
        "depreciationAndAmortization": 15500000,
        "ebitda": 35600000,
        "ebitdaratio": 0.0233488555,
        "operatingIncome": 160700000,
        "operatingIncomeRatio": 0.1053977832,
        "totalOtherIncomeExpensesNet": 0,
        "incomeBeforeTax": 160700000,
        "incomeBeforeTaxRatio": 0.1053977832,
        "incomeTaxExpense": 48600000,
        "netIncome": 112100000,
        "netIncomeRatio": 0.0735226602,
        "eps": 0.13,
        "epsdiluted": 0.12,
        "weightedAverageShsOut": 874380874,
        "weightedAverageShsOutDil": 897697698,
        "link": "https://www.sec.gov/Archives/edgar/data/80661/000095015299006959/0000950152-99-006959-index.html",
        "finalLink": "https://www.sec.gov/Archives/edgar/data/80661/000095015299006959/"
    },
    {
        "date": "1999-03-31",
        "symbol": "PGR",
        "reportedCurrency": "USD",
        "cik": "0000080661",
        "fillingDate": "1999-05-11",
        "acceptedDate": "1999-05-11 00:00:00",
        "calendarYear": "1999",
        "period": "Q1",
        "revenue": 1410000000,
        "costOfRevenue": 316700000,
        "grossProfit": 1093300000,
        "grossProfitRatio": 0.7753900709,
        "researchAndDevelopmentExpenses": 0,
        "generalAndAdministrativeExpenses": 0,
        "sellingAndMarketingExpenses": 0,
        "sellingGeneralAndAdministrativeExpenses": 0,
        "otherExpenses": 16800000,
        "operatingExpenses": 16800000,
        "costAndExpenses": 333500000,
        "interestIncome": 0,
        "interestExpense": 16800000,
        "depreciationAndAmortization": 15000000,
        "ebitda": 31800000,
        "ebitdaratio": 0.0225531915,
        "operatingIncome": 150500000,
        "operatingIncomeRatio": 0.1067375887,
        "totalOtherIncomeExpensesNet": 0,
        "incomeBeforeTax": 150500000,
        "incomeBeforeTaxRatio": 0.1067375887,
        "incomeTaxExpense": 45200000,
        "netIncome": 105300000,
        "netIncomeRatio": 0.0746808511,
        "eps": 0.12,
        "epsdiluted": 0.12,
        "weightedAverageShsOut": 872316983,
        "weightedAverageShsOutDil": 897063459,
        "link": "https://www.sec.gov/Archives/edgar/data/80661/000095015299004215/0000950152-99-004215-index.html",
        "finalLink": "https://www.sec.gov/Archives/edgar/data/80661/"
    },
    {
        "date": "1998-12-31",
        "symbol": "PGR",
        "reportedCurrency": "USD",
        "cik": "0000080661",
        "fillingDate": "1999-03-26",
        "acceptedDate": "1999-03-26 00:00:00",
        "calendarYear": "1998",
        "period": "Q4",
        "revenue": 1339100000,
        "costOfRevenue": 311200000,
        "grossProfit": 1027900000,
        "grossProfitRatio": 0.7676051079,
        "researchAndDevelopmentExpenses": 0,
        "generalAndAdministrativeExpenses": 0,
        "sellingAndMarketingExpenses": 0,
        "sellingGeneralAndAdministrativeExpenses": 0,
        "otherExpenses": 3429600000,
        "operatingExpenses": 3429600000,
        "costAndExpenses": 3740800000,
        "interestIncome": 0,
        "interestExpense": 15100000,
        "depreciationAndAmortization": 15100000,
        "ebitda": 691300000,
        "ebitdaratio": 0.5162422523,
        "operatingIncome": 661100000,
        "operatingIncomeRatio": 0.4936897917,
        "totalOtherIncomeExpensesNet": 0,
        "incomeBeforeTax": 661100000,
        "incomeBeforeTaxRatio": 0.4936897917,
        "incomeTaxExpense": 30600000,
        "netIncome": 78500000,
        "netIncomeRatio": 0.0586214622,
        "eps": 0.09,
        "epsdiluted": 0.09,
        "weightedAverageShsOut": 867384000,
        "weightedAverageShsOutDil": 872316983,
        "link": "https://www.sec.gov/Archives/edgar/data/80661/000095015299002467/0000950152-99-002467-index.html",
        "finalLink": "https://www.sec.gov/Archives/edgar/data/80661/"
    },
    {
        "date": "1998-09-30",
        "symbol": "PGR",
        "reportedCurrency": "USD",
        "cik": "0000080661",
        "fillingDate": "1998-11-09",
        "acceptedDate": "1998-11-09 00:00:00",
        "calendarYear": "1998",
        "period": "Q3",
        "revenue": 1363300000,
        "costOfRevenue": 293400000,
        "grossProfit": 1069900000,
        "grossProfitRatio": 0.7847869141,
        "researchAndDevelopmentExpenses": 0,
        "generalAndAdministrativeExpenses": 0,
        "sellingAndMarketingExpenses": 0,
        "sellingGeneralAndAdministrativeExpenses": 0,
        "otherExpenses": 14700000,
        "operatingExpenses": 14700000,
        "costAndExpenses": 308100000,
        "interestIncome": 0,
        "interestExpense": 14700000,
        "depreciationAndAmortization": 13800000,
        "ebitda": 28500000,
        "ebitdaratio": 0.0209051566,
        "operatingIncome": 197600000,
        "operatingIncomeRatio": 0.1449424191,
        "totalOtherIncomeExpensesNet": 0,
        "incomeBeforeTax": 197600000,
        "incomeBeforeTaxRatio": 0.1449424191,
        "incomeTaxExpense": 62500000,
        "netIncome": 135100000,
        "netIncomeRatio": 0.0990977775,
        "eps": 0.15,
        "epsdiluted": 0.15,
        "weightedAverageShsOut": 870872000,
        "weightedAverageShsOutDil": 897296000,
        "link": "https://www.sec.gov/Archives/edgar/data/80661/000095015298008634/0000950152-98-008634-index.html",
        "finalLink": "https://www.sec.gov/Archives/edgar/data/80661/"
    },
    {
        "date": "1998-06-30",
        "symbol": "PGR",
        "reportedCurrency": "USD",
        "cik": "0000080661",
        "fillingDate": "1998-08-14",
        "acceptedDate": "1998-08-14 00:00:00",
        "calendarYear": "1998",
        "period": "Q2",
        "revenue": 1335100000,
        "costOfRevenue": 284300000,
        "grossProfit": 1050800000,
        "grossProfitRatio": 0.7870571493,
        "researchAndDevelopmentExpenses": 0,
        "generalAndAdministrativeExpenses": 0,
        "sellingAndMarketingExpenses": 0,
        "sellingGeneralAndAdministrativeExpenses": 0,
        "otherExpenses": 15200000,
        "operatingExpenses": 15200000,
        "costAndExpenses": 299500000,
        "interestIncome": 0,
        "interestExpense": 15200000,
        "depreciationAndAmortization": 14300000,
        "ebitda": 29500000,
        "ebitdaratio": 0.0220957232,
        "operatingIncome": 178500000,
        "operatingIncomeRatio": 0.1336978503,
        "totalOtherIncomeExpensesNet": 0,
        "incomeBeforeTax": 178500000,
        "incomeBeforeTaxRatio": 0.1336978503,
        "incomeTaxExpense": 55500000,
        "netIncome": 123000000,
        "netIncomeRatio": 0.0921279305,
        "eps": 0.14,
        "epsdiluted": 0.13,
        "weightedAverageShsOut": 869104399,
        "weightedAverageShsOutDil": 917684451,
        "link": "https://www.sec.gov/Archives/edgar/data/80661/000095015298006825/0000950152-98-006825-index.html",
        "finalLink": "https://www.sec.gov/Archives/edgar/data/80661/"
    },
    {
        "date": "1998-03-31",
        "symbol": "PGR",
        "reportedCurrency": "USD",
        "cik": "0000080661",
        "fillingDate": "1998-05-14",
        "acceptedDate": "1998-05-14 00:00:00",
        "calendarYear": "1998",
        "period": "Q1",
        "revenue": 1254900000,
        "costOfRevenue": 266800000,
        "grossProfit": 988100000,
        "grossProfitRatio": 0.7873934178,
        "researchAndDevelopmentExpenses": 0,
        "generalAndAdministrativeExpenses": 0,
        "sellingAndMarketingExpenses": 0,
        "sellingGeneralAndAdministrativeExpenses": 0,
        "otherExpenses": 16100000,
        "operatingExpenses": 16100000,
        "costAndExpenses": 282900000,
        "interestIncome": 0,
        "interestExpense": 16100000,
        "depreciationAndAmortization": 12900000,
        "ebitda": 29000000,
        "ebitdaratio": 0.0231094111,
        "operatingIncome": 175900000,
        "operatingIncomeRatio": 0.1401705315,
        "totalOtherIncomeExpensesNet": 0,
        "incomeBeforeTax": 175900000,
        "incomeBeforeTaxRatio": 0.1401705315,
        "incomeTaxExpense": 55800000,
        "netIncome": 120100000,
        "netIncomeRatio": 0.095704837,
        "eps": 0.14,
        "epsdiluted": 0.13,
        "weightedAverageShsOut": 869061833,
        "weightedAverageShsOutDil": 913064964,
        "link": "https://www.sec.gov/Archives/edgar/data/80661/000095015298004476/0000950152-98-004476-index.html",
        "finalLink": "https://www.sec.gov/Archives/edgar/data/80661/"
    },
    {
        "date": "1997-12-31",
        "symbol": "PGR",
        "reportedCurrency": "USD",
        "cik": "0000080661",
        "fillingDate": "1998-03-27",
        "acceptedDate": "1998-03-27 00:00:00",
        "calendarYear": "1997",
        "period": "Q4",
        "revenue": 1319500000,
        "costOfRevenue": 287200000,
        "grossProfit": 1032300000,
        "grossProfitRatio": 0.7823417961,
        "researchAndDevelopmentExpenses": 0,
        "generalAndAdministrativeExpenses": 0,
        "sellingAndMarketingExpenses": 0,
        "sellingGeneralAndAdministrativeExpenses": 0,
        "otherExpenses": 3037500000,
        "operatingExpenses": 3037500000,
        "costAndExpenses": 3324700000,
        "interestIncome": 0,
        "interestExpense": 16200000,
        "depreciationAndAmortization": 11700000,
        "ebitda": 606400000,
        "ebitdaratio": 0.4595680182,
        "operatingIncome": 578500000,
        "operatingIncomeRatio": 0.4384236453,
        "totalOtherIncomeExpensesNet": 0,
        "incomeBeforeTax": 578500000,
        "incomeBeforeTaxRatio": 0.4384236453,
        "incomeTaxExpense": 46700000,
        "netIncome": 105200000,
        "netIncomeRatio": 0.0797271694,
        "eps": 0.12,
        "epsdiluted": 0.12,
        "weightedAverageShsOut": 869061833,
        "weightedAverageShsOutDil": 869061833,
        "link": "https://www.sec.gov/Archives/edgar/data/80661/000095015298002601/0000950152-98-002601-index.html",
        "finalLink": "https://www.sec.gov/Archives/edgar/data/80661/"
    },
    {
        "date": "1997-09-30",
        "symbol": "PGR",
        "reportedCurrency": "USD",
        "cik": "0000080661",
        "fillingDate": "1997-11-10",
        "acceptedDate": "1997-11-10 00:00:00",
        "calendarYear": "1997",
        "period": "Q3",
        "revenue": 1203300000,
        "costOfRevenue": 246800000,
        "grossProfit": 956500000,
        "grossProfitRatio": 0.7948973656,
        "researchAndDevelopmentExpenses": 0,
        "generalAndAdministrativeExpenses": 0,
        "sellingAndMarketingExpenses": 0,
        "sellingGeneralAndAdministrativeExpenses": 0,
        "otherExpenses": 16200000,
        "operatingExpenses": 16200000,
        "costAndExpenses": 263000000,
        "interestIncome": 0,
        "interestExpense": 16200000,
        "depreciationAndAmortization": 9800000,
        "ebitda": 26000000,
        "ebitdaratio": 0.0216072467,
        "operatingIncome": 169700000,
        "operatingIncomeRatio": 0.1410288374,
        "totalOtherIncomeExpensesNet": 0,
        "incomeBeforeTax": 169700000,
        "incomeBeforeTaxRatio": 0.1410288374,
        "incomeTaxExpense": 53500000,
        "netIncome": 116200000,
        "netIncomeRatio": 0.096567772,
        "eps": 0.13,
        "epsdiluted": 0.13,
        "weightedAverageShsOut": 908108000,
        "weightedAverageShsOutDil": 909308000,
        "link": "https://www.sec.gov/Archives/edgar/data/80661/000095015297007738/0000950152-97-007738-index.html",
        "finalLink": "https://www.sec.gov/Archives/edgar/data/80661/"
    },
    {
        "date": "1997-06-30",
        "symbol": "PGR",
        "reportedCurrency": "USD",
        "cik": "0000080661",
        "fillingDate": "1997-08-08",
        "acceptedDate": "1997-08-08 00:00:00",
        "calendarYear": "1997",
        "period": "Q2",
        "revenue": 1118800000,
        "costOfRevenue": 215400000,
        "grossProfit": 903400000,
        "grossProfitRatio": 0.8074722917,
        "researchAndDevelopmentExpenses": 0,
        "generalAndAdministrativeExpenses": 0,
        "sellingAndMarketingExpenses": 0,
        "sellingGeneralAndAdministrativeExpenses": 0,
        "otherExpenses": 16100000,
        "operatingExpenses": 16100000,
        "costAndExpenses": 231500000,
        "interestIncome": 0,
        "interestExpense": 16100000,
        "depreciationAndAmortization": 8500000,
        "ebitda": 24600000,
        "ebitdaratio": 0.0219878441,
        "operatingIncome": 148800000,
        "operatingIncomeRatio": 0.1329996425,
        "totalOtherIncomeExpensesNet": 0,
        "incomeBeforeTax": 148800000,
        "incomeBeforeTaxRatio": 0.1329996425,
        "incomeTaxExpense": 46700000,
        "netIncome": 102100000,
        "netIncomeRatio": 0.0912584912,
        "eps": 0.11,
        "epsdiluted": 0.11,
        "weightedAverageShsOut": 900900000,
        "weightedAverageShsOutDil": 904504000,
        "link": "https://www.sec.gov/Archives/edgar/data/80661/000095015297005718/0000950152-97-005718-index.html",
        "finalLink": "https://www.sec.gov/Archives/edgar/data/80661/"
    },
    {
        "date": "1997-03-31",
        "symbol": "PGR",
        "reportedCurrency": "USD",
        "cik": "0000080661",
        "fillingDate": "1997-05-15",
        "acceptedDate": "1997-05-15 00:00:00",
        "calendarYear": "1997",
        "period": "Q1",
        "revenue": 966500000,
        "costOfRevenue": 194400000,
        "grossProfit": 772100000,
        "grossProfitRatio": 0.7988618727,
        "researchAndDevelopmentExpenses": 0,
        "generalAndAdministrativeExpenses": 0,
        "sellingAndMarketingExpenses": 0,
        "sellingGeneralAndAdministrativeExpenses": 0,
        "otherExpenses": 16100000,
        "operatingExpenses": 16100000,
        "costAndExpenses": 210500000,
        "interestIncome": 0,
        "interestExpense": 16100000,
        "depreciationAndAmortization": 6600000,
        "ebitda": 22700000,
        "ebitdaratio": 0.0234868081,
        "operatingIncome": 108100000,
        "operatingIncomeRatio": 0.1118468702,
        "totalOtherIncomeExpensesNet": 0,
        "incomeBeforeTax": 108100000,
        "incomeBeforeTaxRatio": 0.1118468702,
        "incomeTaxExpense": 31600000,
        "netIncome": 76500000,
        "netIncomeRatio": 0.0791515779,
        "eps": 0.0849,
        "epsdiluted": 0.0849,
        "weightedAverageShsOut": 898500000,
        "weightedAverageShsOutDil": 898500000,
        "link": "https://www.sec.gov/Archives/edgar/data/80661/000095015297003963/0000950152-97-003963-index.html",
        "finalLink": "https://www.sec.gov/Archives/edgar/data/80661/"
    },
    {
        "date": "1996-12-31",
        "symbol": "PGR",
        "reportedCurrency": "USD",
        "cik": "0000080661",
        "fillingDate": "1997-03-31",
        "acceptedDate": "1997-03-31 00:00:00",
        "calendarYear": "1996",
        "period": "Q4",
        "revenue": 937400000,
        "costOfRevenue": 177700000,
        "grossProfit": 759700000,
        "grossProfitRatio": 0.8104331129,
        "researchAndDevelopmentExpenses": 0,
        "generalAndAdministrativeExpenses": 0,
        "sellingAndMarketingExpenses": 0,
        "sellingGeneralAndAdministrativeExpenses": 0,
        "otherExpenses": 2300200000,
        "operatingExpenses": 2300200000,
        "costAndExpenses": 2477900000,
        "interestIncome": 0,
        "interestExpense": 16100000,
        "depreciationAndAmortization": 5900000,
        "ebitda": 463700000,
        "ebitdaratio": 0.4946660977,
        "operatingIncome": 441700000,
        "operatingIncomeRatio": 0.4711969277,
        "totalOtherIncomeExpensesNet": 0,
        "incomeBeforeTax": 441700000,
        "incomeBeforeTaxRatio": 0.4711969277,
        "incomeTaxExpense": 39900000,
        "netIncome": 91700000,
        "netIncomeRatio": 0.0978237679,
        "eps": 0.1,
        "epsdiluted": 0.1,
        "weightedAverageShsOut": 898500000,
        "weightedAverageShsOutDil": 898500000,
        "link": "https://www.sec.gov/Archives/edgar/data/80661/000095015297002528/0000950152-97-002528-index.html",
        "finalLink": "https://www.sec.gov/Archives/edgar/data/80661/"
    },
    {
        "date": "1996-09-30",
        "symbol": "PGR",
        "reportedCurrency": "USD",
        "cik": "0000080661",
        "fillingDate": "1996-11-13",
        "acceptedDate": "1996-11-13 00:00:00",
        "calendarYear": "1996",
        "period": "Q3",
        "revenue": 893900000,
        "costOfRevenue": 181600000,
        "grossProfit": 712300000,
        "grossProfitRatio": 0.7968452847,
        "researchAndDevelopmentExpenses": 0,
        "generalAndAdministrativeExpenses": 0,
        "sellingAndMarketingExpenses": 0,
        "sellingGeneralAndAdministrativeExpenses": 0,
        "otherExpenses": 16100000,
        "operatingExpenses": 16100000,
        "costAndExpenses": 197700000,
        "interestIncome": 0,
        "interestExpense": 16100000,
        "depreciationAndAmortization": 5100000,
        "ebitda": 21200000,
        "ebitdaratio": 0.0237162994,
        "operatingIncome": 112900000,
        "operatingIncomeRatio": 0.126300481,
        "totalOtherIncomeExpensesNet": 0,
        "incomeBeforeTax": 112900000,
        "incomeBeforeTaxRatio": 0.126300481,
        "incomeTaxExpense": 32600000,
        "netIncome": 80300000,
        "netIncomeRatio": 0.0898310773,
        "eps": 0.0899,
        "epsdiluted": 0.0899,
        "weightedAverageShsOut": 888888000,
        "weightedAverageShsOutDil": 891292000,
        "link": "https://www.sec.gov/Archives/edgar/data/80661/000095015296005993/0000950152-96-005993-index.html",
        "finalLink": "https://www.sec.gov/Archives/edgar/data/80661/"
    },
    {
        "date": "1996-06-30",
        "symbol": "PGR",
        "reportedCurrency": "USD",
        "cik": "0000080661",
        "fillingDate": "1996-07-31",
        "acceptedDate": "1996-07-31 00:00:00",
        "calendarYear": "1996",
        "period": "Q2",
        "revenue": 848100000,
        "costOfRevenue": 170700000,
        "grossProfit": 677400000,
        "grossProfitRatio": 0.7987265653,
        "researchAndDevelopmentExpenses": 0,
        "generalAndAdministrativeExpenses": 0,
        "sellingAndMarketingExpenses": 0,
        "sellingGeneralAndAdministrativeExpenses": 0,
        "otherExpenses": 15000000,
        "operatingExpenses": 15000000,
        "costAndExpenses": 185700000,
        "interestIncome": 0,
        "interestExpense": 15000000,
        "depreciationAndAmortization": 7600000,
        "ebitda": 22600000,
        "ebitdaratio": 0.026647801,
        "operatingIncome": 110100000,
        "operatingIncomeRatio": 0.1298195967,
        "totalOtherIncomeExpensesNet": 0,
        "incomeBeforeTax": 110100000,
        "incomeBeforeTaxRatio": 0.1298195967,
        "incomeTaxExpense": 31700000,
        "netIncome": 78400000,
        "netIncomeRatio": 0.092441929,
        "eps": 0.0841,
        "epsdiluted": 0.0841,
        "weightedAverageShsOut": 884084000,
        "weightedAverageShsOutDil": 885284000,
        "link": "https://www.sec.gov/Archives/edgar/data/80661/000095015296003658/0000950152-96-003658-index.html",
        "finalLink": "https://www.sec.gov/Archives/edgar/data/80661/"
    },
    {
        "date": "1996-03-31",
        "symbol": "PGR",
        "reportedCurrency": "USD",
        "cik": "0000080661",
        "fillingDate": "1996-05-01",
        "acceptedDate": "1996-05-01 00:00:00",
        "calendarYear": "1996",
        "period": "Q1",
        "revenue": 799000000,
        "costOfRevenue": 161100000,
        "grossProfit": 637900000,
        "grossProfitRatio": 0.7983729662,
        "researchAndDevelopmentExpenses": 0,
        "generalAndAdministrativeExpenses": 0,
        "sellingAndMarketingExpenses": 0,
        "sellingGeneralAndAdministrativeExpenses": 0,
        "otherExpenses": 14300000,
        "operatingExpenses": 14300000,
        "costAndExpenses": 175400000,
        "interestIncome": 0,
        "interestExpense": 14300000,
        "depreciationAndAmortization": 5200000,
        "ebitda": 19500000,
        "ebitdaratio": 0.0244055069,
        "operatingIncome": 87200000,
        "operatingIncomeRatio": 0.1091364205,
        "totalOtherIncomeExpensesNet": 0,
        "incomeBeforeTax": 87200000,
        "incomeBeforeTaxRatio": 0.1091364205,
        "incomeTaxExpense": 23800000,
        "netIncome": 63400000,
        "netIncomeRatio": 0.0793491865,
        "eps": 0.0683,
        "epsdiluted": 0.0683,
        "weightedAverageShsOut": 896096000,
        "weightedAverageShsOutDil": 896096000,
        "link": "https://www.sec.gov/Archives/edgar/data/80661/000095015296001944/0000950152-96-001944-index.html",
        "finalLink": "https://www.sec.gov/Archives/edgar/data/80661/"
    },
    {
        "date": "1995-12-31",
        "symbol": "PGR",
        "reportedCurrency": "USD",
        "cik": "0000080661",
        "fillingDate": "1996-03-15",
        "acceptedDate": "1996-03-15 00:00:00",
        "calendarYear": "1995",
        "period": "Q4",
        "revenue": 782900000,
        "costOfRevenue": 158300000,
        "grossProfit": 624600000,
        "grossProfitRatio": 0.79780304,
        "researchAndDevelopmentExpenses": 0,
        "generalAndAdministrativeExpenses": 0,
        "sellingAndMarketingExpenses": 0,
        "sellingGeneralAndAdministrativeExpenses": 0,
        "otherExpenses": 1996400000,
        "operatingExpenses": 1996400000,
        "costAndExpenses": 2154700000,
        "interestIncome": 0,
        "interestExpense": 14300000,
        "depreciationAndAmortization": 5300000,
        "ebitda": 365500000,
        "ebitdaratio": 0.4668540043,
        "operatingIncome": 345900000,
        "operatingIncomeRatio": 0.4418188785,
        "totalOtherIncomeExpensesNet": 0,
        "incomeBeforeTax": 345900000,
        "incomeBeforeTaxRatio": 0.4418188785,
        "incomeTaxExpense": 25900000,
        "netIncome": 66400000,
        "netIncomeRatio": 0.0848128752,
        "eps": 0.0741,
        "epsdiluted": 0.0741,
        "weightedAverageShsOut": 896096000,
        "weightedAverageShsOutDil": 896096000,
        "link": "https://www.sec.gov/Archives/edgar/data/80661/000095015296001017/0000950152-96-001017-index.html",
        "finalLink": "https://www.sec.gov/Archives/edgar/data/80661/"
    },
    {
        "date": "1995-09-30",
        "symbol": "PGR",
        "reportedCurrency": "USD",
        "cik": "0000080661",
        "fillingDate": "1995-11-09",
        "acceptedDate": "1995-11-09 00:00:00",
        "calendarYear": "1995",
        "period": "Q3",
        "revenue": 775700000,
        "costOfRevenue": 163100000,
        "grossProfit": 612600000,
        "grossProfitRatio": 0.7897383009,
        "researchAndDevelopmentExpenses": 0,
        "generalAndAdministrativeExpenses": 0,
        "sellingAndMarketingExpenses": 0,
        "sellingGeneralAndAdministrativeExpenses": 0,
        "otherExpenses": 14300000,
        "operatingExpenses": 14300000,
        "costAndExpenses": 177400000,
        "interestIncome": 0,
        "interestExpense": 14300000,
        "depreciationAndAmortization": 5100000,
        "ebitda": 19400000,
        "ebitdaratio": 0.0250096687,
        "operatingIncome": 87500000,
        "operatingIncomeRatio": 0.1128013407,
        "totalOtherIncomeExpensesNet": 0,
        "incomeBeforeTax": 87500000,
        "incomeBeforeTaxRatio": 0.1128013407,
        "incomeTaxExpense": 25000000,
        "netIncome": 62500000,
        "netIncomeRatio": 0.0805723862,
        "eps": 0.0674,
        "epsdiluted": 0.0674,
        "weightedAverageShsOut": 892492000,
        "weightedAverageShsOutDil": 893692000,
        "link": "https://www.sec.gov/Archives/edgar/data/80661/000095015295002532/0000950152-95-002532-index.html",
        "finalLink": "https://www.sec.gov/Archives/edgar/data/80661/"
    },
    {
        "date": "1995-06-30",
        "symbol": "PGR",
        "reportedCurrency": "USD",
        "cik": "0000080661",
        "fillingDate": "1995-08-11",
        "acceptedDate": "1995-08-11 00:00:00",
        "calendarYear": "1995",
        "period": "Q2",
        "revenue": 759500000,
        "costOfRevenue": 154900000,
        "grossProfit": 604600000,
        "grossProfitRatio": 0.7960500329,
        "researchAndDevelopmentExpenses": 0,
        "generalAndAdministrativeExpenses": 0,
        "sellingAndMarketingExpenses": 0,
        "sellingGeneralAndAdministrativeExpenses": 0,
        "otherExpenses": 14200000,
        "operatingExpenses": 14200000,
        "costAndExpenses": 169100000,
        "interestIncome": 0,
        "interestExpense": 14200000,
        "depreciationAndAmortization": 5200000,
        "ebitda": 19400000,
        "ebitdaratio": 0.0255431205,
        "operatingIncome": 84500000,
        "operatingIncomeRatio": 0.1112574062,
        "totalOtherIncomeExpensesNet": 0,
        "incomeBeforeTax": 84500000,
        "incomeBeforeTaxRatio": 0.1112574062,
        "incomeTaxExpense": 23700000,
        "netIncome": 60800000,
        "netIncomeRatio": 0.0800526662,
        "eps": 0.0658,
        "epsdiluted": 0.0658,
        "weightedAverageShsOut": 888888000,
        "weightedAverageShsOutDil": 888888000,
        "link": "https://www.sec.gov/Archives/edgar/data/80661/000095015295001728/0000950152-95-001728-index.html",
        "finalLink": "https://www.sec.gov/Archives/edgar/data/80661/"
    },
    {
        "date": "1995-03-31",
        "symbol": "PGR",
        "reportedCurrency": "USD",
        "cik": "0000080661",
        "fillingDate": "1995-05-12",
        "acceptedDate": "1995-05-12 00:00:00",
        "calendarYear": "1995",
        "period": "Q1",
        "revenue": 693800000,
        "costOfRevenue": 150600000,
        "grossProfit": 543200000,
        "grossProfitRatio": 0.7829345633,
        "researchAndDevelopmentExpenses": 0,
        "generalAndAdministrativeExpenses": 0,
        "sellingAndMarketingExpenses": 0,
        "sellingGeneralAndAdministrativeExpenses": 0,
        "otherExpenses": 14300000,
        "operatingExpenses": 14300000,
        "costAndExpenses": 164900000,
        "interestIncome": 0,
        "interestExpense": 14300000,
        "depreciationAndAmortization": 4800000,
        "ebitda": 19100000,
        "ebitdaratio": 0.0275295474,
        "operatingIncome": 81500000,
        "operatingIncomeRatio": 0.1174690112,
        "totalOtherIncomeExpensesNet": 0,
        "incomeBeforeTax": 81500000,
        "incomeBeforeTaxRatio": 0.1174690112,
        "incomeTaxExpense": 20800000,
        "netIncome": 60700000,
        "netIncomeRatio": 0.08748919,
        "eps": 0.0658,
        "epsdiluted": 0.0658,
        "weightedAverageShsOut": 888888000,
        "weightedAverageShsOutDil": 890092000,
        "link": "https://www.sec.gov/Archives/edgar/data/80661/000095015295000976/0000950152-95-000976-index.html",
        "finalLink": "https://www.sec.gov/Archives/edgar/data/80661/"
    },
    {
        "date": "1994-12-31",
        "symbol": "PGR",
        "reportedCurrency": "USD",
        "cik": "0000080661",
        "fillingDate": "1995-03-28",
        "acceptedDate": "1995-03-28 00:00:00",
        "calendarYear": "1994",
        "period": "Q4",
        "revenue": 664800000,
        "costOfRevenue": 146100000,
        "grossProfit": 518700000,
        "grossProfitRatio": 0.780234657,
        "researchAndDevelopmentExpenses": 0,
        "generalAndAdministrativeExpenses": 0,
        "sellingAndMarketingExpenses": 0,
        "sellingGeneralAndAdministrativeExpenses": 0,
        "otherExpenses": 1452100000,
        "operatingExpenses": 1452100000,
        "costAndExpenses": 1598200000,
        "interestIncome": 0,
        "interestExpense": 14200000,
        "depreciationAndAmortization": 5100000,
        "ebitda": 399100000,
        "ebitdaratio": 0.6003309266,
        "operatingIncome": 379800000,
        "operatingIncomeRatio": 0.571299639,
        "totalOtherIncomeExpensesNet": 0,
        "incomeBeforeTax": 379800000,
        "incomeBeforeTaxRatio": 0.571299639,
        "incomeTaxExpense": 43700000,
        "netIncome": 100900000,
        "netIncomeRatio": 0.1517749699,
        "eps": 0.11,
        "epsdiluted": 0.11,
        "weightedAverageShsOut": 888888000,
        "weightedAverageShsOutDil": 888888000,
        "link": "https://www.sec.gov/Archives/edgar/data/80661/000095015295000465/0000950152-95-000465-index.html",
        "finalLink": "https://www.sec.gov/Archives/edgar/data/80661/"
    },
    {
        "date": "1994-09-30",
        "symbol": "PGR",
        "reportedCurrency": "USD",
        "cik": "0000080661",
        "fillingDate": "1994-11-04",
        "acceptedDate": "1994-11-04 00:00:00",
        "calendarYear": "1994",
        "period": "Q3",
        "revenue": 634100000,
        "costOfRevenue": 137900000,
        "grossProfit": 496200000,
        "grossProfitRatio": 0.7825264154,
        "researchAndDevelopmentExpenses": 0,
        "generalAndAdministrativeExpenses": 0,
        "sellingAndMarketingExpenses": 0,
        "sellingGeneralAndAdministrativeExpenses": 0,
        "otherExpenses": 13800000,
        "operatingExpenses": 13800000,
        "costAndExpenses": 151700000,
        "interestIncome": 0,
        "interestExpense": 13800000,
        "depreciationAndAmortization": 5900000,
        "ebitda": 19700000,
        "ebitdaratio": 0.0310676549,
        "operatingIncome": 89800000,
        "operatingIncomeRatio": 0.1416180413,
        "totalOtherIncomeExpensesNet": 0,
        "incomeBeforeTax": 89800000,
        "incomeBeforeTaxRatio": 0.1416180413,
        "incomeTaxExpense": 25000000,
        "netIncome": 64800000,
        "netIncomeRatio": 0.1021920833,
        "eps": 0.0708,
        "epsdiluted": 0.0708,
        "weightedAverageShsOut": 887688000,
        "weightedAverageShsOutDil": 887688000,
        "link": "https://www.sec.gov/Archives/edgar/data/80661/000095015294001085/0000950152-94-001085-index.html",
        "finalLink": "https://www.sec.gov/Archives/edgar/data/80661/"
    },
    {
        "date": "1994-06-30",
        "symbol": "PGR",
        "reportedCurrency": "USD",
        "cik": "0000080661",
        "fillingDate": "1994-08-12",
        "acceptedDate": "1994-08-12 00:00:00",
        "calendarYear": "1994",
        "period": "Q2",
        "revenue": 594000000,
        "costOfRevenue": 132300000,
        "grossProfit": 461700000,
        "grossProfitRatio": 0.7772727273,
        "researchAndDevelopmentExpenses": 0,
        "generalAndAdministrativeExpenses": 0,
        "sellingAndMarketingExpenses": 0,
        "sellingGeneralAndAdministrativeExpenses": 0,
        "otherExpenses": 13800000,
        "operatingExpenses": 13800000,
        "costAndExpenses": 146100000,
        "interestIncome": 0,
        "interestExpense": 13800000,
        "depreciationAndAmortization": 4300000,
        "ebitda": 18100000,
        "ebitdaratio": 0.0304713805,
        "operatingIncome": 81700000,
        "operatingIncomeRatio": 0.1375420875,
        "totalOtherIncomeExpensesNet": 0,
        "incomeBeforeTax": 81700000,
        "incomeBeforeTaxRatio": 0.1375420875,
        "incomeTaxExpense": 21200000,
        "netIncome": 60500000,
        "netIncomeRatio": 0.1018518519,
        "eps": 0.0658,
        "epsdiluted": 0.0658,
        "weightedAverageShsOut": 886488000,
        "weightedAverageShsOutDil": 887688000,
        "link": "https://www.sec.gov/Archives/edgar/data/80661/000095015294000811/0000950152-94-000811-index.html",
        "finalLink": "https://www.sec.gov/Archives/edgar/data/80661/"
    },
    {
        "date": "1994-03-31",
        "symbol": "PGR",
        "reportedCurrency": "USD",
        "cik": "0000080661",
        "fillingDate": "1994-05-16",
        "acceptedDate": "1994-05-16 00:00:00",
        "calendarYear": "1994",
        "period": "Q1",
        "revenue": 522400000,
        "costOfRevenue": 126000000,
        "grossProfit": 396400000,
        "grossProfitRatio": 0.758805513,
        "researchAndDevelopmentExpenses": 0,
        "generalAndAdministrativeExpenses": 0,
        "sellingAndMarketingExpenses": 0,
        "sellingGeneralAndAdministrativeExpenses": 0,
        "otherExpenses": 13500000,
        "operatingExpenses": 13500000,
        "costAndExpenses": 139500000,
        "interestIncome": 0,
        "interestExpense": 13500000,
        "depreciationAndAmortization": 4000000,
        "ebitda": 17500000,
        "ebitdaratio": 0.0334992343,
        "operatingIncome": 63700000,
        "operatingIncomeRatio": 0.1219372129,
        "totalOtherIncomeExpensesNet": 0,
        "incomeBeforeTax": 63700000,
        "incomeBeforeTaxRatio": 0.1219372129,
        "incomeTaxExpense": 15600000,
        "netIncome": 48100000,
        "netIncomeRatio": 0.0920750383,
        "eps": 0.0516,
        "epsdiluted": 0.0516,
        "weightedAverageShsOut": 894896000,
        "weightedAverageShsOutDil": 894896000,
        "link": "https://www.sec.gov/Archives/edgar/data/80661/000095015294000538/0000950152-94-000538-index.html",
        "finalLink": "https://www.sec.gov/Archives/edgar/data/80661/"
    },
    {
        "date": "1993-12-31",
        "symbol": "PGR",
        "reportedCurrency": "USD",
        "cik": "0000080661",
        "fillingDate": "1994-03-29",
        "acceptedDate": "1994-03-29 17:28:00",
        "calendarYear": "1993",
        "period": "Q4",
        "revenue": 509700000,
        "costOfRevenue": 233800000,
        "grossProfit": 275900000,
        "grossProfitRatio": 0.5412988032,
        "researchAndDevelopmentExpenses": 0,
        "generalAndAdministrativeExpenses": 0,
        "sellingAndMarketingExpenses": 0,
        "sellingGeneralAndAdministrativeExpenses": 0,
        "otherExpenses": 1090400000,
        "operatingExpenses": 1090400000,
        "costAndExpenses": 1324200000,
        "interestIncome": 0,
        "interestExpense": 11300000,
        "depreciationAndAmortization": 3800000,
        "ebitda": 388200000,
        "ebitdaratio": 0.761624485,
        "operatingIncome": 373100000,
        "operatingIncomeRatio": 0.7319992152,
        "totalOtherIncomeExpensesNet": 0,
        "incomeBeforeTax": 373100000,
        "incomeBeforeTaxRatio": 0.7319992152,
        "incomeTaxExpense": 18500000,
        "netIncome": 53400000,
        "netIncomeRatio": 0.1047675103,
        "eps": 0.0592,
        "epsdiluted": 0.0592,
        "weightedAverageShsOut": 901992902,
        "weightedAverageShsOutDil": 901992902,
        "link": "https://www.sec.gov/Archives/edgar/data/80661/000095015294000341/0000950152-94-000341-index.htm",
        "finalLink": "https://www.sec.gov/Archives/edgar/data/80661/000095015294000341/"
    },
    {
        "date": "1993-09-30",
        "symbol": "PGR",
        "reportedCurrency": "USD",
        "cik": "0000080661",
        "fillingDate": "1993-09-30",
        "acceptedDate": "1993-09-30 00:00:00",
        "calendarYear": "1993",
        "period": "Q3",
        "revenue": 515600000,
        "costOfRevenue": 81900000,
        "grossProfit": 433700000,
        "grossProfitRatio": 0.8411559348,
        "researchAndDevelopmentExpenses": 0,
        "generalAndAdministrativeExpenses": 0,
        "sellingAndMarketingExpenses": 0,
        "sellingGeneralAndAdministrativeExpenses": 0,
        "otherExpenses": 9100000,
        "operatingExpenses": 9100000,
        "costAndExpenses": 91000000,
        "interestIncome": 0,
        "interestExpense": 9100000,
        "depreciationAndAmortization": 3600000,
        "ebitda": 12700000,
        "ebitdaratio": 0.0246314973,
        "operatingIncome": 116800000,
        "operatingIncomeRatio": 0.2265321955,
        "totalOtherIncomeExpensesNet": 0,
        "incomeBeforeTax": 116800000,
        "incomeBeforeTaxRatio": 0.2265321955,
        "incomeTaxExpense": 34200000,
        "netIncome": 82600000,
        "netIncomeRatio": 0.1602017067,
        "eps": 0.0916,
        "epsdiluted": 0.0907,
        "weightedAverageShsOut": 901992902,
        "weightedAverageShsOutDil": 910263051,
        "link": null,
        "finalLink": null
    },
    {
        "date": "1993-06-30",
        "symbol": "PGR",
        "reportedCurrency": "USD",
        "cik": "0000080661",
        "fillingDate": "1993-06-30",
        "acceptedDate": "1993-06-30 00:00:00",
        "calendarYear": "1993",
        "period": "Q2",
        "revenue": 494400000,
        "costOfRevenue": 77000000,
        "grossProfit": 417400000,
        "grossProfitRatio": 0.8442556634,
        "researchAndDevelopmentExpenses": 0,
        "generalAndAdministrativeExpenses": 0,
        "sellingAndMarketingExpenses": 0,
        "sellingGeneralAndAdministrativeExpenses": 0,
        "otherExpenses": 9500000,
        "operatingExpenses": 9500000,
        "costAndExpenses": 86500000,
        "interestIncome": 0,
        "interestExpense": 9500000,
        "depreciationAndAmortization": 4300000,
        "ebitda": 13800000,
        "ebitdaratio": 0.0279126214,
        "operatingIncome": 112400000,
        "operatingIncomeRatio": 0.2273462783,
        "totalOtherIncomeExpensesNet": 0,
        "incomeBeforeTax": 112400000,
        "incomeBeforeTaxRatio": 0.2273462783,
        "incomeTaxExpense": 32700000,
        "netIncome": 79700000,
        "netIncomeRatio": 0.1612055016,
        "eps": 0.0924,
        "epsdiluted": 0.0924,
        "weightedAverageShsOut": 862479439,
        "weightedAverageShsOutDil": 862479439,
        "link": null,
        "finalLink": null
    },
    {
        "date": "1993-03-31",
        "symbol": "PGR",
        "reportedCurrency": "USD",
        "cik": "0000080661",
        "fillingDate": "1993-03-31",
        "acceptedDate": "1993-03-31 00:00:00",
        "calendarYear": "1993",
        "period": "Q1",
        "revenue": 435100000,
        "costOfRevenue": 107600000,
        "grossProfit": 327500000,
        "grossProfitRatio": 0.7527005286,
        "researchAndDevelopmentExpenses": 0,
        "generalAndAdministrativeExpenses": 0,
        "sellingAndMarketingExpenses": 0,
        "sellingGeneralAndAdministrativeExpenses": 0,
        "otherExpenses": 9800000,
        "operatingExpenses": 9800000,
        "costAndExpenses": 117400000,
        "interestIncome": 0,
        "interestExpense": 9800000,
        "depreciationAndAmortization": 4400000,
        "ebitda": 14200000,
        "ebitdaratio": 0.0326361756,
        "operatingIncome": 72000000,
        "operatingIncomeRatio": 0.1654792002,
        "totalOtherIncomeExpensesNet": 0,
        "incomeBeforeTax": 72000000,
        "incomeBeforeTaxRatio": 0.1654792002,
        "incomeTaxExpense": 20400000,
        "netIncome": 51600000,
        "netIncomeRatio": 0.1185934268,
        "eps": 0.0591,
        "epsdiluted": 0.0591,
        "weightedAverageShsOut": 872978277,
        "weightedAverageShsOutDil": 872978277,
        "link": null,
        "finalLink": null
    },
    {
        "date": "1992-12-31",
        "symbol": "PGR",
        "reportedCurrency": "USD",
        "cik": "0000080661",
        "fillingDate": "1992-12-31",
        "acceptedDate": "1992-12-31 00:00:00",
        "calendarYear": "1992",
        "period": "Q4",
        "revenue": 432300000,
        "costOfRevenue": 108500000,
        "grossProfit": 323800000,
        "grossProfitRatio": 0.7490168864,
        "researchAndDevelopmentExpenses": 0,
        "generalAndAdministrativeExpenses": 0,
        "sellingAndMarketingExpenses": 0,
        "sellingGeneralAndAdministrativeExpenses": 0,
        "otherExpenses": 10600000,
        "operatingExpenses": 10600000,
        "costAndExpenses": 119100000,
        "interestIncome": 0,
        "interestExpense": 10600000,
        "depreciationAndAmortization": 4900000,
        "ebitda": 15500000,
        "ebitdaratio": 0.0358547305,
        "operatingIncome": 37100000,
        "operatingIncomeRatio": 0.0858200324,
        "totalOtherIncomeExpensesNet": 0,
        "incomeBeforeTax": 37100000,
        "incomeBeforeTaxRatio": 0.0858200324,
        "incomeTaxExpense": 4200000,
        "netIncome": 32900000,
        "netIncomeRatio": 0.076104557,
        "eps": 0.0429,
        "epsdiluted": 0.0429,
        "weightedAverageShsOut": 767052767,
        "weightedAverageShsOutDil": 767052767,
        "link": null,
        "finalLink": null
    },
    {
        "date": "1992-09-30",
        "symbol": "PGR",
        "reportedCurrency": "USD",
        "cik": "0000080661",
        "fillingDate": "1992-09-30",
        "acceptedDate": "1992-09-30 00:00:00",
        "calendarYear": "1992",
        "period": "Q3",
        "revenue": 412500000,
        "costOfRevenue": 101800000,
        "grossProfit": 310700000,
        "grossProfitRatio": 0.7532121212,
        "researchAndDevelopmentExpenses": 0,
        "generalAndAdministrativeExpenses": 0,
        "sellingAndMarketingExpenses": 0,
        "sellingGeneralAndAdministrativeExpenses": 0,
        "otherExpenses": 11200000,
        "operatingExpenses": 11200000,
        "costAndExpenses": 113000000,
        "interestIncome": 0,
        "interestExpense": 11200000,
        "depreciationAndAmortization": 5800000,
        "ebitda": 17000000,
        "ebitdaratio": 0.0412121212,
        "operatingIncome": 61100000,
        "operatingIncomeRatio": 0.1481212121,
        "totalOtherIncomeExpensesNet": 0,
        "incomeBeforeTax": 61100000,
        "incomeBeforeTaxRatio": 0.1481212121,
        "incomeTaxExpense": 16400000,
        "netIncome": 44700000,
        "netIncomeRatio": 0.1083636364,
        "eps": 0.0583,
        "epsdiluted": 0.0516,
        "weightedAverageShsOut": 767052767,
        "weightedAverageShsOutDil": 866027318,
        "link": null,
        "finalLink": null
    },
    {
        "date": "1992-06-30",
        "symbol": "PGR",
        "reportedCurrency": "USD",
        "cik": "0000080661",
        "fillingDate": "1992-06-30",
        "acceptedDate": "1992-06-30 00:00:00",
        "calendarYear": "1992",
        "period": "Q2",
        "revenue": 507000000,
        "costOfRevenue": 123700000,
        "grossProfit": 383300000,
        "grossProfitRatio": 0.7560157791,
        "researchAndDevelopmentExpenses": 0,
        "generalAndAdministrativeExpenses": 0,
        "sellingAndMarketingExpenses": 0,
        "sellingGeneralAndAdministrativeExpenses": 0,
        "otherExpenses": 11200000,
        "operatingExpenses": 11200000,
        "costAndExpenses": 134900000,
        "interestIncome": 0,
        "interestExpense": 11200000,
        "depreciationAndAmortization": 6400000,
        "ebitda": 17600000,
        "ebitdaratio": 0.0347140039,
        "operatingIncome": 53200000,
        "operatingIncomeRatio": 0.1049309665,
        "totalOtherIncomeExpensesNet": 0,
        "incomeBeforeTax": 53200000,
        "incomeBeforeTaxRatio": 0.1049309665,
        "incomeTaxExpense": 13100000,
        "netIncome": 40100000,
        "netIncomeRatio": 0.0790927022,
        "eps": 0.05,
        "epsdiluted": 0.0441,
        "weightedAverageShsOut": 802802803,
        "weightedAverageShsOutDil": 908823063,
        "link": null,
        "finalLink": null
    },
    {
        "date": "1992-03-31",
        "symbol": "PGR",
        "reportedCurrency": "USD",
        "cik": "0000080661",
        "fillingDate": "1992-03-31",
        "acceptedDate": "1992-03-31 00:00:00",
        "calendarYear": "1992",
        "period": "Q1",
        "revenue": 387000000,
        "costOfRevenue": 80200000,
        "grossProfit": 306800000,
        "grossProfitRatio": 0.7927648579,
        "researchAndDevelopmentExpenses": 0,
        "generalAndAdministrativeExpenses": 0,
        "sellingAndMarketingExpenses": 0,
        "sellingGeneralAndAdministrativeExpenses": 0,
        "otherExpenses": 11400000,
        "operatingExpenses": 11400000,
        "costAndExpenses": 91600000,
        "interestIncome": 0,
        "interestExpense": 11400000,
        "depreciationAndAmortization": 7200000,
        "ebitda": 18600000,
        "ebitdaratio": 0.0480620155,
        "operatingIncome": 27200000,
        "operatingIncomeRatio": 0.0702842377,
        "totalOtherIncomeExpensesNet": 0,
        "incomeBeforeTax": 27200000,
        "incomeBeforeTaxRatio": 0.0702842377,
        "incomeTaxExpense": 5300000,
        "netIncome": 36100000,
        "netIncomeRatio": 0.0932816537,
        "eps": 0.0441,
        "epsdiluted": 0.0391,
        "weightedAverageShsOut": 818167396,
        "weightedAverageShsOutDil": 922612963,
        "link": null,
        "finalLink": null
    },
    {
        "date": "1991-12-31",
        "symbol": "PGR",
        "reportedCurrency": "USD",
        "cik": "0000080661",
        "fillingDate": "1991-12-31",
        "acceptedDate": "1991-12-31 00:00:00",
        "calendarYear": "1991",
        "period": "Q4",
        "revenue": 379200000,
        "costOfRevenue": 243600000,
        "grossProfit": 135600000,
        "grossProfitRatio": 0.3575949367,
        "researchAndDevelopmentExpenses": 0,
        "generalAndAdministrativeExpenses": 0,
        "sellingAndMarketingExpenses": 0,
        "sellingGeneralAndAdministrativeExpenses": 0,
        "otherExpenses": 12100000,
        "operatingExpenses": 12100000,
        "costAndExpenses": 255700000,
        "interestIncome": 0,
        "interestExpense": 12100000,
        "depreciationAndAmortization": 7700000,
        "ebitda": 131200000,
        "ebitdaratio": 0.3459915612,
        "operatingIncome": 123500000,
        "operatingIncomeRatio": 0.325685654,
        "totalOtherIncomeExpensesNet": 0,
        "incomeBeforeTax": 123500000,
        "incomeBeforeTaxRatio": 0.325685654,
        "incomeTaxExpense": 0,
        "netIncome": -13700000,
        "netIncomeRatio": -0.036128692,
        "eps": -0.0143,
        "epsdiluted": -0.0143,
        "weightedAverageShsOut": 960960961,
        "weightedAverageShsOutDil": 960960961,
        "link": null,
        "finalLink": null
    },
    {
        "date": "1991-09-30",
        "symbol": "PGR",
        "reportedCurrency": "USD",
        "cik": "0000080661",
        "fillingDate": "1991-09-30",
        "acceptedDate": "1991-09-30 00:00:00",
        "calendarYear": "1991",
        "period": "Q3",
        "revenue": 387400000,
        "costOfRevenue": 82900000,
        "grossProfit": 304500000,
        "grossProfitRatio": 0.7860092927,
        "researchAndDevelopmentExpenses": 0,
        "generalAndAdministrativeExpenses": 0,
        "sellingAndMarketingExpenses": 0,
        "sellingGeneralAndAdministrativeExpenses": 0,
        "otherExpenses": 11800000,
        "operatingExpenses": 11800000,
        "costAndExpenses": 94700000,
        "interestIncome": 0,
        "interestExpense": 11800000,
        "depreciationAndAmortization": 8500000,
        "ebitda": 20300000,
        "ebitdaratio": 0.0524006195,
        "operatingIncome": 15400000,
        "operatingIncomeRatio": 0.0397521941,
        "totalOtherIncomeExpensesNet": 0,
        "incomeBeforeTax": 15400000,
        "incomeBeforeTaxRatio": 0.0397521941,
        "incomeTaxExpense": 4200000,
        "netIncome": 11200000,
        "netIncomeRatio": 0.0289106866,
        "eps": 0.0117,
        "epsdiluted": 0.0108,
        "weightedAverageShsOut": 960960961,
        "weightedAverageShsOutDil": 960960961,
        "link": null,
        "finalLink": null
    },
    {
        "date": "1991-06-30",
        "symbol": "PGR",
        "reportedCurrency": "USD",
        "cik": "0000080661",
        "fillingDate": "1991-06-30",
        "acceptedDate": "1991-06-30 00:00:00",
        "calendarYear": "1991",
        "period": "Q2",
        "revenue": 373600000,
        "costOfRevenue": 76600000,
        "grossProfit": 297000000,
        "grossProfitRatio": 0.7949678801,
        "researchAndDevelopmentExpenses": 0,
        "generalAndAdministrativeExpenses": 0,
        "sellingAndMarketingExpenses": 0,
        "sellingGeneralAndAdministrativeExpenses": 0,
        "otherExpenses": 11800000,
        "operatingExpenses": 11800000,
        "costAndExpenses": 88400000,
        "interestIncome": 0,
        "interestExpense": 11800000,
        "depreciationAndAmortization": 6000000,
        "ebitda": 17800000,
        "ebitdaratio": 0.0476445396,
        "operatingIncome": 3700000,
        "operatingIncomeRatio": 0.0099036403,
        "totalOtherIncomeExpensesNet": 0,
        "incomeBeforeTax": 3700000,
        "incomeBeforeTaxRatio": 0.0099036403,
        "incomeTaxExpense": -6000000,
        "netIncome": 9700000,
        "netIncomeRatio": 0.0259635974,
        "eps": 0.0108,
        "epsdiluted": 0.0108,
        "weightedAverageShsOut": 896239490,
        "weightedAverageShsOutDil": 896239490,
        "link": null,
        "finalLink": null
    },
    {
        "date": "1991-03-31",
        "symbol": "PGR",
        "reportedCurrency": "USD",
        "cik": "0000080661",
        "fillingDate": "1991-03-31",
        "acceptedDate": "1991-03-31 00:00:00",
        "calendarYear": "1991",
        "period": "Q1",
        "revenue": 352900000,
        "costOfRevenue": 72600000,
        "grossProfit": 280300000,
        "grossProfitRatio": 0.7942759989,
        "researchAndDevelopmentExpenses": 0,
        "generalAndAdministrativeExpenses": 0,
        "sellingAndMarketingExpenses": 0,
        "sellingGeneralAndAdministrativeExpenses": 0,
        "otherExpenses": 12100000,
        "operatingExpenses": 12100000,
        "costAndExpenses": 84700000,
        "interestIncome": 0,
        "interestExpense": 12100000,
        "depreciationAndAmortization": 6200000,
        "ebitda": 18300000,
        "ebitdaratio": 0.0518560499,
        "operatingIncome": 29000000,
        "operatingIncomeRatio": 0.0821762539,
        "totalOtherIncomeExpensesNet": 0,
        "incomeBeforeTax": 29000000,
        "incomeBeforeTaxRatio": 0.0821762539,
        "incomeTaxExpense": 3300000,
        "netIncome": 25700000,
        "netIncomeRatio": 0.0728251629,
        "eps": 0.0308,
        "epsdiluted": 0.0283,
        "weightedAverageShsOut": 834334318,
        "weightedAverageShsOutDil": 907966790,
        "link": null,
        "finalLink": null
    },
    {
        "date": "1990-12-31",
        "symbol": "PGR",
        "reportedCurrency": "USD",
        "cik": "0000080661",
        "fillingDate": "1990-12-31",
        "acceptedDate": "1990-12-31 00:00:00",
        "calendarYear": "1990",
        "period": "Q4",
        "revenue": -898800000,
        "costOfRevenue": 0,
        "grossProfit": -898800000,
        "grossProfitRatio": 1,
        "researchAndDevelopmentExpenses": 0,
        "generalAndAdministrativeExpenses": 0,
        "sellingAndMarketingExpenses": 0,
        "sellingGeneralAndAdministrativeExpenses": 0,
        "otherExpenses": -208600000,
        "operatingExpenses": -208600000,
        "costAndExpenses": -208600000,
        "interestIncome": 0,
        "interestExpense": 11600000,
        "depreciationAndAmortization": 0,
        "ebitda": 0,
        "ebitdaratio": 0,
        "operatingIncome": -690200000,
        "operatingIncomeRatio": 0.7679127726,
        "totalOtherIncomeExpensesNet": 680200000,
        "incomeBeforeTax": -10000000,
        "incomeBeforeTaxRatio": 0.0111259457,
        "incomeTaxExpense": -21100000,
        "netIncome": 11100000,
        "netIncomeRatio": -0.0123497997,
        "eps": 0.0128,
        "epsdiluted": 0.0128,
        "weightedAverageShsOut": 834159413,
        "weightedAverageShsOutDil": 869648777,
        "link": null,
        "finalLink": null
    },
    {
        "date": "1990-09-30",
        "symbol": "PGR",
        "reportedCurrency": "USD",
        "cik": "0000080661",
        "fillingDate": "1990-09-30",
        "acceptedDate": "1990-09-30 00:00:00",
        "calendarYear": "1990",
        "period": "Q3",
        "revenue": 348000000,
        "costOfRevenue": 73800000,
        "grossProfit": 274200000,
        "grossProfitRatio": 0.7879310345,
        "researchAndDevelopmentExpenses": 0,
        "generalAndAdministrativeExpenses": 0,
        "sellingAndMarketingExpenses": 0,
        "sellingGeneralAndAdministrativeExpenses": 0,
        "otherExpenses": 12700000,
        "operatingExpenses": 12700000,
        "costAndExpenses": 86500000,
        "interestIncome": 0,
        "interestExpense": 12700000,
        "depreciationAndAmortization": 3600000,
        "ebitda": 16300000,
        "ebitdaratio": 0.0468390805,
        "operatingIncome": 16700000,
        "operatingIncomeRatio": 0.0479885057,
        "totalOtherIncomeExpensesNet": 0,
        "incomeBeforeTax": 16700000,
        "incomeBeforeTaxRatio": 0.0479885057,
        "incomeTaxExpense": -1400000,
        "netIncome": 18100000,
        "netIncomeRatio": 0.0520114943,
        "eps": 0.0208,
        "epsdiluted": 0.02,
        "weightedAverageShsOut": 869648777,
        "weightedAverageShsOutDil": 905905906,
        "link": null,
        "finalLink": null
    },
    {
        "date": "1990-06-30",
        "symbol": "PGR",
        "reportedCurrency": "USD",
        "cik": "0000080661",
        "fillingDate": "1990-06-30",
        "acceptedDate": "1990-06-30 00:00:00",
        "calendarYear": "1990",
        "period": "Q2",
        "revenue": 345900000,
        "costOfRevenue": 74400000,
        "grossProfit": 271500000,
        "grossProfitRatio": 0.7849089332,
        "researchAndDevelopmentExpenses": 0,
        "generalAndAdministrativeExpenses": 0,
        "sellingAndMarketingExpenses": 0,
        "sellingGeneralAndAdministrativeExpenses": 0,
        "otherExpenses": 12100000,
        "operatingExpenses": 12100000,
        "costAndExpenses": 86500000,
        "interestIncome": 0,
        "interestExpense": 12100000,
        "depreciationAndAmortization": 3700000,
        "ebitda": 15800000,
        "ebitdaratio": 0.0456779416,
        "operatingIncome": 45300000,
        "operatingIncomeRatio": 0.130962706,
        "totalOtherIncomeExpensesNet": 0,
        "incomeBeforeTax": 45300000,
        "incomeBeforeTaxRatio": 0.130962706,
        "incomeTaxExpense": 8500000,
        "netIncome": 36800000,
        "netIncomeRatio": 0.1063891298,
        "eps": 0.0416,
        "epsdiluted": 0.0383,
        "weightedAverageShsOut": 884084084,
        "weightedAverageShsOutDil": 960960961,
        "link": null,
        "finalLink": null
    },
    {
        "date": "1990-03-31",
        "symbol": "PGR",
        "reportedCurrency": "USD",
        "cik": "0000080661",
        "fillingDate": "1990-03-31",
        "acceptedDate": "1990-03-31 00:00:00",
        "calendarYear": "1990",
        "period": "Q1",
        "revenue": 341600000,
        "costOfRevenue": 72000000,
        "grossProfit": 269600000,
        "grossProfitRatio": 0.7892271663,
        "researchAndDevelopmentExpenses": 0,
        "generalAndAdministrativeExpenses": 0,
        "sellingAndMarketingExpenses": 0,
        "sellingGeneralAndAdministrativeExpenses": 0,
        "otherExpenses": 12000000,
        "operatingExpenses": 12000000,
        "costAndExpenses": 84000000,
        "interestIncome": 0,
        "interestExpense": 12000000,
        "depreciationAndAmortization": 4100000,
        "ebitda": 16100000,
        "ebitdaratio": 0.0471311475,
        "operatingIncome": 33500000,
        "operatingIncomeRatio": 0.0980679157,
        "totalOtherIncomeExpensesNet": 0,
        "incomeBeforeTax": 33500000,
        "incomeBeforeTaxRatio": 0.0980679157,
        "incomeTaxExpense": 6100000,
        "netIncome": 27400000,
        "netIncomeRatio": 0.0802107728,
        "eps": 0.0283,
        "epsdiluted": 0.0283,
        "weightedAverageShsOut": 968026850,
        "weightedAverageShsOutDil": 968026850,
        "link": null,
        "finalLink": null
    },
    {
        "date": "1989-12-31",
        "symbol": "PGR",
        "reportedCurrency": "USD",
        "cik": "0000080661",
        "fillingDate": "1989-12-31",
        "acceptedDate": "1989-12-31 00:00:00",
        "calendarYear": "1989",
        "period": "Q4",
        "revenue": 335400000,
        "costOfRevenue": 73600000,
        "grossProfit": 261800000,
        "grossProfitRatio": 0.7805605247,
        "researchAndDevelopmentExpenses": 0,
        "generalAndAdministrativeExpenses": 0,
        "sellingAndMarketingExpenses": 0,
        "sellingGeneralAndAdministrativeExpenses": 0,
        "otherExpenses": 12300000,
        "operatingExpenses": 12300000,
        "costAndExpenses": 85900000,
        "interestIncome": 0,
        "interestExpense": 12300000,
        "depreciationAndAmortization": 4800000,
        "ebitda": 17100000,
        "ebitdaratio": 0.0509838998,
        "operatingIncome": -4000000,
        "operatingIncomeRatio": -0.0119260584,
        "totalOtherIncomeExpensesNet": 0,
        "incomeBeforeTax": -4000000,
        "incomeBeforeTaxRatio": -0.0119260584,
        "incomeTaxExpense": -4300000,
        "netIncome": 300000,
        "netIncomeRatio": 0.0008944544,
        "eps": 0.0003,
        "epsdiluted": 0.0003,
        "weightedAverageShsOut": 1016731017,
        "weightedAverageShsOutDil": 1016731017,
        "link": null,
        "finalLink": null
    },
    {
        "date": "1989-09-30",
        "symbol": "PGR",
        "reportedCurrency": "USD",
        "cik": "0000080661",
        "fillingDate": "1989-09-30",
        "acceptedDate": "1989-09-30 00:00:00",
        "calendarYear": "1989",
        "period": "Q3",
        "revenue": 354800000,
        "costOfRevenue": 78500000,
        "grossProfit": 276300000,
        "grossProfitRatio": 0.7787485908,
        "researchAndDevelopmentExpenses": 0,
        "generalAndAdministrativeExpenses": 0,
        "sellingAndMarketingExpenses": 0,
        "sellingGeneralAndAdministrativeExpenses": 0,
        "otherExpenses": 12200000,
        "operatingExpenses": 12200000,
        "costAndExpenses": 90700000,
        "interestIncome": 0,
        "interestExpense": 12200000,
        "depreciationAndAmortization": 4500000,
        "ebitda": 16700000,
        "ebitdaratio": 0.0470687711,
        "operatingIncome": 26000000,
        "operatingIncomeRatio": 0.0732807215,
        "totalOtherIncomeExpensesNet": 0,
        "incomeBeforeTax": 26000000,
        "incomeBeforeTaxRatio": 0.0732807215,
        "incomeTaxExpense": 2300000,
        "netIncome": 23700000,
        "netIncomeRatio": 0.0667981962,
        "eps": 0.0233,
        "epsdiluted": 0.0233,
        "weightedAverageShsOut": 1016731017,
        "weightedAverageShsOutDil": 1016731017,
        "link": null,
        "finalLink": null
    },
    {
        "date": "1989-06-30",
        "symbol": "PGR",
        "reportedCurrency": "USD",
        "cik": "0000080661",
        "fillingDate": "1989-06-30",
        "acceptedDate": "1989-06-30 00:00:00",
        "calendarYear": "1989",
        "period": "Q2",
        "revenue": 353600000,
        "costOfRevenue": 70300000,
        "grossProfit": 283300000,
        "grossProfitRatio": 0.8011877828,
        "researchAndDevelopmentExpenses": 0,
        "generalAndAdministrativeExpenses": 0,
        "sellingAndMarketingExpenses": 0,
        "sellingGeneralAndAdministrativeExpenses": 0,
        "otherExpenses": 12400000,
        "operatingExpenses": 12400000,
        "costAndExpenses": 82700000,
        "interestIncome": 0,
        "interestExpense": 12400000,
        "depreciationAndAmortization": 4200000,
        "ebitda": 16600000,
        "ebitdaratio": 0.0469457014,
        "operatingIncome": 37800000,
        "operatingIncomeRatio": 0.1069004525,
        "totalOtherIncomeExpensesNet": 0,
        "incomeBeforeTax": 37800000,
        "incomeBeforeTaxRatio": 0.1069004525,
        "incomeTaxExpense": 6300000,
        "netIncome": 31500000,
        "netIncomeRatio": 0.0890837104,
        "eps": 0.0325,
        "epsdiluted": 0.0308,
        "weightedAverageShsOut": 970186029,
        "weightedAverageShsOutDil": 1022627666,
        "link": null,
        "finalLink": null
    },
    {
        "date": "1989-03-31",
        "symbol": "PGR",
        "reportedCurrency": "USD",
        "cik": "0000080661",
        "fillingDate": "1989-03-31",
        "acceptedDate": "1989-03-31 00:00:00",
        "calendarYear": "1989",
        "period": "Q1",
        "revenue": 348900000,
        "costOfRevenue": 74300000,
        "grossProfit": 274600000,
        "grossProfitRatio": 0.7870449986,
        "researchAndDevelopmentExpenses": 0,
        "generalAndAdministrativeExpenses": 0,
        "sellingAndMarketingExpenses": 0,
        "sellingGeneralAndAdministrativeExpenses": 0,
        "otherExpenses": 12400000,
        "operatingExpenses": 12400000,
        "costAndExpenses": 86700000,
        "interestIncome": 0,
        "interestExpense": 12400000,
        "depreciationAndAmortization": 3900000,
        "ebitda": 16300000,
        "ebitdaratio": 0.0467182574,
        "operatingIncome": 26300000,
        "operatingIncomeRatio": 0.075379765,
        "totalOtherIncomeExpensesNet": 0,
        "incomeBeforeTax": 26300000,
        "incomeBeforeTaxRatio": 0.075379765,
        "incomeTaxExpense": 3800000,
        "netIncome": 22500000,
        "netIncomeRatio": 0.0644883921,
        "eps": 0.0225,
        "epsdiluted": 0.0225,
        "weightedAverageShsOut": 1000978735,
        "weightedAverageShsOutDil": 1000978735,
        "link": null,
        "finalLink": null
    },
    {
        "date": "1988-12-31",
        "symbol": "PGR",
        "reportedCurrency": "USD",
        "cik": "0000080661",
        "fillingDate": "1988-12-31",
        "acceptedDate": "1988-12-30 19:00:00",
        "calendarYear": "1988",
        "period": "Q4",
        "revenue": 435500000,
        "costOfRevenue": 0,
        "grossProfit": 435500000,
        "grossProfitRatio": 1,
        "researchAndDevelopmentExpenses": 0,
        "generalAndAdministrativeExpenses": 0,
        "sellingAndMarketingExpenses": 0,
        "sellingGeneralAndAdministrativeExpenses": 0,
        "otherExpenses": 435500000,
        "operatingExpenses": 435500000,
        "costAndExpenses": 435500000,
        "interestIncome": 0,
        "interestExpense": 0,
        "depreciationAndAmortization": 0,
        "ebitda": 0,
        "ebitdaratio": 0,
        "operatingIncome": 0,
        "operatingIncomeRatio": 0,
        "totalOtherIncomeExpensesNet": 0,
        "incomeBeforeTax": 0,
        "incomeBeforeTaxRatio": 0,
        "incomeTaxExpense": 0,
        "netIncome": 28700000,
        "netIncomeRatio": 0.0659012629,
        "eps": 0.0289,
        "epsdiluted": 0.0289,
        "weightedAverageShsOut": 949728044,
        "weightedAverageShsOutDil": 991940484,
        "link": "",
        "finalLink": ""
    },
    {
        "date": "1988-09-30",
        "symbol": "PGR",
        "reportedCurrency": "USD",
        "cik": "0000080661",
        "fillingDate": "1988-09-30",
        "acceptedDate": "1988-09-29 20:00:00",
        "calendarYear": "1988",
        "period": "Q3",
        "revenue": 312100000,
        "costOfRevenue": 0,
        "grossProfit": 312100000,
        "grossProfitRatio": 1,
        "researchAndDevelopmentExpenses": 0,
        "generalAndAdministrativeExpenses": 0,
        "sellingAndMarketingExpenses": 0,
        "sellingGeneralAndAdministrativeExpenses": 0,
        "otherExpenses": 312100000,
        "operatingExpenses": 312100000,
        "costAndExpenses": 312100000,
        "interestIncome": 0,
        "interestExpense": 0,
        "depreciationAndAmortization": 0,
        "ebitda": 0,
        "ebitdaratio": 0,
        "operatingIncome": 0,
        "operatingIncomeRatio": 0,
        "totalOtherIncomeExpensesNet": 0,
        "incomeBeforeTax": 0,
        "incomeBeforeTaxRatio": 0,
        "incomeTaxExpense": 0,
        "netIncome": 25600000,
        "netIncomeRatio": 0.082024992,
        "eps": 0.0258,
        "epsdiluted": 0.025,
        "weightedAverageShsOut": 991940484,
        "weightedAverageShsOutDil": 1025025025,
        "link": "",
        "finalLink": ""
    },
    {
        "date": "1988-06-30",
        "symbol": "PGR",
        "reportedCurrency": "USD",
        "cik": "0000080661",
        "fillingDate": "1988-06-30",
        "acceptedDate": "1988-06-29 20:00:00",
        "calendarYear": "1988",
        "period": "Q2",
        "revenue": 307900000,
        "costOfRevenue": 0,
        "grossProfit": 307900000,
        "grossProfitRatio": 1,
        "researchAndDevelopmentExpenses": 0,
        "generalAndAdministrativeExpenses": 0,
        "sellingAndMarketingExpenses": 0,
        "sellingGeneralAndAdministrativeExpenses": 0,
        "otherExpenses": 307900000,
        "operatingExpenses": 307900000,
        "costAndExpenses": 307900000,
        "interestIncome": 0,
        "interestExpense": 0,
        "depreciationAndAmortization": 0,
        "ebitda": 0,
        "ebitdaratio": 0,
        "operatingIncome": 0,
        "operatingIncomeRatio": 0,
        "totalOtherIncomeExpensesNet": 0,
        "incomeBeforeTax": 0,
        "incomeBeforeTaxRatio": 0,
        "incomeTaxExpense": 0,
        "netIncome": 23600000,
        "netIncomeRatio": 0.0766482624,
        "eps": 0.0225,
        "epsdiluted": 0.0208,
        "weightedAverageShsOut": 1049915473,
        "weightedAverageShsOutDil": 1133906693,
        "link": "",
        "finalLink": ""
    },
    {
        "date": "1988-03-31",
        "symbol": "PGR",
        "reportedCurrency": "USD",
        "cik": "0000080661",
        "fillingDate": "1988-03-31",
        "acceptedDate": "1988-03-30 19:00:00",
        "calendarYear": "1988",
        "period": "Q1",
        "revenue": 289200000,
        "costOfRevenue": 0,
        "grossProfit": 289200000,
        "grossProfitRatio": 1,
        "researchAndDevelopmentExpenses": 0,
        "generalAndAdministrativeExpenses": 0,
        "sellingAndMarketingExpenses": 0,
        "sellingGeneralAndAdministrativeExpenses": 0,
        "otherExpenses": 289200000,
        "operatingExpenses": 289200000,
        "costAndExpenses": 289200000,
        "interestIncome": 0,
        "interestExpense": 0,
        "depreciationAndAmortization": 0,
        "ebitda": 0,
        "ebitdaratio": 0,
        "operatingIncome": 0,
        "operatingIncomeRatio": 0,
        "totalOtherIncomeExpensesNet": 0,
        "incomeBeforeTax": 0,
        "incomeBeforeTaxRatio": 0,
        "incomeTaxExpense": 0,
        "netIncome": 30800000,
        "netIncomeRatio": 0.1065006916,
        "eps": 0.0291,
        "epsdiluted": 0.0291,
        "weightedAverageShsOut": 1057038918,
        "weightedAverageShsOutDil": 1057038918,
        "link": "",
        "finalLink": ""
    },
    {
        "date": "1987-12-31",
        "symbol": "PGR",
        "reportedCurrency": "USD",
        "cik": "0000080661",
        "fillingDate": "1987-12-31",
        "acceptedDate": "1987-12-30 19:00:00",
        "calendarYear": "1987",
        "period": "Q4",
        "revenue": 296300000,
        "costOfRevenue": 0,
        "grossProfit": 296300000,
        "grossProfitRatio": 1,
        "researchAndDevelopmentExpenses": 0,
        "generalAndAdministrativeExpenses": 0,
        "sellingAndMarketingExpenses": 0,
        "sellingGeneralAndAdministrativeExpenses": 0,
        "otherExpenses": 296300000,
        "operatingExpenses": 296300000,
        "costAndExpenses": 296300000,
        "interestIncome": 0,
        "interestExpense": 0,
        "depreciationAndAmortization": 0,
        "ebitda": 0,
        "ebitdaratio": 0,
        "operatingIncome": 0,
        "operatingIncomeRatio": 0,
        "totalOtherIncomeExpensesNet": 0,
        "incomeBeforeTax": 0,
        "incomeBeforeTaxRatio": 0,
        "incomeTaxExpense": 0,
        "netIncome": 23600000,
        "netIncomeRatio": 0.0796490044,
        "eps": 0.0228,
        "epsdiluted": 0.0228,
        "weightedAverageShsOut": 1035496831,
        "weightedAverageShsOutDil": 1035496831,
        "link": "",
        "finalLink": ""
    },
    {
        "date": "1987-09-30",
        "symbol": "PGR",
        "reportedCurrency": "USD",
        "cik": "0000080661",
        "fillingDate": "1987-09-30",
        "acceptedDate": "1987-09-29 20:00:00",
        "calendarYear": "1987",
        "period": "Q3",
        "revenue": 259400000,
        "costOfRevenue": 0,
        "grossProfit": 259400000,
        "grossProfitRatio": 1,
        "researchAndDevelopmentExpenses": 0,
        "generalAndAdministrativeExpenses": 0,
        "sellingAndMarketingExpenses": 0,
        "sellingGeneralAndAdministrativeExpenses": 0,
        "otherExpenses": 259400000,
        "operatingExpenses": 259400000,
        "costAndExpenses": 259400000,
        "interestIncome": 0,
        "interestExpense": 0,
        "depreciationAndAmortization": 0,
        "ebitda": 0,
        "ebitdaratio": 0,
        "operatingIncome": 0,
        "operatingIncomeRatio": 0,
        "totalOtherIncomeExpensesNet": 0,
        "incomeBeforeTax": 0,
        "incomeBeforeTaxRatio": 0,
        "incomeTaxExpense": 0,
        "netIncome": 25000000,
        "netIncomeRatio": 0.0963762529,
        "eps": 0.0241,
        "epsdiluted": 0.0241,
        "weightedAverageShsOut": 1035496831,
        "weightedAverageShsOutDil": 1035496831,
        "link": "",
        "finalLink": ""
    },
    {
        "date": "1987-06-30",
        "symbol": "PGR",
        "reportedCurrency": "USD",
        "cik": "0000080661",
        "fillingDate": "1987-06-30",
        "acceptedDate": "1987-06-29 20:00:00",
        "calendarYear": "1987",
        "period": "Q2",
        "revenue": 234800000,
        "costOfRevenue": 0,
        "grossProfit": 234800000,
        "grossProfitRatio": 1,
        "researchAndDevelopmentExpenses": 0,
        "generalAndAdministrativeExpenses": 0,
        "sellingAndMarketingExpenses": 0,
        "sellingGeneralAndAdministrativeExpenses": 0,
        "otherExpenses": 234800000,
        "operatingExpenses": 234800000,
        "costAndExpenses": 234800000,
        "interestIncome": 0,
        "interestExpense": 0,
        "depreciationAndAmortization": 0,
        "ebitda": 0,
        "ebitdaratio": 0,
        "operatingIncome": 0,
        "operatingIncomeRatio": 0,
        "totalOtherIncomeExpensesNet": 0,
        "incomeBeforeTax": 0,
        "incomeBeforeTaxRatio": 0,
        "incomeTaxExpense": 0,
        "netIncome": 22400000,
        "netIncomeRatio": 0.0954003407,
        "eps": 0.0216,
        "epsdiluted": 0.0216,
        "weightedAverageShsOut": 1034881035,
        "weightedAverageShsOutDil": 1034881035,
        "link": "",
        "finalLink": ""
    },
    {
        "date": "1987-03-31",
        "symbol": "PGR",
        "reportedCurrency": "USD",
        "cik": "0000080661",
        "fillingDate": "1987-03-31",
        "acceptedDate": "1987-03-30 19:00:00",
        "calendarYear": "1987",
        "period": "Q1",
        "revenue": 209400000,
        "costOfRevenue": 0,
        "grossProfit": 209400000,
        "grossProfitRatio": 1,
        "researchAndDevelopmentExpenses": 0,
        "generalAndAdministrativeExpenses": 0,
        "sellingAndMarketingExpenses": 0,
        "sellingGeneralAndAdministrativeExpenses": 0,
        "otherExpenses": 209400000,
        "operatingExpenses": 209400000,
        "costAndExpenses": 209400000,
        "interestIncome": 0,
        "interestExpense": 0,
        "depreciationAndAmortization": 0,
        "ebitda": 0,
        "ebitdaratio": 0,
        "operatingIncome": 0,
        "operatingIncomeRatio": 0,
        "totalOtherIncomeExpensesNet": 0,
        "incomeBeforeTax": 0,
        "incomeBeforeTaxRatio": 0,
        "incomeTaxExpense": 0,
        "netIncome": 20300000,
        "netIncomeRatio": 0.0969436485,
        "eps": 0.0191,
        "epsdiluted": 0.0191,
        "weightedAverageShsOut": 1060162941,
        "weightedAverageShsOutDil": 1060162941,
        "link": "",
        "finalLink": ""
    },
    {
        "date": "1986-12-31",
        "symbol": "PGR",
        "reportedCurrency": "USD",
        "cik": "0000080661",
        "fillingDate": "1986-12-31",
        "acceptedDate": "1986-12-30 19:00:00",
        "calendarYear": "1986",
        "period": "Q4",
        "revenue": 242400000,
        "costOfRevenue": 0,
        "grossProfit": 242400000,
        "grossProfitRatio": 1,
        "researchAndDevelopmentExpenses": 0,
        "generalAndAdministrativeExpenses": 0,
        "sellingAndMarketingExpenses": 0,
        "sellingGeneralAndAdministrativeExpenses": 0,
        "otherExpenses": 242400000,
        "operatingExpenses": 242400000,
        "costAndExpenses": 242400000,
        "interestIncome": 0,
        "interestExpense": 0,
        "depreciationAndAmortization": 0,
        "ebitda": 0,
        "ebitdaratio": 0,
        "operatingIncome": 0,
        "operatingIncomeRatio": 0,
        "totalOtherIncomeExpensesNet": 0,
        "incomeBeforeTax": 0,
        "incomeBeforeTaxRatio": 0,
        "incomeTaxExpense": 0,
        "netIncome": 3400000,
        "netIncomeRatio": 0.0140264026,
        "eps": 0.0032,
        "epsdiluted": 0.0032,
        "weightedAverageShsOut": 1009477476,
        "weightedAverageShsOutDil": 1055341055,
        "link": "",
        "finalLink": ""
    },
    {
        "date": "1986-09-30",
        "symbol": "PGR",
        "reportedCurrency": "USD",
        "cik": "0000080661",
        "fillingDate": "1986-09-30",
        "acceptedDate": "1986-09-29 20:00:00",
        "calendarYear": "1986",
        "period": "Q3",
        "revenue": 177300000,
        "costOfRevenue": 0,
        "grossProfit": 177300000,
        "grossProfitRatio": 1,
        "researchAndDevelopmentExpenses": 0,
        "generalAndAdministrativeExpenses": 0,
        "sellingAndMarketingExpenses": 0,
        "sellingGeneralAndAdministrativeExpenses": 0,
        "otherExpenses": 177300000,
        "operatingExpenses": 177300000,
        "costAndExpenses": 177300000,
        "interestIncome": 0,
        "interestExpense": 0,
        "depreciationAndAmortization": 0,
        "ebitda": 0,
        "ebitdaratio": 0,
        "operatingIncome": 0,
        "operatingIncomeRatio": 0,
        "totalOtherIncomeExpensesNet": 0,
        "incomeBeforeTax": 0,
        "incomeBeforeTaxRatio": 0,
        "incomeTaxExpense": 0,
        "netIncome": 12300000,
        "netIncomeRatio": 0.0693739425,
        "eps": 0.0117,
        "epsdiluted": 0.0117,
        "weightedAverageShsOut": 1055341055,
        "weightedAverageShsOutDil": 1055341055,
        "link": "",
        "finalLink": ""
    },
    {
        "date": "1986-06-30",
        "symbol": "PGR",
        "reportedCurrency": "USD",
        "cik": "0000080661",
        "fillingDate": "1986-06-30",
        "acceptedDate": "1986-06-29 20:00:00",
        "calendarYear": "1986",
        "period": "Q2",
        "revenue": 162600000,
        "costOfRevenue": 0,
        "grossProfit": 162600000,
        "grossProfitRatio": 1,
        "researchAndDevelopmentExpenses": 0,
        "generalAndAdministrativeExpenses": 0,
        "sellingAndMarketingExpenses": 0,
        "sellingGeneralAndAdministrativeExpenses": 0,
        "otherExpenses": 162600000,
        "operatingExpenses": 162600000,
        "costAndExpenses": 162600000,
        "interestIncome": 0,
        "interestExpense": 0,
        "depreciationAndAmortization": 0,
        "ebitda": 0,
        "ebitdaratio": 0,
        "operatingIncome": 0,
        "operatingIncomeRatio": 0,
        "totalOtherIncomeExpensesNet": 0,
        "incomeBeforeTax": 0,
        "incomeBeforeTaxRatio": 0,
        "incomeTaxExpense": 0,
        "netIncome": 18400000,
        "netIncomeRatio": 0.1131611316,
        "eps": 0.0183,
        "epsdiluted": 0.0183,
        "weightedAverageShsOut": 1004641005,
        "weightedAverageShsOutDil": 1004641005,
        "link": "",
        "finalLink": ""
    },
    {
        "date": "1986-03-31",
        "symbol": "PGR",
        "reportedCurrency": "USD",
        "cik": "0000080661",
        "fillingDate": "1986-03-31",
        "acceptedDate": "1986-03-30 19:00:00",
        "calendarYear": "1986",
        "period": "Q1",
        "revenue": 149600000,
        "costOfRevenue": 0,
        "grossProfit": 149600000,
        "grossProfitRatio": 1,
        "researchAndDevelopmentExpenses": 0,
        "generalAndAdministrativeExpenses": 0,
        "sellingAndMarketingExpenses": 0,
        "sellingGeneralAndAdministrativeExpenses": 0,
        "otherExpenses": 149600000,
        "operatingExpenses": 149600000,
        "costAndExpenses": 149600000,
        "interestIncome": 0,
        "interestExpense": 0,
        "depreciationAndAmortization": 0,
        "ebitda": 0,
        "ebitdaratio": 0,
        "operatingIncome": 0,
        "operatingIncomeRatio": 0,
        "totalOtherIncomeExpensesNet": 0,
        "incomeBeforeTax": 0,
        "incomeBeforeTaxRatio": 0,
        "incomeTaxExpense": 0,
        "netIncome": 13700000,
        "netIncomeRatio": 0.0915775401,
        "eps": 0.0133,
        "epsdiluted": 0.0133,
        "weightedAverageShsOut": 1028528529,
        "weightedAverageShsOutDil": 1028528529,
        "link": "",
        "finalLink": ""
    },
    {
        "date": "1985-12-31",
        "symbol": "PGR",
        "reportedCurrency": "USD",
        "cik": "0000080661",
        "fillingDate": "1985-12-31",
        "acceptedDate": "1985-12-30 19:00:00",
        "calendarYear": "1985",
        "period": "Q4",
        "revenue": 173300000,
        "costOfRevenue": 0,
        "grossProfit": 173300000,
        "grossProfitRatio": 1,
        "researchAndDevelopmentExpenses": 0,
        "generalAndAdministrativeExpenses": 0,
        "sellingAndMarketingExpenses": 0,
        "sellingGeneralAndAdministrativeExpenses": 0,
        "otherExpenses": 173300000,
        "operatingExpenses": 173300000,
        "costAndExpenses": 173300000,
        "interestIncome": 0,
        "interestExpense": 0,
        "depreciationAndAmortization": 0,
        "ebitda": 0,
        "ebitdaratio": 0,
        "operatingIncome": 0,
        "operatingIncomeRatio": 0,
        "totalOtherIncomeExpensesNet": 0,
        "incomeBeforeTax": 0,
        "incomeBeforeTaxRatio": 0,
        "incomeTaxExpense": 0,
        "netIncome": 9400000,
        "netIncomeRatio": 0.0542412002,
        "eps": 0.0112,
        "epsdiluted": 0.0112,
        "weightedAverageShsOut": 806859491,
        "weightedAverageShsOutDil": 840840841,
        "link": "",
        "finalLink": ""
    },
    {
        "date": "1985-09-30",
        "symbol": "PGR",
        "reportedCurrency": "USD",
        "cik": "0000080661",
        "fillingDate": "1985-09-30",
        "acceptedDate": "1985-09-29 20:00:00",
        "calendarYear": "1985",
        "period": "Q3",
        "revenue": 124600000,
        "costOfRevenue": 0,
        "grossProfit": 124600000,
        "grossProfitRatio": 1,
        "researchAndDevelopmentExpenses": 0,
        "generalAndAdministrativeExpenses": 0,
        "sellingAndMarketingExpenses": 0,
        "sellingGeneralAndAdministrativeExpenses": 0,
        "otherExpenses": 124600000,
        "operatingExpenses": 124600000,
        "costAndExpenses": 124600000,
        "interestIncome": 0,
        "interestExpense": 0,
        "depreciationAndAmortization": 0,
        "ebitda": 0,
        "ebitdaratio": 0,
        "operatingIncome": 0,
        "operatingIncomeRatio": 0,
        "totalOtherIncomeExpensesNet": 0,
        "incomeBeforeTax": 0,
        "incomeBeforeTaxRatio": 0,
        "incomeTaxExpense": 0,
        "netIncome": 4200000,
        "netIncomeRatio": 0.0337078652,
        "eps": 0.005,
        "epsdiluted": 0.005,
        "weightedAverageShsOut": 840840841,
        "weightedAverageShsOutDil": 840840841,
        "link": "",
        "finalLink": ""
    }
]