[
    {
        "date": "2025-06-30",
        "symbol": "PLL",
        "reportedCurrency": "USD",
        "cik": "0001728205",
        "fillingDate": "2025-08-07",
        "acceptedDate": "2025-08-07 16:16:25",
        "calendarYear": "2025",
        "period": "Q2",
        "revenue": 11857000,
        "costOfRevenue": 13489000,
        "grossProfit": -1632000,
        "grossProfitRatio": -0.1376402125,
        "researchAndDevelopmentExpenses": 0,
        "generalAndAdministrativeExpenses": 0,
        "sellingAndMarketingExpenses": 0,
        "sellingGeneralAndAdministrativeExpenses": 6425000,
        "otherExpenses": 1540000,
        "operatingExpenses": 7965000,
        "costAndExpenses": 21454000,
        "interestIncome": 537000,
        "interestExpense": 532000,
        "depreciationAndAmortization": 56000,
        "ebitda": -9150000,
        "ebitdaratio": -0.7716960445,
        "operatingIncome": -9597000,
        "operatingIncomeRatio": -0.8093952939,
        "totalOtherIncomeExpensesNet": -141000,
        "incomeBeforeTax": -9738000,
        "incomeBeforeTaxRatio": -0.8212870035,
        "incomeTaxExpense": 0,
        "netIncome": -9738000,
        "netIncomeRatio": -0.8212870035,
        "eps": -0.44,
        "epsdiluted": -0.44,
        "weightedAverageShsOut": 21945000,
        "weightedAverageShsOutDil": 21945000,
        "link": "https://www.sec.gov/Archives/edgar/data/1728205/000172820525000110/0001728205-25-000110-index.htm",
        "finalLink": "https://www.sec.gov/Archives/edgar/data/1728205/000172820525000110/pll-20250630.htm"
    },
    {
        "date": "2025-03-31",
        "symbol": "PLL",
        "reportedCurrency": "USD",
        "cik": "0001728205",
        "fillingDate": "2025-05-07",
        "acceptedDate": "2025-05-07 16:15:39",
        "calendarYear": "2025",
        "period": "Q1",
        "revenue": 19996000,
        "costOfRevenue": 19862000,
        "grossProfit": 134000,
        "grossProfitRatio": 0.0067013403,
        "researchAndDevelopmentExpenses": 0,
        "generalAndAdministrativeExpenses": 0,
        "sellingAndMarketingExpenses": 0,
        "sellingGeneralAndAdministrativeExpenses": 6771000,
        "otherExpenses": 5218000,
        "operatingExpenses": 11989000,
        "costAndExpenses": 31851000,
        "interestIncome": 699000,
        "interestExpense": 560000,
        "depreciationAndAmortization": 63000,
        "ebitda": -15008000,
        "ebitdaratio": -0.75055011,
        "operatingIncome": -11855000,
        "operatingIncomeRatio": -0.5928685737,
        "totalOtherIncomeExpensesNet": -3776000,
        "incomeBeforeTax": -15631000,
        "incomeBeforeTaxRatio": -0.7817063413,
        "incomeTaxExpense": 0,
        "netIncome": -15631000,
        "netIncomeRatio": -0.7817063413,
        "eps": -0.71,
        "epsdiluted": -0.71,
        "weightedAverageShsOut": 21939000,
        "weightedAverageShsOutDil": 21939000,
        "link": "https://www.sec.gov/Archives/edgar/data/1728205/000172820525000099/0001728205-25-000099-index.htm",
        "finalLink": "https://www.sec.gov/Archives/edgar/data/1728205/000172820525000099/pll-20250331.htm"
    },
    {
        "date": "2024-12-31",
        "symbol": "PLL",
        "reportedCurrency": "USD",
        "cik": "0001728205",
        "fillingDate": "2025-02-26",
        "acceptedDate": "2025-02-26 17:03:53",
        "calendarYear": "2024",
        "period": "Q4",
        "revenue": 45586000,
        "costOfRevenue": 38761000,
        "grossProfit": 6825000,
        "grossProfitRatio": 0.1497170184,
        "researchAndDevelopmentExpenses": 0,
        "generalAndAdministrativeExpenses": 1121000,
        "sellingAndMarketingExpenses": 4106000,
        "sellingGeneralAndAdministrativeExpenses": 12127000,
        "otherExpenses": 7150000,
        "operatingExpenses": 19277000,
        "costAndExpenses": 58038000,
        "interestIncome": 726000,
        "interestExpense": 537000,
        "depreciationAndAmortization": 63000,
        "ebitda": -10568000,
        "ebitdaratio": -0.2318255605,
        "operatingIncome": -12452000,
        "operatingIncomeRatio": -0.2731540385,
        "totalOtherIncomeExpensesNet": 1284000,
        "incomeBeforeTax": -11168000,
        "incomeBeforeTaxRatio": -0.2449874962,
        "incomeTaxExpense": -37000,
        "netIncome": -11131000,
        "netIncomeRatio": -0.2441758435,
        "eps": -0.55,
        "epsdiluted": -0.55,
        "weightedAverageShsOut": 20369000,
        "weightedAverageShsOutDil": 20369000,
        "link": "https://www.sec.gov/Archives/edgar/data/1728205/000172820525000047/0001728205-25-000047-index.htm",
        "finalLink": "https://www.sec.gov/Archives/edgar/data/1728205/000172820525000047/pll-20241231.htm"
    },
    {
        "date": "2024-09-30",
        "symbol": "PLL",
        "reportedCurrency": "USD",
        "cik": "0001728205",
        "fillingDate": "2024-11-12",
        "acceptedDate": "2024-11-12 16:24:19",
        "calendarYear": "2024",
        "period": "Q3",
        "revenue": 27663000,
        "costOfRevenue": 25010000,
        "grossProfit": 2653000,
        "grossProfitRatio": 0.0959042765,
        "researchAndDevelopmentExpenses": 0,
        "generalAndAdministrativeExpenses": 2229000,
        "sellingAndMarketingExpenses": 7272000,
        "sellingGeneralAndAdministrativeExpenses": 9466000,
        "otherExpenses": 8112000,
        "operatingExpenses": 17578000,
        "costAndExpenses": 42588000,
        "interestIncome": 806000,
        "interestExpense": 169000,
        "depreciationAndAmortization": 65000,
        "ebitda": -16453000,
        "ebitdaratio": -0.5947655713,
        "operatingIncome": -14925000,
        "operatingIncomeRatio": -0.5395293352,
        "totalOtherIncomeExpensesNet": -1762000,
        "incomeBeforeTax": -16687000,
        "incomeBeforeTaxRatio": -0.6032245237,
        "incomeTaxExpense": 0,
        "netIncome": -16687000,
        "netIncomeRatio": -0.6032245237,
        "eps": -0.86,
        "epsdiluted": -0.86,
        "weightedAverageShsOut": 19401000,
        "weightedAverageShsOutDil": 19401000,
        "link": "https://www.sec.gov/Archives/edgar/data/1728205/000172820524000096/0001728205-24-000096-index.htm",
        "finalLink": "https://www.sec.gov/Archives/edgar/data/1728205/000172820524000096/pll-20240930.htm"
    },
    {
        "date": "2024-06-30",
        "symbol": "PLL",
        "reportedCurrency": "USD",
        "cik": "0001728205",
        "fillingDate": "2024-08-09",
        "acceptedDate": "2024-08-09 16:38:49",
        "calendarYear": "2024",
        "period": "Q2",
        "revenue": 13227000,
        "costOfRevenue": 12601000,
        "grossProfit": 626000,
        "grossProfitRatio": 0.0473274363,
        "researchAndDevelopmentExpenses": 0,
        "generalAndAdministrativeExpenses": 0,
        "sellingAndMarketingExpenses": 0,
        "sellingGeneralAndAdministrativeExpenses": 9016000,
        "otherExpenses": 5233000,
        "operatingExpenses": 14249000,
        "costAndExpenses": 26850000,
        "interestIncome": 653000,
        "interestExpense": 76000,
        "depreciationAndAmortization": 75000,
        "ebitda": -13183000,
        "ebitdaratio": -0.9966734709,
        "operatingIncome": -13623000,
        "operatingIncomeRatio": -1.0299387616,
        "totalOtherIncomeExpensesNet": 289000,
        "incomeBeforeTax": -13334000,
        "incomeBeforeTaxRatio": -1.0080895139,
        "incomeTaxExpense": -2000,
        "netIncome": -13332000,
        "netIncomeRatio": -1.007938308,
        "eps": -0.69,
        "epsdiluted": -0.69,
        "weightedAverageShsOut": 19370000,
        "weightedAverageShsOutDil": 19370000,
        "link": "https://www.sec.gov/Archives/edgar/data/1728205/000172820524000078/0001728205-24-000078-index.htm",
        "finalLink": "https://www.sec.gov/Archives/edgar/data/1728205/000172820524000078/pll-20240630.htm"
    },
    {
        "date": "2024-03-31",
        "symbol": "PLL",
        "reportedCurrency": "USD",
        "cik": "0001728205",
        "fillingDate": "2024-05-09",
        "acceptedDate": "2024-05-09 16:46:56",
        "calendarYear": "2024",
        "period": "Q1",
        "revenue": 13401000,
        "costOfRevenue": 12710000,
        "grossProfit": 691000,
        "grossProfitRatio": 0.0515633162,
        "researchAndDevelopmentExpenses": 0,
        "generalAndAdministrativeExpenses": 0,
        "sellingAndMarketingExpenses": 0,
        "sellingGeneralAndAdministrativeExpenses": 8094000,
        "otherExpenses": 7273000,
        "operatingExpenses": 15367000,
        "costAndExpenses": 28077000,
        "interestIncome": 827000,
        "interestExpense": 222000,
        "depreciationAndAmortization": 81000,
        "ebitda": -26401000,
        "ebitdaratio": -1.9700768599,
        "operatingIncome": -14676000,
        "operatingIncomeRatio": -1.0951421536,
        "totalOtherIncomeExpensesNet": -12028000,
        "incomeBeforeTax": -26704000,
        "incomeBeforeTaxRatio": -1.9926871129,
        "incomeTaxExpense": -3093000,
        "netIncome": -23611000,
        "netIncomeRatio": -1.7618834415,
        "eps": -1.22,
        "epsdiluted": -1.22,
        "weightedAverageShsOut": 19326000,
        "weightedAverageShsOutDil": 19326000,
        "link": "https://www.sec.gov/Archives/edgar/data/1728205/000172820524000062/0001728205-24-000062-index.htm",
        "finalLink": "https://www.sec.gov/Archives/edgar/data/1728205/000172820524000062/pll-20240331.htm"
    },
    {
        "date": "2023-12-31",
        "symbol": "PLL",
        "reportedCurrency": "USD",
        "cik": "0001728205",
        "fillingDate": "2023-12-31",
        "acceptedDate": "2023-12-31 00:00:00",
        "calendarYear": "2023",
        "period": "Q4",
        "revenue": -7310000,
        "costOfRevenue": 10775000,
        "grossProfit": -18085000,
        "grossProfitRatio": 2.4740082079,
        "researchAndDevelopmentExpenses": 0,
        "generalAndAdministrativeExpenses": 2112000,
        "sellingAndMarketingExpenses": 8375000,
        "sellingGeneralAndAdministrativeExpenses": 11526000,
        "otherExpenses": -1498000,
        "operatingExpenses": 10028000,
        "costAndExpenses": 20803000,
        "interestIncome": 900000,
        "interestExpense": 5000,
        "depreciationAndAmortization": 98000,
        "ebitda": -25351000,
        "ebitdaratio": 3.4679890561,
        "operatingIncome": -28113000,
        "operatingIncomeRatio": 3.8458276334,
        "totalOtherIncomeExpensesNet": 2659000,
        "incomeBeforeTax": -25454000,
        "incomeBeforeTaxRatio": 3.4820793434,
        "incomeTaxExpense": -64000,
        "netIncome": -25390000,
        "netIncomeRatio": 3.4733242134,
        "eps": -1.32,
        "epsdiluted": -1.32,
        "weightedAverageShsOut": 19209000,
        "weightedAverageShsOutDil": 19209000,
        "link": null,
        "finalLink": null
    },
    {
        "date": "2023-09-30",
        "symbol": "PLL",
        "reportedCurrency": "USD",
        "cik": "0001728205",
        "fillingDate": "2023-11-09",
        "acceptedDate": "2023-11-09 14:07:16",
        "calendarYear": "2023",
        "period": "Q3",
        "revenue": 47127000,
        "costOfRevenue": 23363000,
        "grossProfit": 23764000,
        "grossProfitRatio": 0.5042544613,
        "researchAndDevelopmentExpenses": 0,
        "generalAndAdministrativeExpenses": 11185000,
        "sellingAndMarketingExpenses": 0,
        "sellingGeneralAndAdministrativeExpenses": 11185000,
        "otherExpenses": 471000,
        "operatingExpenses": 11656000,
        "costAndExpenses": 35019000,
        "interestIncome": 1031000,
        "interestExpense": 8000,
        "depreciationAndAmortization": 68202,
        "ebitda": 25017202,
        "ebitdaratio": 0.5308464787,
        "operatingIncome": 15960000,
        "operatingIncomeRatio": 0.3386593672,
        "totalOtherIncomeExpensesNet": 11788000,
        "incomeBeforeTax": 24919000,
        "incomeBeforeTaxRatio": 0.528762705,
        "incomeTaxExpense": 2028000,
        "netIncome": 22891000,
        "netIncomeRatio": 0.4857300486,
        "eps": 1.19,
        "epsdiluted": 1.19,
        "weightedAverageShsOut": 19203000,
        "weightedAverageShsOutDil": 19239000,
        "link": "https://www.sec.gov/Archives/edgar/data/1728205/000172820523000072/0001728205-23-000072-index.htm",
        "finalLink": "https://www.sec.gov/Archives/edgar/data/1728205/000172820523000072/pll-20230930.htm"
    },
    {
        "date": "2023-06-30",
        "symbol": "PLL",
        "reportedCurrency": "USD",
        "cik": "0001728205",
        "fillingDate": "2023-08-08",
        "acceptedDate": "2023-08-07 19:53:31",
        "calendarYear": "2023",
        "period": "Q2",
        "revenue": 0,
        "costOfRevenue": 0,
        "grossProfit": 0,
        "grossProfitRatio": 0,
        "researchAndDevelopmentExpenses": 0,
        "generalAndAdministrativeExpenses": 11986634,
        "sellingAndMarketingExpenses": 0,
        "sellingGeneralAndAdministrativeExpenses": 11986634,
        "otherExpenses": 440190000000,
        "operatingExpenses": 12426824,
        "costAndExpenses": 12426824,
        "interestIncome": 1165000,
        "interestExpense": 11000,
        "depreciationAndAmortization": 60780,
        "ebitda": -9900511,
        "ebitdaratio": 0,
        "operatingIncome": -15101969,
        "operatingIncomeRatio": 0,
        "totalOtherIncomeExpensesNet": 1282314,
        "incomeBeforeTax": -9990329,
        "incomeBeforeTaxRatio": 0,
        "incomeTaxExpense": 648811,
        "netIncome": -10639140,
        "netIncomeRatio": 0,
        "eps": -0.55,
        "epsdiluted": -0.55,
        "weightedAverageShsOut": 19186640,
        "weightedAverageShsOutDil": 19186640,
        "link": "https://www.sec.gov/Archives/edgar/data/1728205/000172820523000052/0001728205-23-000052-index.htm",
        "finalLink": "https://www.sec.gov/Archives/edgar/data/1728205/000172820523000052/pll-20230630.htm"
    },
    {
        "date": "2023-03-31",
        "symbol": "PLL",
        "reportedCurrency": "USD",
        "cik": "0001728205",
        "fillingDate": "2023-05-05",
        "acceptedDate": "2023-05-05 16:06:02",
        "calendarYear": "2023",
        "period": "Q1",
        "revenue": 0,
        "costOfRevenue": 0,
        "grossProfit": 0,
        "grossProfitRatio": 0,
        "researchAndDevelopmentExpenses": 0,
        "generalAndAdministrativeExpenses": 8621450,
        "sellingAndMarketingExpenses": 0,
        "sellingGeneralAndAdministrativeExpenses": 8621450,
        "otherExpenses": 756774,
        "operatingExpenses": 9378224,
        "costAndExpenses": 9378224,
        "interestIncome": 763000,
        "interestExpense": 15000,
        "depreciationAndAmortization": 808468,
        "ebitda": -11312120,
        "ebitdaratio": 0,
        "operatingIncome": -12120588,
        "operatingIncomeRatio": 0,
        "totalOtherIncomeExpensesNet": 3974199,
        "incomeBeforeTax": -8146389,
        "incomeBeforeTaxRatio": 0,
        "incomeTaxExpense": 493343,
        "netIncome": -8639732,
        "netIncomeRatio": 0,
        "eps": -0.47,
        "epsdiluted": -0.47,
        "weightedAverageShsOut": 18523689,
        "weightedAverageShsOutDil": 18523689,
        "link": "https://www.sec.gov/Archives/edgar/data/1728205/000172820523000047/0001728205-23-000047-index.htm",
        "finalLink": "https://www.sec.gov/Archives/edgar/data/1728205/000172820523000047/pll-20230331.htm"
    },
    {
        "date": "2022-12-31",
        "symbol": "PLL",
        "reportedCurrency": "USD",
        "cik": "0001728205",
        "fillingDate": "2023-03-01",
        "acceptedDate": "2023-03-01 08:56:56",
        "calendarYear": "2022",
        "period": "Q4",
        "revenue": 0,
        "costOfRevenue": 0,
        "grossProfit": 0,
        "grossProfitRatio": 0,
        "researchAndDevelopmentExpenses": 0,
        "generalAndAdministrativeExpenses": 9248715,
        "sellingAndMarketingExpenses": 0,
        "sellingGeneralAndAdministrativeExpenses": 9248715,
        "otherExpenses": 454609,
        "operatingExpenses": 9703324,
        "costAndExpenses": 9703324,
        "interestIncome": 779520,
        "interestExpense": 17779,
        "depreciationAndAmortization": 408354,
        "ebitda": -11099761,
        "ebitdaratio": 0,
        "operatingIncome": -11508115,
        "operatingIncomeRatio": 0,
        "totalOtherIncomeExpensesNet": 321540,
        "incomeBeforeTax": -11186575,
        "incomeBeforeTaxRatio": 0,
        "incomeTaxExpense": -282955,
        "netIncome": -10903620,
        "netIncomeRatio": 0,
        "eps": -0.62,
        "epsdiluted": -0.62,
        "weightedAverageShsOut": 17517678,
        "weightedAverageShsOutDil": 17517678,
        "link": "https://www.sec.gov/Archives/edgar/data/1728205/000172820523000030/0001728205-23-000030-index.htm",
        "finalLink": "https://www.sec.gov/Archives/edgar/data/1728205/000172820523000030/pll-20221231.htm"
    },
    {
        "date": "2022-09-30",
        "symbol": "PLL",
        "reportedCurrency": "USD",
        "cik": "0001728205",
        "fillingDate": "2022-11-04",
        "acceptedDate": "2022-11-04 17:13:35",
        "calendarYear": "2022",
        "period": "Q3",
        "revenue": 0,
        "costOfRevenue": 0,
        "grossProfit": 0,
        "grossProfitRatio": 0,
        "researchAndDevelopmentExpenses": 0,
        "generalAndAdministrativeExpenses": 7160482,
        "sellingAndMarketingExpenses": 0,
        "sellingGeneralAndAdministrativeExpenses": 7160482,
        "otherExpenses": 434177,
        "operatingExpenses": 7594659,
        "costAndExpenses": 7594659,
        "interestIncome": 373000,
        "interestExpense": 21000,
        "depreciationAndAmortization": 21267,
        "ebitda": 20164476,
        "ebitdaratio": 0,
        "operatingIncome": 20143209,
        "operatingIncomeRatio": 0,
        "totalOtherIncomeExpensesNet": -56109,
        "incomeBeforeTax": 20087100,
        "incomeBeforeTaxRatio": 0,
        "incomeTaxExpense": 3422219,
        "netIncome": 16664881,
        "netIncomeRatio": 0,
        "eps": 0.93,
        "epsdiluted": 0.92,
        "weightedAverageShsOut": 17965858,
        "weightedAverageShsOutDil": 18081486,
        "link": "https://www.sec.gov/Archives/edgar/data/1728205/000172820522000040/0001728205-22-000040-index.htm",
        "finalLink": "https://www.sec.gov/Archives/edgar/data/1728205/000172820522000040/pll-20220930.htm"
    },
    {
        "date": "2022-06-30",
        "symbol": "PLL",
        "reportedCurrency": "USD",
        "cik": "0001728205",
        "fillingDate": "2022-08-04",
        "acceptedDate": "2022-08-03 21:14:31",
        "calendarYear": "2022",
        "period": "Q2",
        "revenue": 0,
        "costOfRevenue": 0,
        "grossProfit": 0,
        "grossProfitRatio": 0,
        "researchAndDevelopmentExpenses": 0,
        "generalAndAdministrativeExpenses": 7461365,
        "sellingAndMarketingExpenses": 0,
        "sellingGeneralAndAdministrativeExpenses": 7461365,
        "otherExpenses": 882874,
        "operatingExpenses": 8344239,
        "costAndExpenses": 8344239,
        "interestIncome": 0,
        "interestExpense": 33926000,
        "depreciationAndAmortization": 53905,
        "ebitda": -8290334,
        "ebitdaratio": 0,
        "operatingIncome": -8344239,
        "operatingIncomeRatio": 0,
        "totalOtherIncomeExpensesNet": -81685,
        "incomeBeforeTax": -8425924,
        "incomeBeforeTaxRatio": 0,
        "incomeTaxExpense": 1155379,
        "netIncome": -9581303,
        "netIncomeRatio": 0,
        "eps": -0.53,
        "epsdiluted": -0.53,
        "weightedAverageShsOut": 17930926,
        "weightedAverageShsOutDil": 17930926,
        "link": "https://www.sec.gov/Archives/edgar/data/1728205/000172820522000034/0001728205-22-000034-index.htm",
        "finalLink": "https://www.sec.gov/Archives/edgar/data/1728205/000172820522000034/pll-20220630.htm"
    },
    {
        "date": "2022-03-31",
        "symbol": "PLL",
        "reportedCurrency": "USD",
        "cik": "0001728205",
        "fillingDate": "2022-05-06",
        "acceptedDate": "2022-05-06 17:22:15",
        "calendarYear": "2022",
        "period": "Q1",
        "revenue": 0,
        "costOfRevenue": 0,
        "grossProfit": 0,
        "grossProfitRatio": 0,
        "researchAndDevelopmentExpenses": 0,
        "generalAndAdministrativeExpenses": 5578005,
        "sellingAndMarketingExpenses": 0,
        "sellingGeneralAndAdministrativeExpenses": 5578005,
        "otherExpenses": 167838,
        "operatingExpenses": 5745843,
        "costAndExpenses": 5745843,
        "interestIncome": 0,
        "interestExpense": 42396000000,
        "depreciationAndAmortization": 5062,
        "ebitda": -5763891,
        "ebitdaratio": 0,
        "operatingIncome": -5768953,
        "operatingIncomeRatio": 0,
        "totalOtherIncomeExpensesNet": 3824,
        "incomeBeforeTax": -5765129,
        "incomeBeforeTaxRatio": 0,
        "incomeTaxExpense": 3389503,
        "netIncome": -9154632,
        "netIncomeRatio": 0,
        "eps": -0.57,
        "epsdiluted": -0.57,
        "weightedAverageShsOut": 16088013,
        "weightedAverageShsOutDil": 16088013,
        "link": "https://www.sec.gov/Archives/edgar/data/1728205/000172820522000023/0001728205-22-000023-index.htm",
        "finalLink": "https://www.sec.gov/Archives/edgar/data/1728205/000172820522000023/pll-20220331.htm"
    },
    {
        "date": "2021-12-31",
        "symbol": "PLL",
        "reportedCurrency": "USD",
        "cik": "0001728205",
        "fillingDate": "2021-12-31",
        "acceptedDate": "2021-12-31 00:00:00",
        "calendarYear": "2021",
        "period": "Q4",
        "revenue": 0,
        "costOfRevenue": 0,
        "grossProfit": 0,
        "grossProfitRatio": 0,
        "researchAndDevelopmentExpenses": 0,
        "generalAndAdministrativeExpenses": 6137358,
        "sellingAndMarketingExpenses": 153360,
        "sellingGeneralAndAdministrativeExpenses": 10203133,
        "otherExpenses": 166971,
        "operatingExpenses": 10370104,
        "costAndExpenses": 10370104,
        "interestIncome": 0,
        "interestExpense": 0,
        "depreciationAndAmortization": 4964,
        "ebitda": -10198169,
        "ebitdaratio": 0,
        "operatingIncome": -10370104,
        "operatingIncomeRatio": 0,
        "totalOtherIncomeExpensesNet": -116892,
        "incomeBeforeTax": -10486996,
        "incomeBeforeTaxRatio": 0,
        "incomeTaxExpense": 0,
        "netIncome": -10486996,
        "netIncomeRatio": 0,
        "eps": -0.0066,
        "epsdiluted": -0.0067,
        "weightedAverageShsOut": 1574624024,
        "weightedAverageShsOutDil": 1585454200,
        "link": null,
        "finalLink": null
    },
    {
        "date": "2021-09-30",
        "symbol": "PLL",
        "reportedCurrency": "USD",
        "cik": "0001728205",
        "fillingDate": "2021-11-12",
        "acceptedDate": "2021-11-12 16:07:06",
        "calendarYear": "2021",
        "period": "Q3",
        "revenue": 0,
        "costOfRevenue": 0,
        "grossProfit": 0,
        "grossProfitRatio": 0,
        "researchAndDevelopmentExpenses": 0,
        "generalAndAdministrativeExpenses": 4818647,
        "sellingAndMarketingExpenses": 0,
        "sellingGeneralAndAdministrativeExpenses": 4818647,
        "otherExpenses": 5563028,
        "operatingExpenses": 10381675,
        "costAndExpenses": 10381675,
        "interestIncome": 59051,
        "interestExpense": 0,
        "depreciationAndAmortization": 3733,
        "ebitda": -10367847,
        "ebitdaratio": 0,
        "operatingIncome": -10381675,
        "operatingIncomeRatio": 0,
        "totalOtherIncomeExpensesNet": -10095,
        "incomeBeforeTax": -10450821,
        "incomeBeforeTaxRatio": 0,
        "incomeTaxExpense": 410538,
        "netIncome": -10861359,
        "netIncomeRatio": 0,
        "eps": -0.68,
        "epsdiluted": -0.68,
        "weightedAverageShsOut": 15863027,
        "weightedAverageShsOutDil": 15863027,
        "link": "https://www.sec.gov/Archives/edgar/data/1728205/000172820521000035/0001728205-21-000035-index.htm",
        "finalLink": "https://www.sec.gov/Archives/edgar/data/1728205/000172820521000035/pll-20210930.htm"
    },
    {
        "date": "2021-06-30",
        "symbol": "PLL",
        "reportedCurrency": "USD",
        "cik": "0001728205",
        "fillingDate": "2021-09-24",
        "acceptedDate": "2021-09-24 17:01:42",
        "calendarYear": "2021",
        "period": "Q2",
        "revenue": 0,
        "costOfRevenue": 0,
        "grossProfit": 0,
        "grossProfitRatio": 0,
        "researchAndDevelopmentExpenses": 0,
        "generalAndAdministrativeExpenses": 8861454,
        "sellingAndMarketingExpenses": 0,
        "sellingGeneralAndAdministrativeExpenses": 8861454,
        "otherExpenses": 0,
        "operatingExpenses": 8861454,
        "costAndExpenses": 8861454,
        "interestIncome": 63215,
        "interestExpense": 0,
        "depreciationAndAmortization": -525778,
        "ebitda": -20261734,
        "ebitdaratio": 0,
        "operatingIncome": -19735956,
        "operatingIncomeRatio": 0,
        "totalOtherIncomeExpensesNet": -193266,
        "incomeBeforeTax": -19929222,
        "incomeBeforeTaxRatio": 0,
        "incomeTaxExpense": 525778,
        "netIncome": -20455000,
        "netIncomeRatio": 0,
        "eps": -0.27,
        "epsdiluted": -0.27,
        "weightedAverageShsOut": 13760000,
        "weightedAverageShsOutDil": 13760000,
        "link": "https://www.sec.gov/Archives/edgar/data/1728205/000114036121032488/0001140361-21-032488-index.htm",
        "finalLink": "https://www.sec.gov/Archives/edgar/data/1728205/000114036121032488/brhc10028369_10k.htm"
    },
    {
        "date": "2020-12-31",
        "symbol": "PLL",
        "reportedCurrency": "USD",
        "cik": "0001728205",
        "fillingDate": "2020-12-31",
        "acceptedDate": "2020-12-31 00:00:00",
        "calendarYear": "2020",
        "period": "Q4",
        "revenue": 0,
        "costOfRevenue": 0,
        "grossProfit": 0,
        "grossProfitRatio": 0,
        "researchAndDevelopmentExpenses": 0,
        "generalAndAdministrativeExpenses": 1022095,
        "sellingAndMarketingExpenses": 0,
        "sellingGeneralAndAdministrativeExpenses": 1022095,
        "otherExpenses": 2558935,
        "operatingExpenses": 3581030,
        "costAndExpenses": 3581030,
        "interestIncome": 0,
        "interestExpense": 1037,
        "depreciationAndAmortization": -1037,
        "ebitda": -3544646,
        "ebitdaratio": 0,
        "operatingIncome": -3581030,
        "operatingIncomeRatio": 0,
        "totalOtherIncomeExpensesNet": 81175,
        "incomeBeforeTax": -3582067,
        "incomeBeforeTaxRatio": 0,
        "incomeTaxExpense": 1037,
        "netIncome": -3582067,
        "netIncomeRatio": 0,
        "eps": -0.0026,
        "epsdiluted": -0.0026,
        "weightedAverageShsOut": 13907049,
        "weightedAverageShsOutDil": 13907049,
        "link": null,
        "finalLink": null
    },
    {
        "date": "2020-09-30",
        "symbol": "PLL",
        "reportedCurrency": "USD",
        "cik": "0001728205",
        "fillingDate": "2020-09-30",
        "acceptedDate": "2020-09-30 00:00:00",
        "calendarYear": "2020",
        "period": "Q3",
        "revenue": 0,
        "costOfRevenue": 0,
        "grossProfit": 0,
        "grossProfitRatio": 0,
        "researchAndDevelopmentExpenses": 0,
        "generalAndAdministrativeExpenses": 731973,
        "sellingAndMarketingExpenses": 0,
        "sellingGeneralAndAdministrativeExpenses": 731973,
        "otherExpenses": 1113675,
        "operatingExpenses": 1845648,
        "costAndExpenses": 1845648,
        "interestIncome": 56589,
        "interestExpense": 0,
        "depreciationAndAmortization": -37612,
        "ebitda": -1864625,
        "ebitdaratio": 0,
        "operatingIncome": -1845648,
        "operatingIncomeRatio": 0,
        "totalOtherIncomeExpensesNet": 18977,
        "incomeBeforeTax": -1883260,
        "incomeBeforeTaxRatio": 0,
        "incomeTaxExpense": 94201,
        "netIncome": -1883260,
        "netIncomeRatio": 0,
        "eps": -0.17,
        "epsdiluted": -0.17,
        "weightedAverageShsOut": 11086970,
        "weightedAverageShsOutDil": 11086970,
        "link": null,
        "finalLink": null
    },
    {
        "date": "2020-06-30",
        "symbol": "PLL",
        "reportedCurrency": "USD",
        "cik": "0001728205",
        "fillingDate": "2020-06-30",
        "acceptedDate": "2020-06-30 00:00:00",
        "calendarYear": "2020",
        "period": "Q2",
        "revenue": 0,
        "costOfRevenue": 0,
        "grossProfit": 0,
        "grossProfitRatio": 0,
        "researchAndDevelopmentExpenses": 0,
        "generalAndAdministrativeExpenses": 617151,
        "sellingAndMarketingExpenses": 0,
        "sellingGeneralAndAdministrativeExpenses": 617151,
        "otherExpenses": -41191,
        "operatingExpenses": 1091014,
        "costAndExpenses": 1091014,
        "interestIncome": 20711,
        "interestExpense": 71388,
        "depreciationAndAmortization": -431333,
        "ebitda": -1111494,
        "ebitdaratio": 0,
        "operatingIncome": -1091014,
        "operatingIncomeRatio": 0,
        "totalOtherIncomeExpensesNet": -452044,
        "incomeBeforeTax": -1593735,
        "incomeBeforeTaxRatio": 0,
        "incomeTaxExpense": 431333,
        "netIncome": -1593735,
        "netIncomeRatio": 0,
        "eps": -0.0018,
        "epsdiluted": -0.0018,
        "weightedAverageShsOut": 8621146,
        "weightedAverageShsOutDil": 8621146,
        "link": null,
        "finalLink": null
    },
    {
        "date": "2020-03-31",
        "symbol": "PLL",
        "reportedCurrency": "USD",
        "cik": "0001728205",
        "fillingDate": "2020-03-31",
        "acceptedDate": "2020-03-31 00:00:00",
        "calendarYear": "2020",
        "period": "Q1",
        "revenue": 0,
        "costOfRevenue": 0,
        "grossProfit": 0,
        "grossProfitRatio": 0,
        "researchAndDevelopmentExpenses": 0,
        "generalAndAdministrativeExpenses": 924485,
        "sellingAndMarketingExpenses": 0,
        "sellingGeneralAndAdministrativeExpenses": 924485,
        "otherExpenses": 706873,
        "operatingExpenses": 1631358,
        "costAndExpenses": 1631358,
        "interestIncome": 48013,
        "interestExpense": 46730,
        "depreciationAndAmortization": 1076703,
        "ebitda": -1567757,
        "ebitdaratio": 0,
        "operatingIncome": -1631358,
        "operatingIncomeRatio": 0,
        "totalOtherIncomeExpensesNet": 1028690,
        "incomeBeforeTax": -601385,
        "incomeBeforeTaxRatio": 0,
        "incomeTaxExpense": -1076703,
        "netIncome": -601385,
        "netIncomeRatio": 0,
        "eps": -0.0007,
        "epsdiluted": -0.0007,
        "weightedAverageShsOut": 8621146,
        "weightedAverageShsOutDil": 8621146,
        "link": null,
        "finalLink": null
    },
    {
        "date": "2019-12-31",
        "symbol": "PLL",
        "reportedCurrency": "USD",
        "cik": "0001728205",
        "fillingDate": "2020-03-25",
        "acceptedDate": "2020-03-25 10:08:09",
        "calendarYear": "2019",
        "period": "Q4",
        "revenue": 0,
        "costOfRevenue": 0,
        "grossProfit": 0,
        "grossProfitRatio": 0,
        "researchAndDevelopmentExpenses": 0,
        "generalAndAdministrativeExpenses": 360691,
        "sellingAndMarketingExpenses": 282351,
        "sellingGeneralAndAdministrativeExpenses": 1814911,
        "otherExpenses": 0,
        "operatingExpenses": 1814911,
        "costAndExpenses": 1814911,
        "interestIncome": 0,
        "interestExpense": 0,
        "depreciationAndAmortization": 22157,
        "ebitda": -1792754,
        "ebitdaratio": 0,
        "operatingIncome": -1814911,
        "operatingIncomeRatio": 0,
        "totalOtherIncomeExpensesNet": 76922,
        "incomeBeforeTax": -1737989,
        "incomeBeforeTaxRatio": 0,
        "incomeTaxExpense": 0,
        "netIncome": -1737989,
        "netIncomeRatio": 0,
        "eps": -0.0021,
        "epsdiluted": -0.0021,
        "weightedAverageShsOut": 808743136,
        "weightedAverageShsOutDil": 808367209,
        "link": "https://www.sec.gov/Archives/edgar/data/1728205/000114036120006783/0001140361-20-006783-index.htm",
        "finalLink": "https://www.sec.gov/Archives/edgar/data/1728205/000114036120006783/ex99_1.htm"
    },
    {
        "date": "2019-09-30",
        "symbol": "PLL",
        "reportedCurrency": "USD",
        "cik": "0001728205",
        "fillingDate": "2019-10-03",
        "acceptedDate": "2019-10-03 09:05:32",
        "calendarYear": "2019",
        "period": "Q3",
        "revenue": 0,
        "costOfRevenue": 0,
        "grossProfit": 0,
        "grossProfitRatio": 0,
        "researchAndDevelopmentExpenses": 0,
        "generalAndAdministrativeExpenses": 360691,
        "sellingAndMarketingExpenses": 282351,
        "sellingGeneralAndAdministrativeExpenses": 1814911,
        "otherExpenses": 0,
        "operatingExpenses": 1814911,
        "costAndExpenses": 1814911,
        "interestIncome": 0,
        "interestExpense": 0,
        "depreciationAndAmortization": 22157,
        "ebitda": -1792754,
        "ebitdaratio": 0,
        "operatingIncome": -1814911,
        "operatingIncomeRatio": 0,
        "totalOtherIncomeExpensesNet": 76921,
        "incomeBeforeTax": -1737990,
        "incomeBeforeTaxRatio": 0,
        "incomeTaxExpense": 0,
        "netIncome": -1737990,
        "netIncomeRatio": 0,
        "eps": -0.0021,
        "epsdiluted": -0.0021,
        "weightedAverageShsOut": 808367441,
        "weightedAverageShsOutDil": 808367209,
        "link": "https://www.sec.gov/Archives/edgar/data/1728205/000114036119017882/0001140361-19-017882-index.htm",
        "finalLink": "https://www.sec.gov/Archives/edgar/data/1728205/000114036119017882/ex99_1.htm"
    },
    {
        "date": "2019-06-30",
        "symbol": "PLL",
        "reportedCurrency": "USD",
        "cik": "0001728205",
        "fillingDate": "2019-06-30",
        "acceptedDate": "2019-06-30 00:00:00",
        "calendarYear": "2019",
        "period": "Q2",
        "revenue": 0,
        "costOfRevenue": 0,
        "grossProfit": 0,
        "grossProfitRatio": 0,
        "researchAndDevelopmentExpenses": 0,
        "generalAndAdministrativeExpenses": 676375,
        "sellingAndMarketingExpenses": 0,
        "sellingGeneralAndAdministrativeExpenses": 676375,
        "otherExpenses": 2101524,
        "operatingExpenses": 2777899,
        "costAndExpenses": 2777899,
        "interestIncome": 30230,
        "interestExpense": 0,
        "depreciationAndAmortization": 82770,
        "ebitda": -3110136,
        "ebitdaratio": 0,
        "operatingIncome": -2777899,
        "operatingIncomeRatio": 0,
        "totalOtherIncomeExpensesNet": 52540,
        "incomeBeforeTax": -2695129,
        "incomeBeforeTaxRatio": 0,
        "incomeTaxExpense": -82770,
        "netIncome": -2695129,
        "netIncomeRatio": 0,
        "eps": -0.004,
        "epsdiluted": -0.004,
        "weightedAverageShsOut": 6700120,
        "weightedAverageShsOutDil": 6700120,
        "link": null,
        "finalLink": null
    },
    {
        "date": "2019-03-31",
        "symbol": "PLL",
        "reportedCurrency": "USD",
        "cik": "0001728205",
        "fillingDate": "2019-03-31",
        "acceptedDate": "2019-03-31 00:00:00",
        "calendarYear": "2019",
        "period": "Q1",
        "revenue": 0,
        "costOfRevenue": 0,
        "grossProfit": 0,
        "grossProfitRatio": 0,
        "researchAndDevelopmentExpenses": 0,
        "generalAndAdministrativeExpenses": 907941,
        "sellingAndMarketingExpenses": 0,
        "sellingGeneralAndAdministrativeExpenses": 907941,
        "otherExpenses": 2314421,
        "operatingExpenses": 3222362,
        "costAndExpenses": 3222362,
        "interestIncome": 0,
        "interestExpense": 50354,
        "depreciationAndAmortization": 16386,
        "ebitda": -2942665,
        "ebitdaratio": 0,
        "operatingIncome": -3222362,
        "operatingIncomeRatio": 0,
        "totalOtherIncomeExpensesNet": -33968,
        "incomeBeforeTax": -3205976,
        "incomeBeforeTaxRatio": 0,
        "incomeTaxExpense": -66740,
        "netIncome": -3205976,
        "netIncomeRatio": 0,
        "eps": -0.0048,
        "epsdiluted": -0.0048,
        "weightedAverageShsOut": 6700120,
        "weightedAverageShsOutDil": 6700120,
        "link": null,
        "finalLink": null
    },
    {
        "date": "2018-09-30",
        "symbol": "PLL",
        "reportedCurrency": "USD",
        "cik": "0001728205",
        "fillingDate": "2018-09-30",
        "acceptedDate": "2018-09-30 00:00:00",
        "calendarYear": "2018",
        "period": "Q3",
        "revenue": 0,
        "costOfRevenue": 0,
        "grossProfit": 0,
        "grossProfitRatio": 0,
        "researchAndDevelopmentExpenses": 0,
        "generalAndAdministrativeExpenses": 243355,
        "sellingAndMarketingExpenses": 330496,
        "sellingGeneralAndAdministrativeExpenses": 2092416,
        "otherExpenses": 0,
        "operatingExpenses": 2092416,
        "costAndExpenses": 2092416,
        "interestIncome": 0,
        "interestExpense": 0,
        "depreciationAndAmortization": 315,
        "ebitda": -2092101,
        "ebitdaratio": 0,
        "operatingIncome": -2092416,
        "operatingIncomeRatio": 0,
        "totalOtherIncomeExpensesNet": 131655,
        "incomeBeforeTax": -1960761,
        "incomeBeforeTaxRatio": 0,
        "incomeTaxExpense": 0,
        "netIncome": -1960761,
        "netIncomeRatio": 0,
        "eps": -0.0034,
        "epsdiluted": -0.0034,
        "weightedAverageShsOut": 576694411,
        "weightedAverageShsOutDil": 576694264,
        "link": null,
        "finalLink": null
    },
    {
        "date": "2018-06-30",
        "symbol": "PLL",
        "reportedCurrency": "USD",
        "cik": "0001728205",
        "fillingDate": "2018-10-31",
        "acceptedDate": "2018-10-31 12:30:01",
        "calendarYear": "2018",
        "period": "Q2",
        "revenue": 0,
        "costOfRevenue": 0,
        "grossProfit": 0,
        "grossProfitRatio": 0,
        "researchAndDevelopmentExpenses": 0,
        "generalAndAdministrativeExpenses": 426098,
        "sellingAndMarketingExpenses": 377322,
        "sellingGeneralAndAdministrativeExpenses": 2831612,
        "otherExpenses": 0,
        "operatingExpenses": 2831612,
        "costAndExpenses": 2831612,
        "interestIncome": 0,
        "interestExpense": 0,
        "depreciationAndAmortization": 315,
        "ebitda": -2831297,
        "ebitdaratio": 0,
        "operatingIncome": -2831612,
        "operatingIncomeRatio": 0,
        "totalOtherIncomeExpensesNet": -76690,
        "incomeBeforeTax": -2908302,
        "incomeBeforeTaxRatio": 0,
        "incomeTaxExpense": 0,
        "netIncome": -2908302,
        "netIncomeRatio": 0,
        "eps": -0.005,
        "epsdiluted": -0.005,
        "weightedAverageShsOut": 580383556,
        "weightedAverageShsOutDil": 580309378,
        "link": "https://www.sec.gov/Archives/edgar/data/1728205/000114036118041855/0001140361-18-041855-index.htm",
        "finalLink": "https://www.sec.gov/Archives/edgar/data/1728205/000114036118041855/s002472x1_20f.htm"
    },
    {
        "date": "2018-03-31",
        "symbol": "PLL",
        "reportedCurrency": "USD",
        "cik": "0001728205",
        "fillingDate": "2018-03-31",
        "acceptedDate": "2018-03-31 00:00:00",
        "calendarYear": "2018",
        "period": "Q1",
        "revenue": 0,
        "costOfRevenue": 0,
        "grossProfit": 0,
        "grossProfitRatio": 0,
        "researchAndDevelopmentExpenses": 0,
        "generalAndAdministrativeExpenses": 426098,
        "sellingAndMarketingExpenses": 377322,
        "sellingGeneralAndAdministrativeExpenses": 2831612,
        "otherExpenses": 0,
        "operatingExpenses": 2831612,
        "costAndExpenses": 2831612,
        "interestIncome": 0,
        "interestExpense": 0,
        "depreciationAndAmortization": 10096,
        "ebitda": -2821516,
        "ebitdaratio": 0,
        "operatingIncome": -2831612,
        "operatingIncomeRatio": 0,
        "totalOtherIncomeExpensesNet": -76690,
        "incomeBeforeTax": -2908302,
        "incomeBeforeTaxRatio": 0,
        "incomeTaxExpense": 0,
        "netIncome": -2908302,
        "netIncomeRatio": 0,
        "eps": -0.005,
        "epsdiluted": -0.005,
        "weightedAverageShsOut": 580383556,
        "weightedAverageShsOutDil": 580309378,
        "link": null,
        "finalLink": null
    },
    {
        "date": "2017-12-31",
        "symbol": "PLL",
        "reportedCurrency": "USD",
        "cik": "0001728205",
        "fillingDate": "2017-12-31",
        "acceptedDate": "2017-12-31 00:00:00",
        "calendarYear": "2017",
        "period": "Q4",
        "revenue": 0,
        "costOfRevenue": 0,
        "grossProfit": 0,
        "grossProfitRatio": 0,
        "researchAndDevelopmentExpenses": 0,
        "generalAndAdministrativeExpenses": 154205,
        "sellingAndMarketingExpenses": 226632,
        "sellingGeneralAndAdministrativeExpenses": 1949480,
        "otherExpenses": 0,
        "operatingExpenses": 1949480,
        "costAndExpenses": 1949480,
        "interestIncome": 0,
        "interestExpense": 0,
        "depreciationAndAmortization": 10096,
        "ebitda": -1939384,
        "ebitdaratio": 0,
        "operatingIncome": -1949480,
        "operatingIncomeRatio": 0,
        "totalOtherIncomeExpensesNet": -121126,
        "incomeBeforeTax": -2070606,
        "incomeBeforeTaxRatio": 0,
        "incomeTaxExpense": 0,
        "netIncome": -2070606,
        "netIncomeRatio": 0,
        "eps": -0.0045,
        "epsdiluted": -0.0045,
        "weightedAverageShsOut": 460134666,
        "weightedAverageShsOutDil": 460134888,
        "link": null,
        "finalLink": null
    },
    {
        "date": "2017-09-30",
        "symbol": "PLL",
        "reportedCurrency": "USD",
        "cik": "0001728205",
        "fillingDate": "2017-09-30",
        "acceptedDate": "2017-09-30 00:00:00",
        "calendarYear": "2017",
        "period": "Q3",
        "revenue": 0,
        "costOfRevenue": 0,
        "grossProfit": 0,
        "grossProfitRatio": 0,
        "researchAndDevelopmentExpenses": 0,
        "generalAndAdministrativeExpenses": 154206,
        "sellingAndMarketingExpenses": 226632,
        "sellingGeneralAndAdministrativeExpenses": 1949481,
        "otherExpenses": 0,
        "operatingExpenses": 1949481,
        "costAndExpenses": 1949481,
        "interestIncome": 0,
        "interestExpense": 0,
        "depreciationAndAmortization": 10096,
        "ebitda": -1939385,
        "ebitdaratio": 0,
        "operatingIncome": -1949481,
        "operatingIncomeRatio": 0,
        "totalOtherIncomeExpensesNet": -121125,
        "incomeBeforeTax": -2070606,
        "incomeBeforeTaxRatio": 0,
        "incomeTaxExpense": 0,
        "netIncome": -2070606,
        "netIncomeRatio": 0,
        "eps": -0.0045,
        "epsdiluted": -0.0045,
        "weightedAverageShsOut": 460134666,
        "weightedAverageShsOutDil": 460134888,
        "link": null,
        "finalLink": null
    },
    {
        "date": "2017-06-30",
        "symbol": "PLL",
        "reportedCurrency": "USD",
        "cik": "0001728205",
        "fillingDate": "2017-06-30",
        "acceptedDate": "2017-06-30 00:00:00",
        "calendarYear": "2017",
        "period": "Q2",
        "revenue": 0,
        "costOfRevenue": 0,
        "grossProfit": 0,
        "grossProfitRatio": 0,
        "researchAndDevelopmentExpenses": 0,
        "generalAndAdministrativeExpenses": 138497,
        "sellingAndMarketingExpenses": 49583,
        "sellingGeneralAndAdministrativeExpenses": 898664,
        "otherExpenses": 0,
        "operatingExpenses": 898664,
        "costAndExpenses": 898664,
        "interestIncome": 0,
        "interestExpense": 0,
        "depreciationAndAmortization": 10096,
        "ebitda": -908194,
        "ebitdaratio": 0,
        "operatingIncome": -898664,
        "operatingIncomeRatio": 0,
        "totalOtherIncomeExpensesNet": -11374,
        "incomeBeforeTax": -910038,
        "incomeBeforeTaxRatio": 0,
        "incomeTaxExpense": 0,
        "netIncome": -910038,
        "netIncomeRatio": 0,
        "eps": -0.0021,
        "epsdiluted": -0.0021,
        "weightedAverageShsOut": 424656089,
        "weightedAverageShsOutDil": 424509847,
        "link": null,
        "finalLink": null
    },
    {
        "date": "2017-03-31",
        "symbol": "PLL",
        "reportedCurrency": "USD",
        "cik": "0001728205",
        "fillingDate": "2017-03-31",
        "acceptedDate": "2017-03-31 00:00:00",
        "calendarYear": "2017",
        "period": "Q1",
        "revenue": 0,
        "costOfRevenue": 0,
        "grossProfit": 0,
        "grossProfitRatio": 0,
        "researchAndDevelopmentExpenses": 0,
        "generalAndAdministrativeExpenses": 138887,
        "sellingAndMarketingExpenses": 49896,
        "sellingGeneralAndAdministrativeExpenses": 900612,
        "otherExpenses": 0,
        "operatingExpenses": 900612,
        "costAndExpenses": 900612,
        "interestIncome": 0,
        "interestExpense": 0,
        "depreciationAndAmortization": 1423,
        "ebitda": -918815,
        "ebitdaratio": 0,
        "operatingIncome": -900612,
        "operatingIncomeRatio": 0,
        "totalOtherIncomeExpensesNet": -11335,
        "incomeBeforeTax": -911947,
        "incomeBeforeTaxRatio": 0,
        "incomeTaxExpense": 0,
        "netIncome": -911947,
        "netIncomeRatio": 0,
        "eps": -0.0021,
        "epsdiluted": -0.0021,
        "weightedAverageShsOut": 424556331,
        "weightedAverageShsOutDil": 424509847,
        "link": null,
        "finalLink": null
    },
    {
        "date": "2016-12-31",
        "symbol": "PLL",
        "reportedCurrency": "USD",
        "cik": "0001728205",
        "fillingDate": "2016-12-31",
        "acceptedDate": "2016-12-31 00:00:00",
        "calendarYear": "2016",
        "period": "Q4",
        "revenue": 0,
        "costOfRevenue": 0,
        "grossProfit": 0,
        "grossProfitRatio": 0,
        "researchAndDevelopmentExpenses": 0,
        "generalAndAdministrativeExpenses": 78701,
        "sellingAndMarketingExpenses": 63175,
        "sellingGeneralAndAdministrativeExpenses": 393132,
        "otherExpenses": 0,
        "operatingExpenses": 393132,
        "costAndExpenses": 393132,
        "interestIncome": 0,
        "interestExpense": 0,
        "depreciationAndAmortization": 1344,
        "ebitda": -391788,
        "ebitdaratio": 0,
        "operatingIncome": -393132,
        "operatingIncomeRatio": 0,
        "totalOtherIncomeExpensesNet": 7904,
        "incomeBeforeTax": -385228,
        "incomeBeforeTaxRatio": 0,
        "incomeTaxExpense": 0,
        "netIncome": -385228,
        "netIncomeRatio": 0,
        "eps": -0.001,
        "epsdiluted": -0.001,
        "weightedAverageShsOut": 395443694,
        "weightedAverageShsOutDil": 395443703,
        "link": null,
        "finalLink": null
    },
    {
        "date": "2016-09-30",
        "symbol": "PLL",
        "reportedCurrency": "USD",
        "cik": "0001728205",
        "fillingDate": "2016-09-30",
        "acceptedDate": "2016-09-30 00:00:00",
        "calendarYear": "2016",
        "period": "Q3",
        "revenue": 0,
        "costOfRevenue": 0,
        "grossProfit": 0,
        "grossProfitRatio": 0,
        "researchAndDevelopmentExpenses": 0,
        "generalAndAdministrativeExpenses": 83482,
        "sellingAndMarketingExpenses": 67013,
        "sellingGeneralAndAdministrativeExpenses": 417010,
        "otherExpenses": 0,
        "operatingExpenses": 417010,
        "costAndExpenses": 417010,
        "interestIncome": 0,
        "interestExpense": 0,
        "depreciationAndAmortization": 1426,
        "ebitda": -415584,
        "ebitdaratio": 0,
        "operatingIncome": -417010,
        "operatingIncomeRatio": 0,
        "totalOtherIncomeExpensesNet": 8385,
        "incomeBeforeTax": -408625,
        "incomeBeforeTaxRatio": 0,
        "incomeTaxExpense": 0,
        "netIncome": -408625,
        "netIncomeRatio": 0,
        "eps": -0.001,
        "epsdiluted": -0.001,
        "weightedAverageShsOut": 395443063,
        "weightedAverageShsOutDil": 395443703,
        "link": null,
        "finalLink": null
    },
    {
        "date": "2016-06-30",
        "symbol": "PLL",
        "reportedCurrency": "USD",
        "cik": "0001728205",
        "fillingDate": "2016-06-30",
        "acceptedDate": "2016-06-30 00:00:00",
        "calendarYear": "2016",
        "period": "Q2",
        "revenue": -10334,
        "costOfRevenue": 0,
        "grossProfit": -10334,
        "grossProfitRatio": 1,
        "researchAndDevelopmentExpenses": 0,
        "generalAndAdministrativeExpenses": 75402,
        "sellingAndMarketingExpenses": 15873,
        "sellingGeneralAndAdministrativeExpenses": 92107,
        "otherExpenses": 0,
        "operatingExpenses": 92107,
        "costAndExpenses": 92107,
        "interestIncome": 0,
        "interestExpense": 0,
        "depreciationAndAmortization": 1388,
        "ebitda": -101054,
        "ebitdaratio": 9.7787884653,
        "operatingIncome": -102442,
        "operatingIncomeRatio": 9.9131023805,
        "totalOtherIncomeExpensesNet": 19948,
        "incomeBeforeTax": -82494,
        "incomeBeforeTaxRatio": 7.9827753048,
        "incomeTaxExpense": 0,
        "netIncome": -82494,
        "netIncomeRatio": 7.9827753048,
        "eps": -0.0002,
        "epsdiluted": -0.0002,
        "weightedAverageShsOut": 366675467,
        "weightedAverageShsOutDil": 389351258,
        "link": null,
        "finalLink": null
    },
    {
        "date": "2016-03-31",
        "symbol": "PLL",
        "reportedCurrency": "USD",
        "cik": "0001728205",
        "fillingDate": "2016-03-31",
        "acceptedDate": "2016-03-31 00:00:00",
        "calendarYear": "2016",
        "period": "Q1",
        "revenue": -10662,
        "costOfRevenue": 0,
        "grossProfit": -10662,
        "grossProfitRatio": 1,
        "researchAndDevelopmentExpenses": 0,
        "generalAndAdministrativeExpenses": 77789,
        "sellingAndMarketingExpenses": 16376,
        "sellingGeneralAndAdministrativeExpenses": 95024,
        "otherExpenses": 0,
        "operatingExpenses": 95024,
        "costAndExpenses": 95024,
        "interestIncome": 0,
        "interestExpense": 0,
        "depreciationAndAmortization": 1357,
        "ebitda": -104329,
        "ebitdaratio": 9.7851247421,
        "operatingIncome": -105686,
        "operatingIncomeRatio": 9.9123991746,
        "totalOtherIncomeExpensesNet": 20580,
        "incomeBeforeTax": -85106,
        "incomeBeforeTaxRatio": 7.9821797036,
        "incomeTaxExpense": 0,
        "netIncome": -85106,
        "netIncomeRatio": 7.9821797036,
        "eps": -0.0002,
        "epsdiluted": -0.0002,
        "weightedAverageShsOut": 366675451,
        "weightedAverageShsOutDil": 389351258,
        "link": null,
        "finalLink": null
    },
    {
        "date": "2015-12-31",
        "symbol": "PLL",
        "reportedCurrency": "USD",
        "cik": "0001728205",
        "fillingDate": "2015-12-31",
        "acceptedDate": "2015-12-31 00:00:00",
        "calendarYear": "2015",
        "period": "Q4",
        "revenue": 10103,
        "costOfRevenue": 0,
        "grossProfit": 10103,
        "grossProfitRatio": 1,
        "researchAndDevelopmentExpenses": 0,
        "generalAndAdministrativeExpenses": 67187,
        "sellingAndMarketingExpenses": 54035,
        "sellingGeneralAndAdministrativeExpenses": 104126,
        "otherExpenses": 0,
        "operatingExpenses": 104126,
        "costAndExpenses": 104126,
        "interestIncome": 0,
        "interestExpense": 0,
        "depreciationAndAmortization": 1286,
        "ebitda": -92737,
        "ebitdaratio": -9.1791547065,
        "operatingIncome": -94022,
        "operatingIncomeRatio": -9.3063446501,
        "totalOtherIncomeExpensesNet": 34850,
        "incomeBeforeTax": -59172,
        "incomeBeforeTaxRatio": -5.8568741958,
        "incomeTaxExpense": 0,
        "netIncome": -59172,
        "netIncomeRatio": -5.8568741958,
        "eps": -0.0001,
        "epsdiluted": -0.0001,
        "weightedAverageShsOut": 406265032,
        "weightedAverageShsOutDil": 406265000,
        "link": null,
        "finalLink": null
    },
    {
        "date": "2015-09-30",
        "symbol": "PLL",
        "reportedCurrency": "USD",
        "cik": "0001728205",
        "fillingDate": "2015-09-30",
        "acceptedDate": "2015-09-30 00:00:00",
        "calendarYear": "2015",
        "period": "Q3",
        "revenue": 9752,
        "costOfRevenue": 0,
        "grossProfit": 9752,
        "grossProfitRatio": 1,
        "researchAndDevelopmentExpenses": 0,
        "generalAndAdministrativeExpenses": 64859,
        "sellingAndMarketingExpenses": 52163,
        "sellingGeneralAndAdministrativeExpenses": 100518,
        "otherExpenses": 0,
        "operatingExpenses": 100518,
        "costAndExpenses": 100518,
        "interestIncome": 0,
        "interestExpense": 0,
        "depreciationAndAmortization": 1241,
        "ebitda": -89523,
        "ebitdaratio": -9.1799630845,
        "operatingIncome": -90765,
        "operatingIncomeRatio": -9.3073215751,
        "totalOtherIncomeExpensesNet": 33643,
        "incomeBeforeTax": -57121,
        "incomeBeforeTaxRatio": -5.8573625923,
        "incomeTaxExpense": 0,
        "netIncome": -57121,
        "netIncomeRatio": -5.8573625923,
        "eps": -0.0001,
        "epsdiluted": -0.0001,
        "weightedAverageShsOut": 406264946,
        "weightedAverageShsOutDil": 406265000,
        "link": null,
        "finalLink": null
    },
    {
        "date": "2015-06-30",
        "symbol": "PLL",
        "reportedCurrency": "USD",
        "cik": "0001728205",
        "fillingDate": "2015-06-30",
        "acceptedDate": "2015-06-30 00:00:00",
        "calendarYear": "2015",
        "period": "Q2",
        "revenue": -14033,
        "costOfRevenue": 0,
        "grossProfit": -14033,
        "grossProfitRatio": 1,
        "researchAndDevelopmentExpenses": 0,
        "generalAndAdministrativeExpenses": 33837,
        "sellingAndMarketingExpenses": 79454,
        "sellingGeneralAndAdministrativeExpenses": 160792,
        "otherExpenses": 0,
        "operatingExpenses": 160792,
        "costAndExpenses": 160792,
        "interestIncome": 0,
        "interestExpense": 0,
        "depreciationAndAmortization": 1359,
        "ebitda": -173466,
        "ebitdaratio": 12.3612912421,
        "operatingIncome": -174825,
        "operatingIncomeRatio": 12.4581343975,
        "totalOtherIncomeExpensesNet": 20185,
        "incomeBeforeTax": -154640,
        "incomeBeforeTaxRatio": 11.0197391862,
        "incomeTaxExpense": 0,
        "netIncome": -154640,
        "netIncomeRatio": 11.0197391862,
        "eps": -0.0004,
        "epsdiluted": -0.0004,
        "weightedAverageShsOut": 392444280,
        "weightedAverageShsOutDil": 407673758,
        "link": null,
        "finalLink": null
    },
    {
        "date": "2015-03-31",
        "symbol": "PLL",
        "reportedCurrency": "USD",
        "cik": "0001728205",
        "fillingDate": "2015-03-31",
        "acceptedDate": "2015-03-31 00:00:00",
        "calendarYear": "2015",
        "period": "Q1",
        "revenue": -13906,
        "costOfRevenue": 0,
        "grossProfit": -13906,
        "grossProfitRatio": 1,
        "researchAndDevelopmentExpenses": 0,
        "generalAndAdministrativeExpenses": 33533,
        "sellingAndMarketingExpenses": 78739,
        "sellingGeneralAndAdministrativeExpenses": 159345,
        "otherExpenses": 0,
        "operatingExpenses": 159345,
        "costAndExpenses": 159345,
        "interestIncome": 0,
        "interestExpense": 0,
        "depreciationAndAmortization": 2666,
        "ebitda": -170586,
        "ebitdaratio": 12.2670789587,
        "operatingIncome": -173251,
        "operatingIncomeRatio": 12.4587228534,
        "totalOtherIncomeExpensesNet": 20003,
        "incomeBeforeTax": -153248,
        "incomeBeforeTaxRatio": 11.0202790163,
        "incomeTaxExpense": 0,
        "netIncome": -153248,
        "netIncomeRatio": 11.0202790163,
        "eps": -0.0004,
        "epsdiluted": -0.0004,
        "weightedAverageShsOut": 392443576,
        "weightedAverageShsOutDil": 407673758,
        "link": null,
        "finalLink": null
    },
    {
        "date": "2014-12-31",
        "symbol": "PLL",
        "reportedCurrency": "USD",
        "cik": "0001728205",
        "fillingDate": "2014-12-31",
        "acceptedDate": "2014-12-31 00:00:00",
        "calendarYear": "2014",
        "period": "Q4",
        "revenue": 14920,
        "costOfRevenue": 0,
        "grossProfit": 14920,
        "grossProfitRatio": 1,
        "researchAndDevelopmentExpenses": 0,
        "generalAndAdministrativeExpenses": 148159,
        "sellingAndMarketingExpenses": 41168,
        "sellingGeneralAndAdministrativeExpenses": 325831,
        "otherExpenses": 0,
        "operatingExpenses": 325831,
        "costAndExpenses": 325831,
        "interestIncome": 0,
        "interestExpense": 0,
        "depreciationAndAmortization": 2860,
        "ebitda": -308050,
        "ebitdaratio": -20.6467828418,
        "operatingIncome": -310910,
        "operatingIncomeRatio": -20.8384718499,
        "totalOtherIncomeExpensesNet": -6540,
        "incomeBeforeTax": -317451,
        "incomeBeforeTaxRatio": -21.2768766756,
        "incomeTaxExpense": 0,
        "netIncome": -317451,
        "netIncomeRatio": -21.2768766756,
        "eps": -0.0008,
        "epsdiluted": -0.0008,
        "weightedAverageShsOut": 388329336,
        "weightedAverageShsOutDil": 387942500,
        "link": null,
        "finalLink": null
    },
    {
        "date": "2014-09-30",
        "symbol": "PLL",
        "reportedCurrency": "USD",
        "cik": "0001728205",
        "fillingDate": "2014-09-30",
        "acceptedDate": "2014-09-30 00:00:00",
        "calendarYear": "2014",
        "period": "Q3",
        "revenue": 15950,
        "costOfRevenue": 0,
        "grossProfit": 15950,
        "grossProfitRatio": 1,
        "researchAndDevelopmentExpenses": 0,
        "generalAndAdministrativeExpenses": 158385,
        "sellingAndMarketingExpenses": 44009,
        "sellingGeneralAndAdministrativeExpenses": 348319,
        "otherExpenses": 0,
        "operatingExpenses": 348319,
        "costAndExpenses": 348319,
        "interestIncome": 0,
        "interestExpense": 0,
        "depreciationAndAmortization": 3058,
        "ebitda": -329311,
        "ebitdaratio": -20.6464576803,
        "operatingIncome": -332368,
        "operatingIncomeRatio": -20.8381191223,
        "totalOtherIncomeExpensesNet": -6994,
        "incomeBeforeTax": -339363,
        "incomeBeforeTaxRatio": -21.276677116,
        "incomeTaxExpense": 0,
        "netIncome": -339363,
        "netIncomeRatio": -21.276677116,
        "eps": -0.0009,
        "epsdiluted": -0.0009,
        "weightedAverageShsOut": 387942830,
        "weightedAverageShsOutDil": 387942500,
        "link": null,
        "finalLink": null
    },
    {
        "date": "2014-06-30",
        "symbol": "PLL",
        "reportedCurrency": "USD",
        "cik": "0001728205",
        "fillingDate": "2014-06-30",
        "acceptedDate": "2014-06-30 00:00:00",
        "calendarYear": "2014",
        "period": "Q2",
        "revenue": 39723,
        "costOfRevenue": 0,
        "grossProfit": 39723,
        "grossProfitRatio": 1,
        "researchAndDevelopmentExpenses": 0,
        "generalAndAdministrativeExpenses": 137105,
        "sellingAndMarketingExpenses": 68805,
        "sellingGeneralAndAdministrativeExpenses": 772610,
        "otherExpenses": 0,
        "operatingExpenses": 772610,
        "costAndExpenses": 772610,
        "interestIncome": 0,
        "interestExpense": 0,
        "depreciationAndAmortization": 3296,
        "ebitda": -729590,
        "ebitdaratio": -18.3669410669,
        "operatingIncome": -732886,
        "operatingIncomeRatio": -18.449915666,
        "totalOtherIncomeExpensesNet": 0,
        "incomeBeforeTax": -732886,
        "incomeBeforeTaxRatio": -18.449915666,
        "incomeTaxExpense": 0,
        "netIncome": -732886,
        "netIncomeRatio": -18.449915666,
        "eps": -0.0017,
        "epsdiluted": -0.0017,
        "weightedAverageShsOut": 444066084,
        "weightedAverageShsOutDil": 443913639,
        "link": null,
        "finalLink": null
    },
    {
        "date": "2014-03-31",
        "symbol": "PLL",
        "reportedCurrency": "USD",
        "cik": "0001728205",
        "fillingDate": "2014-03-31",
        "acceptedDate": "2014-03-31 00:00:00",
        "calendarYear": "2014",
        "period": "Q1",
        "revenue": 39053,
        "costOfRevenue": 0,
        "grossProfit": 39053,
        "grossProfitRatio": 1,
        "researchAndDevelopmentExpenses": 0,
        "generalAndAdministrativeExpenses": 134792,
        "sellingAndMarketingExpenses": 67644,
        "sellingGeneralAndAdministrativeExpenses": 759573,
        "otherExpenses": 0,
        "operatingExpenses": 759573,
        "costAndExpenses": 759573,
        "interestIncome": 0,
        "interestExpense": 0,
        "depreciationAndAmortization": 1939,
        "ebitda": -718580,
        "ebitdaratio": -18.4001229099,
        "operatingIncome": -720519,
        "operatingIncomeRatio": -18.4497733849,
        "totalOtherIncomeExpensesNet": 0,
        "incomeBeforeTax": -720519,
        "incomeBeforeTaxRatio": -18.4497733849,
        "incomeTaxExpense": 0,
        "netIncome": -720519,
        "netIncomeRatio": -18.4497733849,
        "eps": -0.0016,
        "epsdiluted": -0.0016,
        "weightedAverageShsOut": 444066150,
        "weightedAverageShsOutDil": 443913639,
        "link": null,
        "finalLink": null
    },
    {
        "date": "2013-12-31",
        "symbol": "PLL",
        "reportedCurrency": "USD",
        "cik": "0001728205",
        "fillingDate": "2013-12-31",
        "acceptedDate": "2013-12-31 00:00:00",
        "calendarYear": "2013",
        "period": "Q4",
        "revenue": 47943,
        "costOfRevenue": 0,
        "grossProfit": 47943,
        "grossProfitRatio": 1,
        "researchAndDevelopmentExpenses": 0,
        "generalAndAdministrativeExpenses": 185335,
        "sellingAndMarketingExpenses": 41467,
        "sellingGeneralAndAdministrativeExpenses": 708477,
        "otherExpenses": 0,
        "operatingExpenses": 708477,
        "costAndExpenses": 708477,
        "interestIncome": 0,
        "interestExpense": 0,
        "depreciationAndAmortization": 1871,
        "ebitda": -658662,
        "ebitdaratio": -13.7384393968,
        "operatingIncome": -660533,
        "operatingIncomeRatio": -13.7774649062,
        "totalOtherIncomeExpensesNet": 0,
        "incomeBeforeTax": -660533,
        "incomeBeforeTaxRatio": -13.7774649062,
        "incomeTaxExpense": 0,
        "netIncome": -660533,
        "netIncomeRatio": -13.7774649062,
        "eps": -0.0019,
        "epsdiluted": -0.0019,
        "weightedAverageShsOut": 351869923,
        "weightedAverageShsOutDil": 351702619,
        "link": null,
        "finalLink": null
    },
    {
        "date": "2013-09-30",
        "symbol": "PLL",
        "reportedCurrency": "USD",
        "cik": "0001728205",
        "fillingDate": "2013-09-30",
        "acceptedDate": "2013-09-30 00:00:00",
        "calendarYear": "2013",
        "period": "Q3",
        "revenue": 50108,
        "costOfRevenue": 0,
        "grossProfit": 50108,
        "grossProfitRatio": 1,
        "researchAndDevelopmentExpenses": 0,
        "generalAndAdministrativeExpenses": 193702,
        "sellingAndMarketingExpenses": 43339,
        "sellingGeneralAndAdministrativeExpenses": 740462,
        "otherExpenses": 0,
        "operatingExpenses": 740462,
        "costAndExpenses": 740462,
        "interestIncome": 0,
        "interestExpense": 0,
        "depreciationAndAmortization": 1954,
        "ebitda": -688400,
        "ebitdaratio": -13.7383252175,
        "operatingIncome": -690353,
        "operatingIncomeRatio": -13.7773010298,
        "totalOtherIncomeExpensesNet": 0,
        "incomeBeforeTax": -690354,
        "incomeBeforeTaxRatio": -13.7773209867,
        "incomeTaxExpense": 0,
        "netIncome": -690354,
        "netIncomeRatio": -13.7773209867,
        "eps": -0.002,
        "epsdiluted": -0.002,
        "weightedAverageShsOut": 351702487,
        "weightedAverageShsOutDil": 351702619,
        "link": null,
        "finalLink": null
    },
    {
        "date": "2013-06-30",
        "symbol": "PLL",
        "reportedCurrency": "USD",
        "cik": "0001728205",
        "fillingDate": "2013-06-30",
        "acceptedDate": "2013-06-30 00:00:00",
        "calendarYear": "2013",
        "period": "Q2",
        "revenue": 67656,
        "costOfRevenue": 0,
        "grossProfit": 67656,
        "grossProfitRatio": 1,
        "researchAndDevelopmentExpenses": 0,
        "generalAndAdministrativeExpenses": 160395,
        "sellingAndMarketingExpenses": 94914,
        "sellingGeneralAndAdministrativeExpenses": 727400,
        "otherExpenses": 15550,
        "operatingExpenses": 742950,
        "costAndExpenses": 742950,
        "interestIncome": 0,
        "interestExpense": 0,
        "depreciationAndAmortization": 1914,
        "ebitda": -657829,
        "ebitdaratio": -9.7231435497,
        "operatingIncome": -659743,
        "operatingIncomeRatio": -9.7514337235,
        "totalOtherIncomeExpensesNet": -15550,
        "incomeBeforeTax": -675293,
        "incomeBeforeTaxRatio": -9.98127291,
        "incomeTaxExpense": 0,
        "netIncome": -675293,
        "netIncomeRatio": -9.98127291,
        "eps": -0.0017,
        "epsdiluted": -0.0017,
        "weightedAverageShsOut": 399164659,
        "weightedAverageShsOutDil": 401237500,
        "link": null,
        "finalLink": null
    },
    {
        "date": "2013-03-31",
        "symbol": "PLL",
        "reportedCurrency": "USD",
        "cik": "0001728205",
        "fillingDate": "2013-03-31",
        "acceptedDate": "2013-03-31 00:00:00",
        "calendarYear": "2013",
        "period": "Q1",
        "revenue": 76924,
        "costOfRevenue": 0,
        "grossProfit": 76924,
        "grossProfitRatio": 1,
        "researchAndDevelopmentExpenses": 0,
        "generalAndAdministrativeExpenses": 182365,
        "sellingAndMarketingExpenses": 107915,
        "sellingGeneralAndAdministrativeExpenses": 827037,
        "otherExpenses": 17680,
        "operatingExpenses": 844717,
        "costAndExpenses": 844717,
        "interestIncome": 0,
        "interestExpense": 0,
        "depreciationAndAmortization": 1105,
        "ebitda": -749007,
        "ebitdaratio": -9.7369741563,
        "operatingIncome": -750112,
        "operatingIncomeRatio": -9.7513389839,
        "totalOtherIncomeExpensesNet": -17680,
        "incomeBeforeTax": -767792,
        "incomeBeforeTaxRatio": -9.9811762259,
        "incomeTaxExpense": 0,
        "netIncome": -767792,
        "netIncomeRatio": -9.9811762259,
        "eps": -0.0019,
        "epsdiluted": -0.0019,
        "weightedAverageShsOut": 399164584,
        "weightedAverageShsOutDil": 401237500,
        "link": null,
        "finalLink": null
    },
    {
        "date": "2012-12-31",
        "symbol": "PLL",
        "reportedCurrency": "USD",
        "cik": "0001728205",
        "fillingDate": "2012-12-31",
        "acceptedDate": "2012-12-31 00:00:00",
        "calendarYear": "2012",
        "period": "Q4",
        "revenue": 102900,
        "costOfRevenue": 0,
        "grossProfit": 102900,
        "grossProfitRatio": 1,
        "researchAndDevelopmentExpenses": 0,
        "generalAndAdministrativeExpenses": 204040,
        "sellingAndMarketingExpenses": 73556,
        "sellingGeneralAndAdministrativeExpenses": 703149,
        "otherExpenses": 110186,
        "operatingExpenses": 813335,
        "costAndExpenses": 813335,
        "interestIncome": 0,
        "interestExpense": 0,
        "depreciationAndAmortization": 1103,
        "ebitda": -599145,
        "ebitdaratio": -5.8225947522,
        "operatingIncome": -600248,
        "operatingIncomeRatio": -5.833313897,
        "totalOtherIncomeExpensesNet": -110186,
        "incomeBeforeTax": -710434,
        "incomeBeforeTaxRatio": -6.9041205053,
        "incomeTaxExpense": 0,
        "netIncome": -710434,
        "netIncomeRatio": -6.9041205053,
        "eps": -0.0018,
        "epsdiluted": -0.0018,
        "weightedAverageShsOut": 391226138,
        "weightedAverageShsOutDil": 391003142,
        "link": null,
        "finalLink": null
    },
    {
        "date": "2012-09-30",
        "symbol": "PLL",
        "reportedCurrency": "USD",
        "cik": "0001728205",
        "fillingDate": "2012-09-30",
        "acceptedDate": "2012-09-30 00:00:00",
        "calendarYear": "2012",
        "period": "Q3",
        "revenue": 102836,
        "costOfRevenue": 0,
        "grossProfit": 102836,
        "grossProfitRatio": 1,
        "researchAndDevelopmentExpenses": 0,
        "generalAndAdministrativeExpenses": 203913,
        "sellingAndMarketingExpenses": 73510,
        "sellingGeneralAndAdministrativeExpenses": 702711,
        "otherExpenses": 110119,
        "operatingExpenses": 812830,
        "costAndExpenses": 812830,
        "interestIncome": 0,
        "interestExpense": 0,
        "depreciationAndAmortization": 1102,
        "ebitda": -598772,
        "ebitdaratio": -5.8225913104,
        "operatingIncome": -599874,
        "operatingIncomeRatio": -5.8333074021,
        "totalOtherIncomeExpensesNet": -110119,
        "incomeBeforeTax": -709993,
        "incomeBeforeTaxRatio": -6.9041289043,
        "incomeTaxExpense": 0,
        "netIncome": -709993,
        "netIncomeRatio": -6.9041289043,
        "eps": -0.0018,
        "epsdiluted": -0.0018,
        "weightedAverageShsOut": 391003289,
        "weightedAverageShsOutDil": 391003142,
        "link": null,
        "finalLink": null
    },
    {
        "date": "2012-06-30",
        "symbol": "PLL",
        "reportedCurrency": "USD",
        "cik": "0001728205",
        "fillingDate": "2012-06-30",
        "acceptedDate": "2012-06-30 00:00:00",
        "calendarYear": "2012",
        "period": "Q2",
        "revenue": 125.982906,
        "costOfRevenue": 0,
        "grossProfit": 125.982906,
        "grossProfitRatio": 1,
        "researchAndDevelopmentExpenses": 0,
        "generalAndAdministrativeExpenses": 239.2752956,
        "sellingAndMarketingExpenses": 80.88233790000001,
        "sellingGeneralAndAdministrativeExpenses": 621.2815395,
        "otherExpenses": 140.7574595000001,
        "operatingExpenses": 762.0389990000001,
        "costAndExpenses": 762.0389990000001,
        "interestIncome": 0,
        "interestExpense": 0,
        "depreciationAndAmortization": 0,
        "ebitda": -494,
        "ebitdaratio": -3.9211668923,
        "operatingIncome": -495,
        "operatingIncomeRatio": -3.9291044771,
        "totalOtherIncomeExpensesNet": -140,
        "incomeBeforeTax": -636,
        "incomeBeforeTaxRatio": -5.0483039342,
        "incomeTaxExpense": 0,
        "netIncome": -636,
        "netIncomeRatio": -5.0483039342,
        "eps": -0.0016,
        "epsdiluted": -0.0017,
        "weightedAverageShsOut": 385480,
        "weightedAverageShsOutDil": 387095,
        "link": null,
        "finalLink": null
    },
    {
        "date": "2012-03-31",
        "symbol": "PLL",
        "reportedCurrency": "USD",
        "cik": "0001728205",
        "fillingDate": "2012-03-31",
        "acceptedDate": "2012-03-31 00:00:00",
        "calendarYear": "2012",
        "period": "Q1",
        "revenue": 127.61573949999999,
        "costOfRevenue": 0,
        "grossProfit": 127.61573949999999,
        "grossProfitRatio": 1,
        "researchAndDevelopmentExpenses": 0,
        "generalAndAdministrativeExpenses": 242.376484,
        "sellingAndMarketingExpenses": 81.930634,
        "sellingGeneralAndAdministrativeExpenses": 629.3338172,
        "otherExpenses": 142.5817823,
        "operatingExpenses": 771.9155995,
        "costAndExpenses": 771.9155995,
        "interestIncome": 0,
        "interestExpense": 0,
        "depreciationAndAmortization": 0,
        "ebitda": -499,
        "ebitdaratio": -3.9101759858,
        "operatingIncome": -501,
        "operatingIncomeRatio": -3.9258480338,
        "totalOtherIncomeExpensesNet": -142,
        "incomeBeforeTax": -644,
        "incomeBeforeTaxRatio": -5.0463994686,
        "incomeTaxExpense": 0,
        "netIncome": -644,
        "netIncomeRatio": -5.0463994686,
        "eps": -0.0017,
        "epsdiluted": -0.0017,
        "weightedAverageShsOut": 385480,
        "weightedAverageShsOutDil": 387095,
        "link": null,
        "finalLink": null
    }
]