[
    {
        "date": "2025-06-28",
        "symbol": "PRGO",
        "reportedCurrency": "USD",
        "cik": "0001585364",
        "fillingDate": "2025-08-06",
        "acceptedDate": "2025-08-06 15:18:51",
        "calendarYear": "2025",
        "period": "Q2",
        "revenue": 1056300000,
        "costOfRevenue": 693400000,
        "grossProfit": 362900000,
        "grossProfitRatio": 0.3435577014,
        "researchAndDevelopmentExpenses": 22000000,
        "generalAndAdministrativeExpenses": 113000000,
        "sellingAndMarketingExpenses": 160100000,
        "sellingGeneralAndAdministrativeExpenses": 273100000,
        "otherExpenses": 22400000,
        "operatingExpenses": 317500000,
        "costAndExpenses": 1010900000,
        "interestIncome": 0,
        "interestExpense": 39600000,
        "depreciationAndAmortization": 86300000,
        "ebitda": 129100000,
        "ebitdaratio": 0.1222190666,
        "operatingIncome": 45400000,
        "operatingIncomeRatio": 0.042980214,
        "totalOtherIncomeExpensesNet": -42200000,
        "incomeBeforeTax": 3200000,
        "incomeBeforeTaxRatio": 0.0030294424,
        "incomeTaxExpense": 3700000,
        "netIncome": -8400000,
        "netIncomeRatio": -0.0079522863,
        "eps": -0.06,
        "epsdiluted": -0.06,
        "weightedAverageShsOut": 138200000,
        "weightedAverageShsOutDil": 138200000,
        "link": "https://www.sec.gov/Archives/edgar/data/1585364/000158536425000122/0001585364-25-000122-index.htm",
        "finalLink": "https://www.sec.gov/Archives/edgar/data/1585364/000158536425000122/prgo-20250628.htm"
    },
    {
        "date": "2025-03-29",
        "symbol": "PRGO",
        "reportedCurrency": "USD",
        "cik": "0001585364",
        "fillingDate": "2025-05-07",
        "acceptedDate": "2025-05-07 14:46:04",
        "calendarYear": "2025",
        "period": "Q1",
        "revenue": 1043900000,
        "costOfRevenue": 651600000,
        "grossProfit": 392300000,
        "grossProfitRatio": 0.3758022799,
        "researchAndDevelopmentExpenses": 26700000,
        "generalAndAdministrativeExpenses": 112200000,
        "sellingAndMarketingExpenses": 169000000,
        "sellingGeneralAndAdministrativeExpenses": 281200000,
        "otherExpenses": 37500000,
        "operatingExpenses": 345400000,
        "costAndExpenses": 997000000,
        "interestIncome": 0,
        "interestExpense": 39000000,
        "depreciationAndAmortization": 79900000,
        "ebitda": 127200000,
        "ebitdaratio": 0.121850752,
        "operatingIncome": 46900000,
        "operatingIncomeRatio": 0.0449276751,
        "totalOtherIncomeExpensesNet": -38600000,
        "incomeBeforeTax": 8300000,
        "incomeBeforeTaxRatio": 0.0079509532,
        "incomeTaxExpense": 8200000,
        "netIncome": -6400000,
        "netIncomeRatio": -0.0061308554,
        "eps": -0.05,
        "epsdiluted": -0.05,
        "weightedAverageShsOut": 137700000,
        "weightedAverageShsOutDil": 137700000,
        "link": "https://www.sec.gov/Archives/edgar/data/1585364/000158536425000056/0001585364-25-000056-index.htm",
        "finalLink": "https://www.sec.gov/Archives/edgar/data/1585364/000158536425000056/prgo-20250329.htm"
    },
    {
        "date": "2024-12-31",
        "symbol": "PRGO",
        "reportedCurrency": "USD",
        "cik": "0001585364",
        "fillingDate": "2025-02-28",
        "acceptedDate": "2025-02-28 13:27:22",
        "calendarYear": "2024",
        "period": "Q4",
        "revenue": 1138300000,
        "costOfRevenue": 752400000,
        "grossProfit": 385900000,
        "grossProfitRatio": 0.3390143196,
        "researchAndDevelopmentExpenses": 27800000,
        "generalAndAdministrativeExpenses": 94700000,
        "sellingAndMarketingExpenses": 140100000,
        "sellingGeneralAndAdministrativeExpenses": 234800000,
        "otherExpenses": 9100000,
        "operatingExpenses": 271700000,
        "costAndExpenses": 1024100000,
        "interestIncome": 0,
        "interestExpense": 43100000,
        "depreciationAndAmortization": 80300000,
        "ebitda": 193400000,
        "ebitdaratio": 0.1699024862,
        "operatingIncome": 114200000,
        "operatingIncomeRatio": 0.1003250461,
        "totalOtherIncomeExpensesNet": -44200000,
        "incomeBeforeTax": 70000000,
        "incomeBeforeTaxRatio": 0.0614952122,
        "incomeTaxExpense": 111500000,
        "netIncome": -44500000,
        "netIncomeRatio": -0.0390933849,
        "eps": -0.32,
        "epsdiluted": -0.32,
        "weightedAverageShsOut": 137600000,
        "weightedAverageShsOutDil": 137600000,
        "link": "https://www.sec.gov/Archives/edgar/data/1585364/000158536425000014/0001585364-25-000014-index.htm",
        "finalLink": "https://www.sec.gov/Archives/edgar/data/1585364/000158536425000014/prgo-20241231.htm"
    },
    {
        "date": "2024-09-28",
        "symbol": "PRGO",
        "reportedCurrency": "USD",
        "cik": "0001585364",
        "fillingDate": "2024-11-06",
        "acceptedDate": "2024-11-06 16:22:38",
        "calendarYear": "2024",
        "period": "Q3",
        "revenue": 1087500000,
        "costOfRevenue": 683100000,
        "grossProfit": 404400000,
        "grossProfitRatio": 0.371862069,
        "researchAndDevelopmentExpenses": 26000000,
        "generalAndAdministrativeExpenses": 116900000,
        "sellingAndMarketingExpenses": 154600000,
        "sellingGeneralAndAdministrativeExpenses": 271500000,
        "otherExpenses": 26500000,
        "operatingExpenses": 324000000,
        "costAndExpenses": 1007100000,
        "interestIncome": 0,
        "interestExpense": 57600000,
        "depreciationAndAmortization": 82300000,
        "ebitda": 161700000,
        "ebitdaratio": 0.1486896552,
        "operatingIncome": 80400000,
        "operatingIncomeRatio": 0.0739310345,
        "totalOtherIncomeExpensesNet": -58600000,
        "incomeBeforeTax": 21800000,
        "incomeBeforeTaxRatio": 0.020045977,
        "incomeTaxExpense": 39400000,
        "netIncome": -21000000,
        "netIncomeRatio": -0.0193103448,
        "eps": -0.15,
        "epsdiluted": -0.15,
        "weightedAverageShsOut": 137500000,
        "weightedAverageShsOutDil": 137500000,
        "link": "https://www.sec.gov/Archives/edgar/data/1585364/000158536424000141/0001585364-24-000141-index.htm",
        "finalLink": "https://www.sec.gov/Archives/edgar/data/1585364/000158536424000141/prgo-20240928.htm"
    },
    {
        "date": "2024-06-29",
        "symbol": "PRGO",
        "reportedCurrency": "USD",
        "cik": "0001585364",
        "fillingDate": "2024-08-02",
        "acceptedDate": "2024-08-02 16:05:38",
        "calendarYear": "2024",
        "period": "Q2",
        "revenue": 1065500000,
        "costOfRevenue": 670800000,
        "grossProfit": 394700000,
        "grossProfitRatio": 0.3704364148,
        "researchAndDevelopmentExpenses": 29400000,
        "generalAndAdministrativeExpenses": 126100000,
        "sellingAndMarketingExpenses": 174700000,
        "sellingGeneralAndAdministrativeExpenses": 300800000,
        "otherExpenses": 91000000,
        "operatingExpenses": 421200000,
        "costAndExpenses": 1092000000,
        "interestIncome": 0,
        "interestExpense": 44100000,
        "depreciationAndAmortization": 81900000,
        "ebitda": 52000000,
        "ebitdaratio": 0.0488033787,
        "operatingIncome": -26500000,
        "operatingIncomeRatio": -0.0248709526,
        "totalOtherIncomeExpensesNet": -47500000,
        "incomeBeforeTax": -74000000,
        "incomeBeforeTaxRatio": -0.069450962,
        "incomeTaxExpense": 31700000,
        "netIncome": -108400000,
        "netIncomeRatio": -0.101736274,
        "eps": -0.77,
        "epsdiluted": -0.77,
        "weightedAverageShsOut": 137100000,
        "weightedAverageShsOutDil": 137100000,
        "link": "https://www.sec.gov/Archives/edgar/data/1585364/000158536424000113/0001585364-24-000113-index.htm",
        "finalLink": "https://www.sec.gov/Archives/edgar/data/1585364/000158536424000113/prgo-20240629.htm"
    },
    {
        "date": "2024-03-30",
        "symbol": "PRGO",
        "reportedCurrency": "USD",
        "cik": "0001585364",
        "fillingDate": "2024-05-07",
        "acceptedDate": "2024-05-07 10:16:03",
        "calendarYear": "2024",
        "period": "Q1",
        "revenue": 1082100000,
        "costOfRevenue": 724400000,
        "grossProfit": 357700000,
        "grossProfitRatio": 0.3305609463,
        "researchAndDevelopmentExpenses": 29000000,
        "generalAndAdministrativeExpenses": 130400000,
        "sellingAndMarketingExpenses": 175200000,
        "sellingGeneralAndAdministrativeExpenses": 305600000,
        "otherExpenses": 78300000,
        "operatingExpenses": 412900000,
        "costAndExpenses": 1137300000,
        "interestIncome": 0,
        "interestExpense": 43000000,
        "depreciationAndAmortization": 81400000,
        "ebitda": 25800000,
        "ebitdaratio": 0.0238425284,
        "operatingIncome": -55200000,
        "operatingIncomeRatio": -0.0510119213,
        "totalOtherIncomeExpensesNet": -43400000,
        "incomeBeforeTax": -98600000,
        "incomeBeforeTaxRatio": -0.0911191202,
        "incomeTaxExpense": -102700000,
        "netIncome": 2000000,
        "netIncomeRatio": 0.001848258,
        "eps": 0.01,
        "epsdiluted": 0.01,
        "weightedAverageShsOut": 136600000,
        "weightedAverageShsOutDil": 137600000,
        "link": "https://www.sec.gov/Archives/edgar/data/1585364/000158536424000070/0001585364-24-000070-index.htm",
        "finalLink": "https://www.sec.gov/Archives/edgar/data/1585364/000158536424000070/prgo-20240330.htm"
    },
    {
        "date": "2023-12-31",
        "symbol": "PRGO",
        "reportedCurrency": "USD",
        "cik": "0001585364",
        "fillingDate": "2024-02-27",
        "acceptedDate": "2024-02-27 14:20:57",
        "calendarYear": "2023",
        "period": "Q4",
        "revenue": 1156900000,
        "costOfRevenue": 729600000,
        "grossProfit": 427300000,
        "grossProfitRatio": 0.3693491227,
        "researchAndDevelopmentExpenses": 29600000,
        "generalAndAdministrativeExpenses": 128700000,
        "sellingAndMarketingExpenses": 178100000,
        "sellingGeneralAndAdministrativeExpenses": 306800000,
        "otherExpenses": 800000,
        "operatingExpenses": 336400000,
        "costAndExpenses": 1066000000,
        "interestIncome": 0,
        "interestExpense": 42700000,
        "depreciationAndAmortization": 85900000,
        "ebitda": 87600000,
        "ebitdaratio": 0.0757195955,
        "operatingIncome": -15600000,
        "operatingIncomeRatio": -0.0134843115,
        "totalOtherIncomeExpensesNet": -38700000,
        "incomeBeforeTax": -54300000,
        "incomeBeforeTaxRatio": -0.0469357766,
        "incomeTaxExpense": -26600000,
        "netIncome": -32300000,
        "netIncomeRatio": -0.0279194399,
        "eps": -0.24,
        "epsdiluted": -0.24,
        "weightedAverageShsOut": 135500000,
        "weightedAverageShsOutDil": 135500000,
        "link": "https://www.sec.gov/Archives/edgar/data/1585364/000158536424000009/0001585364-24-000009-index.htm",
        "finalLink": "https://www.sec.gov/Archives/edgar/data/1585364/000158536424000009/prgo-20231231.htm"
    },
    {
        "date": "2023-09-30",
        "symbol": "PRGO",
        "reportedCurrency": "USD",
        "cik": "0001585364",
        "fillingDate": "2023-11-07",
        "acceptedDate": "2023-11-07 12:30:32",
        "calendarYear": "2023",
        "period": "Q3",
        "revenue": 1123800000,
        "costOfRevenue": 712600000,
        "grossProfit": 411200000,
        "grossProfitRatio": 0.3659014059,
        "researchAndDevelopmentExpenses": 29600000,
        "generalAndAdministrativeExpenses": 126000000,
        "sellingAndMarketingExpenses": 178000000,
        "sellingGeneralAndAdministrativeExpenses": 304000000,
        "otherExpenses": 600000,
        "operatingExpenses": 333600000,
        "costAndExpenses": 1046200000,
        "interestIncome": 51500000,
        "interestExpense": 43500000,
        "depreciationAndAmortization": 91000000,
        "ebitda": 168900000,
        "ebitdaratio": 0.1502936466,
        "operatingIncome": 62100000,
        "operatingIncomeRatio": 0.0552589429,
        "totalOtherIncomeExpensesNet": -42900000,
        "incomeBeforeTax": 19200000,
        "incomeBeforeTaxRatio": 0.0170848905,
        "incomeTaxExpense": 3800000,
        "netIncome": 14200000,
        "netIncomeRatio": 0.0126357003,
        "eps": 0.11,
        "epsdiluted": 0.11,
        "weightedAverageShsOut": 135500000,
        "weightedAverageShsOutDil": 136900000,
        "link": "https://www.sec.gov/Archives/edgar/data/1585364/000158536423000142/0001585364-23-000142-index.htm",
        "finalLink": "https://www.sec.gov/Archives/edgar/data/1585364/000158536423000142/prgo-20230930.htm"
    },
    {
        "date": "2023-07-01",
        "symbol": "PRGO",
        "reportedCurrency": "USD",
        "cik": "0001585364",
        "fillingDate": "2023-08-08",
        "acceptedDate": "2023-08-08 12:05:59",
        "calendarYear": "2023",
        "period": "Q2",
        "revenue": 1193100000,
        "costOfRevenue": 765100000,
        "grossProfit": 428000000,
        "grossProfitRatio": 0.3587293605,
        "researchAndDevelopmentExpenses": 32200000,
        "generalAndAdministrativeExpenses": 132600000,
        "sellingAndMarketingExpenses": 199700000,
        "sellingGeneralAndAdministrativeExpenses": 332300000,
        "otherExpenses": 0,
        "operatingExpenses": 364500000,
        "costAndExpenses": 1129600000,
        "interestIncome": 50400000,
        "interestExpense": 44000000,
        "depreciationAndAmortization": 93900000,
        "ebitda": 157900000,
        "ebitdaratio": 0.1323443131,
        "operatingIncome": 56800000,
        "operatingIncomeRatio": 0.047607074,
        "totalOtherIncomeExpensesNet": -34300000,
        "incomeBeforeTax": 22500000,
        "incomeBeforeTaxRatio": 0.018858436,
        "incomeTaxExpense": 13600000,
        "netIncome": 8400000,
        "netIncomeRatio": 0.0070404828,
        "eps": 0.0658,
        "epsdiluted": 0.0652,
        "weightedAverageShsOut": 135300000,
        "weightedAverageShsOutDil": 136600000,
        "link": "https://www.sec.gov/Archives/edgar/data/1585364/000158536423000124/0001585364-23-000124-index.htm",
        "finalLink": "https://www.sec.gov/Archives/edgar/data/1585364/000158536423000124/prgo-20230701.htm"
    },
    {
        "date": "2023-04-01",
        "symbol": "PRGO",
        "reportedCurrency": "USD",
        "cik": "0001585364",
        "fillingDate": "2023-05-09",
        "acceptedDate": "2023-05-09 13:05:11",
        "calendarYear": "2023",
        "period": "Q1",
        "revenue": 1181700000,
        "costOfRevenue": 767900000,
        "grossProfit": 413800000,
        "grossProfitRatio": 0.3501734789,
        "researchAndDevelopmentExpenses": 31100000,
        "generalAndAdministrativeExpenses": 135000000,
        "sellingAndMarketingExpenses": 196500000,
        "sellingGeneralAndAdministrativeExpenses": 331500000,
        "otherExpenses": -700000,
        "operatingExpenses": 361900000,
        "costAndExpenses": 1129800000,
        "interestIncome": 37800000,
        "interestExpense": 43700000,
        "depreciationAndAmortization": 88700000,
        "ebitda": 141400000,
        "ebitdaratio": 0.1196581197,
        "operatingIncome": 48500000,
        "operatingIncomeRatio": 0.0410425658,
        "totalOtherIncomeExpensesNet": -44200000,
        "incomeBeforeTax": 4300000,
        "incomeBeforeTaxRatio": 0.0036388254,
        "incomeTaxExpense": 5400000,
        "netIncome": -1100000,
        "netIncomeRatio": -0.0009308623,
        "eps": -0.0082,
        "epsdiluted": -0.0082,
        "weightedAverageShsOut": 134900000,
        "weightedAverageShsOutDil": 134900000,
        "link": "https://www.sec.gov/Archives/edgar/data/1585364/000158536423000058/0001585364-23-000058-index.htm",
        "finalLink": "https://www.sec.gov/Archives/edgar/data/1585364/000158536423000058/prgo-20230401.htm"
    },
    {
        "date": "2022-12-31",
        "symbol": "PRGO",
        "reportedCurrency": "USD",
        "cik": "0001585364",
        "fillingDate": "2023-02-28",
        "acceptedDate": "2023-02-28 15:28:18",
        "calendarYear": "2022",
        "period": "Q4",
        "revenue": 1155300000,
        "costOfRevenue": 772700000,
        "grossProfit": 382600000,
        "grossProfitRatio": 0.3311693932,
        "researchAndDevelopmentExpenses": 32600000,
        "generalAndAdministrativeExpenses": 126300000,
        "sellingAndMarketingExpenses": 182300000,
        "sellingGeneralAndAdministrativeExpenses": 308600000,
        "otherExpenses": 100000,
        "operatingExpenses": 341300000,
        "costAndExpenses": 1114000000,
        "interestIncome": 0,
        "interestExpense": 40900000,
        "depreciationAndAmortization": 97100000,
        "ebitda": 185800000,
        "ebitdaratio": 0.1608240284,
        "operatingIncome": 31000000,
        "operatingIncomeRatio": 0.0268328573,
        "totalOtherIncomeExpensesNet": -45300000,
        "incomeBeforeTax": -14300000,
        "incomeBeforeTaxRatio": -0.0123777374,
        "incomeTaxExpense": -1600000,
        "netIncome": -12700000,
        "netIncomeRatio": -0.0109928157,
        "eps": -0.0943,
        "epsdiluted": -0.0943,
        "weightedAverageShsOut": 134700000,
        "weightedAverageShsOutDil": 134700000,
        "link": "https://www.sec.gov/Archives/edgar/data/1585364/000158536423000006/0001585364-23-000006-index.htm",
        "finalLink": "https://www.sec.gov/Archives/edgar/data/1585364/000158536423000006/prgo-20221231.htm"
    },
    {
        "date": "2022-10-01",
        "symbol": "PRGO",
        "reportedCurrency": "USD",
        "cik": "0001585364",
        "fillingDate": "2022-11-08",
        "acceptedDate": "2022-11-08 13:48:44",
        "calendarYear": "2022",
        "period": "Q3",
        "revenue": 1100200000,
        "costOfRevenue": 737300000,
        "grossProfit": 362900000,
        "grossProfitRatio": 0.3298491183,
        "researchAndDevelopmentExpenses": 29800000,
        "generalAndAdministrativeExpenses": 105900000,
        "sellingAndMarketingExpenses": 175100000,
        "sellingGeneralAndAdministrativeExpenses": 281000000,
        "otherExpenses": -100000,
        "operatingExpenses": 310700000,
        "costAndExpenses": 1048000000,
        "interestIncome": 34200000,
        "interestExpense": 41000000,
        "depreciationAndAmortization": 88500000,
        "ebitda": 144700000,
        "ebitdaratio": 0.1315215415,
        "operatingIncome": 56200000,
        "operatingIncomeRatio": 0.0510816215,
        "totalOtherIncomeExpensesNet": -36600000,
        "incomeBeforeTax": -3500000,
        "incomeBeforeTaxRatio": -0.0031812398,
        "incomeTaxExpense": 48600000,
        "netIncome": -52100000,
        "netIncomeRatio": -0.0473550264,
        "eps": -0.39,
        "epsdiluted": -0.39,
        "weightedAverageShsOut": 133589743,
        "weightedAverageShsOutDil": 134600000,
        "link": "https://www.sec.gov/Archives/edgar/data/1585364/000158536422000098/0001585364-22-000098-index.htm",
        "finalLink": "https://www.sec.gov/Archives/edgar/data/1585364/000158536422000098/prgo-20221001.htm"
    },
    {
        "date": "2022-07-02",
        "symbol": "PRGO",
        "reportedCurrency": "USD",
        "cik": "0001585364",
        "fillingDate": "2022-08-09",
        "acceptedDate": "2022-08-09 15:56:15",
        "calendarYear": "2022",
        "period": "Q2",
        "revenue": 1121700000,
        "costOfRevenue": 749600000,
        "grossProfit": 372100000,
        "grossProfitRatio": 0.3317286262,
        "researchAndDevelopmentExpenses": 31500000,
        "generalAndAdministrativeExpenses": 157800000,
        "sellingAndMarketingExpenses": 180300000,
        "sellingGeneralAndAdministrativeExpenses": 338100000,
        "otherExpenses": -100000,
        "operatingExpenses": 369500000,
        "costAndExpenses": 1119100000,
        "interestIncome": 0,
        "interestExpense": 38300000,
        "depreciationAndAmortization": 83500000,
        "ebitda": 11100000,
        "ebitdaratio": 0.009895694,
        "operatingIncome": -51200000,
        "operatingIncomeRatio": -0.0456450031,
        "totalOtherIncomeExpensesNet": -101400000,
        "incomeBeforeTax": -108300000,
        "incomeBeforeTaxRatio": -0.0965498796,
        "incomeTaxExpense": -43400000,
        "netIncome": -64900000,
        "netIncomeRatio": -0.0578586075,
        "eps": -0.48,
        "epsdiluted": -0.48,
        "weightedAverageShsOut": 134600000,
        "weightedAverageShsOutDil": 134600000,
        "link": "https://www.sec.gov/Archives/edgar/data/1585364/000158536422000087/0001585364-22-000087-index.htm",
        "finalLink": "https://www.sec.gov/Archives/edgar/data/1585364/000158536422000087/prgo-20220702.htm"
    },
    {
        "date": "2022-04-02",
        "symbol": "PRGO",
        "reportedCurrency": "USD",
        "cik": "0001585364",
        "fillingDate": "2022-05-11",
        "acceptedDate": "2022-05-11 15:50:46",
        "calendarYear": "2022",
        "period": "Q1",
        "revenue": 1074500000,
        "costOfRevenue": 736700000,
        "grossProfit": 337800000,
        "grossProfitRatio": 0.3143787808,
        "researchAndDevelopmentExpenses": 29300000,
        "generalAndAdministrativeExpenses": 122300000,
        "sellingAndMarketingExpenses": 160000000,
        "sellingGeneralAndAdministrativeExpenses": 282300000,
        "otherExpenses": 900000,
        "operatingExpenses": 312500000,
        "costAndExpenses": 1049200000,
        "interestIncome": 0,
        "interestExpense": 35800000,
        "depreciationAndAmortization": 69500000,
        "ebitda": 92600000,
        "ebitdaratio": 0.0861796184,
        "operatingIncome": 21700000,
        "operatingIncomeRatio": 0.0201954397,
        "totalOtherIncomeExpensesNet": -34700000,
        "incomeBeforeTax": -13000000,
        "incomeBeforeTaxRatio": -0.0120986505,
        "incomeTaxExpense": -11700000,
        "netIncome": -1300000,
        "netIncomeRatio": -0.0012098651,
        "eps": -0.01,
        "epsdiluted": -0.0097,
        "weightedAverageShsOut": 130000000,
        "weightedAverageShsOutDil": 134000000,
        "link": "https://www.sec.gov/Archives/edgar/data/1585364/000158536422000040/0001585364-22-000040-index.htm",
        "finalLink": "https://www.sec.gov/Archives/edgar/data/1585364/000158536422000040/prgo-20220402.htm"
    },
    {
        "date": "2021-12-31",
        "symbol": "PRGO",
        "reportedCurrency": "USD",
        "cik": "0001585364",
        "fillingDate": "2022-03-01",
        "acceptedDate": "2022-03-01 14:52:42",
        "calendarYear": "2021",
        "period": "Q4",
        "revenue": 1104900000,
        "costOfRevenue": 742500000,
        "grossProfit": 362400000,
        "grossProfitRatio": 0.3279934836,
        "researchAndDevelopmentExpenses": 30300000,
        "generalAndAdministrativeExpenses": 113900000,
        "sellingAndMarketingExpenses": 155400000,
        "sellingGeneralAndAdministrativeExpenses": 269300000,
        "otherExpenses": 0,
        "operatingExpenses": 299600000,
        "costAndExpenses": 1042100000,
        "interestIncome": 0,
        "interestExpense": 30500000,
        "depreciationAndAmortization": 73400000,
        "ebitda": 112300000,
        "ebitdaratio": 0.1016381573,
        "operatingIncome": 46700000,
        "operatingIncomeRatio": 0.0422662684,
        "totalOtherIncomeExpensesNet": -36800000,
        "incomeBeforeTax": 9900000,
        "incomeBeforeTaxRatio": 0.0089600869,
        "incomeTaxExpense": -22200000,
        "netIncome": 9600000,
        "netIncomeRatio": 0.0086885691,
        "eps": 0.24,
        "epsdiluted": 0.24,
        "weightedAverageShsOut": 133600000,
        "weightedAverageShsOutDil": 133600000,
        "link": "https://www.sec.gov/Archives/edgar/data/1585364/000158536422000011/0001585364-22-000011-index.htm",
        "finalLink": "https://www.sec.gov/Archives/edgar/data/1585364/000158536422000011/prgo-20211231.htm"
    },
    {
        "date": "2021-10-02",
        "symbol": "PRGO",
        "reportedCurrency": "USD",
        "cik": "0001585364",
        "fillingDate": "2021-11-12",
        "acceptedDate": "2021-11-12 10:19:37",
        "calendarYear": "2021",
        "period": "Q3",
        "revenue": 1042700000,
        "costOfRevenue": 706300000,
        "grossProfit": 336400000,
        "grossProfitRatio": 0.322623957,
        "researchAndDevelopmentExpenses": 27600000,
        "generalAndAdministrativeExpenses": 130600000,
        "sellingAndMarketingExpenses": 153000000,
        "sellingGeneralAndAdministrativeExpenses": 283600000,
        "otherExpenses": -18500000,
        "operatingExpenses": -106400000,
        "costAndExpenses": 599900000,
        "interestIncome": 0,
        "interestExpense": 30900000,
        "depreciationAndAmortization": 73500000,
        "ebitda": 492200000,
        "ebitdaratio": 0.4720437326,
        "operatingIncome": 438300000,
        "operatingIncomeRatio": 0.4203510118,
        "totalOtherIncomeExpensesNet": -49400000,
        "incomeBeforeTax": 388900000,
        "incomeBeforeTaxRatio": 0.3729740098,
        "incomeTaxExpense": 442800000,
        "netIncome": -58900000,
        "netIncomeRatio": -0.0564879639,
        "eps": -0.44,
        "epsdiluted": -0.44,
        "weightedAverageShsOut": 133800000,
        "weightedAverageShsOutDil": 133800000,
        "link": "https://www.sec.gov/Archives/edgar/data/1585364/000158536421000112/0001585364-21-000112-index.htm",
        "finalLink": "https://www.sec.gov/Archives/edgar/data/1585364/000158536421000112/prgo-20211002.htm"
    },
    {
        "date": "2021-07-03",
        "symbol": "PRGO",
        "reportedCurrency": "USD",
        "cik": "0001585364",
        "fillingDate": "2021-08-11",
        "acceptedDate": "2021-08-11 16:25:30",
        "calendarYear": "2021",
        "period": "Q2",
        "revenue": 981100000,
        "costOfRevenue": 632100000,
        "grossProfit": 349000000,
        "grossProfitRatio": 0.3557231679,
        "researchAndDevelopmentExpenses": 33000000,
        "generalAndAdministrativeExpenses": 110400000,
        "sellingAndMarketingExpenses": 163900000,
        "sellingGeneralAndAdministrativeExpenses": 274300000,
        "otherExpenses": 400000,
        "operatingExpenses": 307300000,
        "costAndExpenses": 939400000,
        "interestIncome": 0,
        "interestExpense": 31600000,
        "depreciationAndAmortization": 74900000,
        "ebitda": -49900000,
        "ebitdaratio": -0.0508612782,
        "operatingIncome": -125900000,
        "operatingIncomeRatio": -0.1283253491,
        "totalOtherIncomeExpensesNet": -31200000,
        "incomeBeforeTax": -157100000,
        "incomeBeforeTaxRatio": -0.1601263887,
        "incomeTaxExpense": -45200000,
        "netIncome": -57700000,
        "netIncomeRatio": -0.0588115381,
        "eps": -0.43,
        "epsdiluted": -0.43,
        "weightedAverageShsOut": 133214285,
        "weightedAverageShsOutDil": 133600000,
        "link": "https://www.sec.gov/Archives/edgar/data/1585364/000158536421000102/0001585364-21-000102-index.htm",
        "finalLink": "https://www.sec.gov/Archives/edgar/data/1585364/000158536421000102/prgo-20210703.htm"
    },
    {
        "date": "2021-04-03",
        "symbol": "PRGO",
        "reportedCurrency": "USD",
        "cik": "0001585364",
        "fillingDate": "2021-05-12",
        "acceptedDate": "2021-05-12 16:59:01",
        "calendarYear": "2021",
        "period": "Q1",
        "revenue": 1010000000,
        "costOfRevenue": 641600000,
        "grossProfit": 368400000,
        "grossProfitRatio": 0.3647524752,
        "researchAndDevelopmentExpenses": 31100000,
        "generalAndAdministrativeExpenses": 127100000,
        "sellingAndMarketingExpenses": 157100000,
        "sellingGeneralAndAdministrativeExpenses": 284200000,
        "otherExpenses": -2400000,
        "operatingExpenses": 315300000,
        "costAndExpenses": 956900000,
        "interestIncome": 0,
        "interestExpense": 32000000,
        "depreciationAndAmortization": 90400000,
        "ebitda": 143500000,
        "ebitdaratio": 0.1420792079,
        "operatingIncome": 51400000,
        "operatingIncomeRatio": 0.0508910891,
        "totalOtherIncomeExpensesNet": -34400000,
        "incomeBeforeTax": 17000000,
        "incomeBeforeTaxRatio": 0.0168316832,
        "incomeTaxExpense": 14200000,
        "netIncome": 38100000,
        "netIncomeRatio": 0.0377227723,
        "eps": 0.29,
        "epsdiluted": 0.28,
        "weightedAverageShsOut": 133200000,
        "weightedAverageShsOutDil": 134600000,
        "link": "https://www.sec.gov/Archives/edgar/data/1585364/000158536421000067/0001585364-21-000067-index.htm",
        "finalLink": "https://www.sec.gov/Archives/edgar/data/1585364/000158536421000067/prgo-20210403.htm"
    },
    {
        "date": "2020-12-31",
        "symbol": "PRGO",
        "reportedCurrency": "USD",
        "cik": "0001585364",
        "fillingDate": "2021-03-01",
        "acceptedDate": "2021-03-01 15:52:08",
        "calendarYear": "2020",
        "period": "Q4",
        "revenue": 1289500000,
        "costOfRevenue": 820300000,
        "grossProfit": 469200000,
        "grossProfitRatio": 0.363861962,
        "researchAndDevelopmentExpenses": 46100000,
        "generalAndAdministrativeExpenses": 138200000,
        "sellingAndMarketingExpenses": 191800000,
        "sellingGeneralAndAdministrativeExpenses": 330000000,
        "otherExpenses": -100000,
        "operatingExpenses": 375400000,
        "costAndExpenses": 1195700000,
        "interestIncome": 0,
        "interestExpense": 27400000,
        "depreciationAndAmortization": 100100000,
        "ebitda": -67900000,
        "ebitdaratio": -0.0526560682,
        "operatingIncome": -52200000,
        "operatingIncomeRatio": -0.0404808065,
        "totalOtherIncomeExpensesNet": -245800000,
        "incomeBeforeTax": -208200000,
        "incomeBeforeTaxRatio": -0.1614579294,
        "incomeTaxExpense": -33200000,
        "netIncome": -175000000,
        "netIncomeRatio": -0.1357115161,
        "eps": -1.29,
        "epsdiluted": -1.29,
        "weightedAverageShsOut": 135500000,
        "weightedAverageShsOutDil": 136000000,
        "link": "https://www.sec.gov/Archives/edgar/data/1585364/000158536421000012/0001585364-21-000012-index.htm",
        "finalLink": "https://www.sec.gov/Archives/edgar/data/1585364/000158536421000012/prgo-20201231.htm"
    },
    {
        "date": "2020-09-26",
        "symbol": "PRGO",
        "reportedCurrency": "USD",
        "cik": "0001585364",
        "fillingDate": "2020-11-05",
        "acceptedDate": "2020-11-05 08:17:05",
        "calendarYear": "2020",
        "period": "Q3",
        "revenue": 1213700000,
        "costOfRevenue": 785600000,
        "grossProfit": 428100000,
        "grossProfitRatio": 0.3527230782,
        "researchAndDevelopmentExpenses": 42600000,
        "generalAndAdministrativeExpenses": 116400000,
        "sellingAndMarketingExpenses": 164600000,
        "sellingGeneralAndAdministrativeExpenses": 281000000,
        "otherExpenses": -400000,
        "operatingExpenses": 320400000,
        "costAndExpenses": 1106000000,
        "interestIncome": 0,
        "interestExpense": 33300000,
        "depreciationAndAmortization": 96900000,
        "ebitda": 176200000,
        "ebitdaratio": 0.1451759084,
        "operatingIncome": -95500000,
        "operatingIncomeRatio": -0.0786850128,
        "totalOtherIncomeExpensesNet": -206200000,
        "incomeBeforeTax": -127700000,
        "incomeBeforeTaxRatio": -0.1052154569,
        "incomeTaxExpense": 26900000,
        "netIncome": -154600000,
        "netIncomeRatio": -0.1273790887,
        "eps": -1.13,
        "epsdiluted": -1.12,
        "weightedAverageShsOut": 136500000,
        "weightedAverageShsOutDil": 137600000,
        "link": "https://www.sec.gov/Archives/edgar/data/1585364/000158536420000096/0001585364-20-000096-index.htm",
        "finalLink": "https://www.sec.gov/Archives/edgar/data/1585364/000158536420000096/cy20q310q.htm"
    },
    {
        "date": "2020-06-27",
        "symbol": "PRGO",
        "reportedCurrency": "USD",
        "cik": "0001585364",
        "fillingDate": "2020-08-05",
        "acceptedDate": "2020-08-05 12:06:49",
        "calendarYear": "2020",
        "period": "Q2",
        "revenue": 1219100000,
        "costOfRevenue": 784400000,
        "grossProfit": 434700000,
        "grossProfitRatio": 0.3565745222,
        "researchAndDevelopmentExpenses": 47100000,
        "generalAndAdministrativeExpenses": 118800000,
        "sellingAndMarketingExpenses": 151200000,
        "sellingGeneralAndAdministrativeExpenses": 270000000,
        "otherExpenses": 0,
        "operatingExpenses": 316200000,
        "costAndExpenses": 1100600000,
        "interestIncome": 0,
        "interestExpense": 32200000,
        "depreciationAndAmortization": 94700000,
        "ebitda": 158100000,
        "ebitdaratio": 0.1296858338,
        "operatingIncome": 117400000,
        "operatingIncomeRatio": 0.0963005496,
        "totalOtherIncomeExpensesNet": 9100000,
        "incomeBeforeTax": 71800000,
        "incomeBeforeTaxRatio": 0.0588959068,
        "incomeTaxExpense": 11200000,
        "netIncome": 60600000,
        "netIncomeRatio": 0.0497088016,
        "eps": 0.44,
        "epsdiluted": 0.44,
        "weightedAverageShsOut": 136400000,
        "weightedAverageShsOutDil": 137500000,
        "link": "https://www.sec.gov/Archives/edgar/data/1585364/000158536420000083/0001585364-20-000083-index.htm",
        "finalLink": "https://www.sec.gov/Archives/edgar/data/1585364/000158536420000083/cy20q210q.htm"
    },
    {
        "date": "2020-03-28",
        "symbol": "PRGO",
        "reportedCurrency": "USD",
        "cik": "0001585364",
        "fillingDate": "2020-05-05",
        "acceptedDate": "2020-05-05 12:06:08",
        "calendarYear": "2020",
        "period": "Q1",
        "revenue": 1341000000,
        "costOfRevenue": 857800000,
        "grossProfit": 483200000,
        "grossProfitRatio": 0.3603281133,
        "researchAndDevelopmentExpenses": 41900000,
        "generalAndAdministrativeExpenses": 122600000,
        "sellingAndMarketingExpenses": 171900000,
        "sellingGeneralAndAdministrativeExpenses": 294500000,
        "otherExpenses": 0,
        "operatingExpenses": 337500000,
        "costAndExpenses": 1195300000,
        "interestIncome": 0,
        "interestExpense": 28900000,
        "depreciationAndAmortization": 93100000,
        "ebitda": 179400000,
        "ebitdaratio": 0.1337807606,
        "operatingIncome": 145700000,
        "operatingIncomeRatio": 0.108650261,
        "totalOtherIncomeExpensesNet": -31000000,
        "incomeBeforeTax": 114700000,
        "incomeBeforeTaxRatio": 0.0855331842,
        "incomeTaxExpense": 8300000,
        "netIncome": 106400000,
        "netIncomeRatio": 0.0793437733,
        "eps": 0.78,
        "epsdiluted": 0.77,
        "weightedAverageShsOut": 136200000,
        "weightedAverageShsOutDil": 137300000,
        "link": "https://www.sec.gov/Archives/edgar/data/1585364/000158536420000049/0001585364-20-000049-index.htm",
        "finalLink": "https://www.sec.gov/Archives/edgar/data/1585364/000158536420000049/cy20q110q.htm"
    },
    {
        "date": "2019-12-31",
        "symbol": "PRGO",
        "reportedCurrency": "USD",
        "cik": "0001585364",
        "fillingDate": "2020-02-27",
        "acceptedDate": "2020-02-27 12:31:11",
        "calendarYear": "2019",
        "period": "Q4",
        "revenue": 1322800000,
        "costOfRevenue": 842000000,
        "grossProfit": 480800000,
        "grossProfitRatio": 0.3634714243,
        "researchAndDevelopmentExpenses": 59400000,
        "generalAndAdministrativeExpenses": 118800000,
        "sellingAndMarketingExpenses": 169800000,
        "sellingGeneralAndAdministrativeExpenses": 288600000,
        "otherExpenses": 400000,
        "operatingExpenses": 346500000,
        "costAndExpenses": 1188500000,
        "interestIncome": 6200000,
        "interestExpense": 35700000,
        "depreciationAndAmortization": 103000000,
        "ebitda": 226300000,
        "ebitdaratio": 0.1710765044,
        "operatingIncome": -6900000,
        "operatingIncomeRatio": -0.005216208,
        "totalOtherIncomeExpensesNet": -27300000,
        "incomeBeforeTax": -34200000,
        "incomeBeforeTaxRatio": -0.0258542486,
        "incomeTaxExpense": -15200000,
        "netIncome": -19000000,
        "netIncomeRatio": -0.0143634714,
        "eps": -0.14,
        "epsdiluted": -0.14,
        "weightedAverageShsOut": 136000000,
        "weightedAverageShsOutDil": 137300000,
        "link": "https://www.sec.gov/Archives/edgar/data/1585364/000158536420000013/0001585364-20-000013-index.htm",
        "finalLink": "https://www.sec.gov/Archives/edgar/data/1585364/000158536420000013/cy19q410k.htm"
    },
    {
        "date": "2019-09-28",
        "symbol": "PRGO",
        "reportedCurrency": "USD",
        "cik": "0001585364",
        "fillingDate": "2019-11-06",
        "acceptedDate": "2019-11-06 10:11:48",
        "calendarYear": "2019",
        "period": "Q3",
        "revenue": 1191100000,
        "costOfRevenue": 778300000,
        "grossProfit": 412800000,
        "grossProfitRatio": 0.3465703971,
        "researchAndDevelopmentExpenses": 44000000,
        "generalAndAdministrativeExpenses": 131900000,
        "sellingAndMarketingExpenses": 157500000,
        "sellingGeneralAndAdministrativeExpenses": 289400000,
        "otherExpenses": 71000000,
        "operatingExpenses": 342300000,
        "costAndExpenses": 1120600000,
        "interestIncome": 0,
        "interestExpense": 30500000,
        "depreciationAndAmortization": 102000000,
        "ebitda": 186100000,
        "ebitdaratio": 0.1562421291,
        "operatingIncome": 54400000,
        "operatingIncomeRatio": 0.0456720678,
        "totalOtherIncomeExpensesNet": 42900000,
        "incomeBeforeTax": 97300000,
        "incomeBeforeTaxRatio": 0.0816891949,
        "incomeTaxExpense": 5100000,
        "netIncome": 92200000,
        "netIncomeRatio": 0.0774074385,
        "eps": 0.68,
        "epsdiluted": 0.67,
        "weightedAverageShsOut": 136000000,
        "weightedAverageShsOutDil": 136800000,
        "link": "https://www.sec.gov/Archives/edgar/data/1585364/000158536419000108/0001585364-19-000108-index.htm",
        "finalLink": "https://www.sec.gov/Archives/edgar/data/1585364/000158536419000108/cy19q310q.htm"
    },
    {
        "date": "2019-06-29",
        "symbol": "PRGO",
        "reportedCurrency": "USD",
        "cik": "0001585364",
        "fillingDate": "2019-08-08",
        "acceptedDate": "2019-08-08 11:50:05",
        "calendarYear": "2019",
        "period": "Q2",
        "revenue": 1149000000,
        "costOfRevenue": 718200000,
        "grossProfit": 430800000,
        "grossProfitRatio": 0.3749347258,
        "researchAndDevelopmentExpenses": 43900000,
        "generalAndAdministrativeExpenses": 127200000,
        "sellingAndMarketingExpenses": 163800000,
        "sellingGeneralAndAdministrativeExpenses": 291000000,
        "otherExpenses": -2300000,
        "operatingExpenses": 335800000,
        "costAndExpenses": 1054000000,
        "interestIncome": 0,
        "interestExpense": 31200000,
        "depreciationAndAmortization": 94900000,
        "ebitda": 189900000,
        "ebitdaratio": 0.1652741514,
        "operatingIncome": 55000000,
        "operatingIncomeRatio": 0.0478677111,
        "totalOtherIncomeExpensesNet": -28000000,
        "incomeBeforeTax": 27000000,
        "incomeBeforeTaxRatio": 0.0234986945,
        "incomeTaxExpense": 18000000,
        "netIncome": 9000000,
        "netIncomeRatio": 0.0078328982,
        "eps": 0.07,
        "epsdiluted": 0.07,
        "weightedAverageShsOut": 136000000,
        "weightedAverageShsOutDil": 136500000,
        "link": "https://www.sec.gov/Archives/edgar/data/1585364/000158536419000083/0001585364-19-000083-index.htm",
        "finalLink": "https://www.sec.gov/Archives/edgar/data/1585364/000158536419000083/cy19q210q.htm"
    },
    {
        "date": "2019-03-30",
        "symbol": "PRGO",
        "reportedCurrency": "USD",
        "cik": "0001585364",
        "fillingDate": "2019-05-09",
        "acceptedDate": "2019-05-09 17:01:37",
        "calendarYear": "2019",
        "period": "Q1",
        "revenue": 1174500000,
        "costOfRevenue": 725700000,
        "grossProfit": 448800000,
        "grossProfitRatio": 0.3821200511,
        "researchAndDevelopmentExpenses": 40200000,
        "generalAndAdministrativeExpenses": 125100000,
        "sellingAndMarketingExpenses": 171900000,
        "sellingGeneralAndAdministrativeExpenses": 297000000,
        "otherExpenses": -3200000,
        "operatingExpenses": 333100000,
        "costAndExpenses": 1058800000,
        "interestIncome": 0,
        "interestExpense": 28600000,
        "depreciationAndAmortization": 96600000,
        "ebitda": 212300000,
        "ebitdaratio": 0.1807577693,
        "operatingIncome": 102300000,
        "operatingIncomeRatio": 0.087100894,
        "totalOtherIncomeExpensesNet": -21400000,
        "incomeBeforeTax": 80900000,
        "incomeBeforeTaxRatio": 0.0688803746,
        "incomeTaxExpense": 17000000,
        "netIncome": 63900000,
        "netIncomeRatio": 0.0544061303,
        "eps": 0.47,
        "epsdiluted": 0.47,
        "weightedAverageShsOut": 135900000,
        "weightedAverageShsOutDil": 136200000,
        "link": "https://www.sec.gov/Archives/edgar/data/1585364/000158536419000056/0001585364-19-000056-index.htm",
        "finalLink": "https://www.sec.gov/Archives/edgar/data/1585364/000158536419000056/cy19q110q.htm"
    },
    {
        "date": "2018-12-31",
        "symbol": "PRGO",
        "reportedCurrency": "USD",
        "cik": "0001585364",
        "fillingDate": "2019-02-27",
        "acceptedDate": "2019-02-27 17:15:05",
        "calendarYear": "2018",
        "period": "Q4",
        "revenue": 1195200000,
        "costOfRevenue": 752200000,
        "grossProfit": 443000000,
        "grossProfitRatio": 0.3706492637,
        "researchAndDevelopmentExpenses": 44600000,
        "generalAndAdministrativeExpenses": 125900000,
        "sellingAndMarketingExpenses": 167700000,
        "sellingGeneralAndAdministrativeExpenses": 293600000,
        "otherExpenses": 0,
        "operatingExpenses": 336800000,
        "costAndExpenses": 1089000000,
        "interestIncome": 0,
        "interestExpense": 0,
        "depreciationAndAmortization": 99600000,
        "ebitda": 207800000,
        "ebitdaratio": 0.1738621151,
        "operatingIncome": 107500000,
        "operatingIncomeRatio": 0.0899431058,
        "totalOtherIncomeExpensesNet": 96200000,
        "incomeBeforeTax": 203700000,
        "incomeBeforeTaxRatio": 0.1704317269,
        "incomeTaxExpense": 122300000,
        "netIncome": 81400000,
        "netIncomeRatio": 0.0681057564,
        "eps": 0.6,
        "epsdiluted": 0.6,
        "weightedAverageShsOut": 135700000,
        "weightedAverageShsOutDil": 136200000,
        "link": "https://www.sec.gov/Archives/edgar/data/1585364/000158536419000016/0001585364-19-000016-index.htm",
        "finalLink": "https://www.sec.gov/Archives/edgar/data/1585364/000158536419000016/cy18q410k.htm"
    },
    {
        "date": "2018-09-29",
        "symbol": "PRGO",
        "reportedCurrency": "USD",
        "cik": "0001585364",
        "fillingDate": "2018-11-08",
        "acceptedDate": "2018-11-08 09:58:24",
        "calendarYear": "2018",
        "period": "Q3",
        "revenue": 1133100000,
        "costOfRevenue": 708300000,
        "grossProfit": 424800000,
        "grossProfitRatio": 0.3749007149,
        "researchAndDevelopmentExpenses": 43700000,
        "generalAndAdministrativeExpenses": 105600000,
        "sellingAndMarketingExpenses": 157200000,
        "sellingGeneralAndAdministrativeExpenses": 262800000,
        "otherExpenses": -200000,
        "operatingExpenses": 307000000,
        "costAndExpenses": 1015300000,
        "interestIncome": 0,
        "interestExpense": 31700000,
        "depreciationAndAmortization": 106200000,
        "ebitda": 224000000,
        "ebitdaratio": 0.1976877592,
        "operatingIncome": -122000000,
        "operatingIncomeRatio": -0.107669226,
        "totalOtherIncomeExpensesNet": 43000000,
        "incomeBeforeTax": -79000000,
        "incomeBeforeTaxRatio": -0.0697202365,
        "incomeTaxExpense": -11500000,
        "netIncome": -67500000,
        "netIncomeRatio": -0.0595710882,
        "eps": -0.49,
        "epsdiluted": -0.49,
        "weightedAverageShsOut": 137400000,
        "weightedAverageShsOutDil": 137400000,
        "link": "https://www.sec.gov/Archives/edgar/data/1585364/000158536418000093/0001585364-18-000093-index.htm",
        "finalLink": "https://www.sec.gov/Archives/edgar/data/1585364/000158536418000093/cy18q310q.htm"
    },
    {
        "date": "2018-06-30",
        "symbol": "PRGO",
        "reportedCurrency": "USD",
        "cik": "0001585364",
        "fillingDate": "2018-08-09",
        "acceptedDate": "2018-08-09 09:48:14",
        "calendarYear": "2018",
        "period": "Q2",
        "revenue": 1186400000,
        "costOfRevenue": 715400000,
        "grossProfit": 471000000,
        "grossProfitRatio": 0.3969993257,
        "researchAndDevelopmentExpenses": 91900000,
        "generalAndAdministrativeExpenses": 96800000,
        "sellingAndMarketingExpenses": 179000000,
        "sellingGeneralAndAdministrativeExpenses": 275800000,
        "otherExpenses": 0,
        "operatingExpenses": 370900000,
        "costAndExpenses": 1086300000,
        "interestIncome": 0,
        "interestExpense": 32100000,
        "depreciationAndAmortization": 108300000,
        "ebitda": 208400000,
        "ebitdaratio": 0.1756574511,
        "operatingIncome": 94700000,
        "operatingIncomeRatio": 0.0798213082,
        "totalOtherIncomeExpensesNet": -39400000,
        "incomeBeforeTax": 55300000,
        "incomeBeforeTaxRatio": 0.0466115981,
        "incomeTaxExpense": 19100000,
        "netIncome": 36200000,
        "netIncomeRatio": 0.0305124747,
        "eps": 0.26,
        "epsdiluted": 0.26,
        "weightedAverageShsOut": 138100000,
        "weightedAverageShsOutDil": 138700000,
        "link": "https://www.sec.gov/Archives/edgar/data/1585364/000158536418000071/0001585364-18-000071-index.htm",
        "finalLink": "https://www.sec.gov/Archives/edgar/data/1585364/000158536418000071/cy18q210q.htm"
    },
    {
        "date": "2018-03-31",
        "symbol": "PRGO",
        "reportedCurrency": "USD",
        "cik": "0001585364",
        "fillingDate": "2018-05-08",
        "acceptedDate": "2018-05-08 11:38:17",
        "calendarYear": "2018",
        "period": "Q1",
        "revenue": 1217000000,
        "costOfRevenue": 724300000,
        "grossProfit": 492700000,
        "grossProfitRatio": 0.4048479869,
        "researchAndDevelopmentExpenses": 38400000,
        "generalAndAdministrativeExpenses": 107600000,
        "sellingAndMarketingExpenses": 186000000,
        "sellingGeneralAndAdministrativeExpenses": 293600000,
        "otherExpenses": 0,
        "operatingExpenses": 334900000,
        "costAndExpenses": 1059200000,
        "interestIncome": 0,
        "interestExpense": 31400000,
        "depreciationAndAmortization": 109500000,
        "ebitda": 267300000,
        "ebitdaratio": 0.2196384552,
        "operatingIncome": 156300000,
        "operatingIncomeRatio": 0.128430567,
        "totalOtherIncomeExpensesNet": -45800000,
        "incomeBeforeTax": 110500000,
        "incomeBeforeTaxRatio": 0.0907970419,
        "incomeTaxExpense": 29700000,
        "netIncome": 80800000,
        "netIncomeRatio": 0.0663927691,
        "eps": 0.57,
        "epsdiluted": 0.57,
        "weightedAverageShsOut": 140800000,
        "weightedAverageShsOutDil": 141400000,
        "link": "https://www.sec.gov/Archives/edgar/data/1585364/000158536418000030/0001585364-18-000030-index.htm",
        "finalLink": "https://www.sec.gov/Archives/edgar/data/1585364/000158536418000030/cy18q110q.htm"
    },
    {
        "date": "2017-12-31",
        "symbol": "PRGO",
        "reportedCurrency": "USD",
        "cik": "0001585364",
        "fillingDate": "2018-03-01",
        "acceptedDate": "2018-03-01 16:58:53",
        "calendarYear": "2017",
        "period": "Q4",
        "revenue": 1283100000,
        "costOfRevenue": 770300000,
        "grossProfit": 512800000,
        "grossProfitRatio": 0.3996570805,
        "researchAndDevelopmentExpenses": 46900000,
        "generalAndAdministrativeExpenses": 134200000,
        "sellingAndMarketingExpenses": 167100000,
        "sellingGeneralAndAdministrativeExpenses": 301300000,
        "otherExpenses": 0,
        "operatingExpenses": 347800000,
        "costAndExpenses": 1118100000,
        "interestIncome": 0,
        "interestExpense": 0,
        "depreciationAndAmortization": 111700000,
        "ebitda": 283800000,
        "ebitdaratio": 0.2211830722,
        "operatingIncome": 158600000,
        "operatingIncomeRatio": 0.1236068896,
        "totalOtherIncomeExpensesNet": -26700000,
        "incomeBeforeTax": 131900000,
        "incomeBeforeTaxRatio": 0.1027979113,
        "incomeTaxExpense": 58700000,
        "netIncome": 73200000,
        "netIncomeRatio": 0.0570493336,
        "eps": 0.52,
        "epsdiluted": 0.52,
        "weightedAverageShsOut": 140800000,
        "weightedAverageShsOutDil": 140800000,
        "link": "https://www.sec.gov/Archives/edgar/data/1585364/000158536418000015/0001585364-18-000015-index.htm",
        "finalLink": "https://www.sec.gov/Archives/edgar/data/1585364/000158536418000015/cy17q410k.htm"
    },
    {
        "date": "2017-09-30",
        "symbol": "PRGO",
        "reportedCurrency": "USD",
        "cik": "0001585364",
        "fillingDate": "2017-11-09",
        "acceptedDate": "2017-11-09 11:49:19",
        "calendarYear": "2017",
        "period": "Q3",
        "revenue": 1231300000,
        "costOfRevenue": 733500000,
        "grossProfit": 497800000,
        "grossProfitRatio": 0.4042881507,
        "researchAndDevelopmentExpenses": 38400000,
        "generalAndAdministrativeExpenses": 123300000,
        "sellingAndMarketingExpenses": 165000000,
        "sellingGeneralAndAdministrativeExpenses": 288300000,
        "otherExpenses": 0,
        "operatingExpenses": 323800000,
        "costAndExpenses": 1057300000,
        "interestIncome": 0,
        "interestExpense": 34700000,
        "depreciationAndAmortization": 112300000,
        "ebitda": 283400000,
        "ebitdaratio": 0.2301632421,
        "operatingIncome": 162400000,
        "operatingIncomeRatio": 0.1318931211,
        "totalOtherIncomeExpensesNet": -33700000,
        "incomeBeforeTax": 128700000,
        "incomeBeforeTaxRatio": 0.1045236742,
        "incomeTaxExpense": 84200000,
        "netIncome": 44500000,
        "netIncomeRatio": 0.0361406643,
        "eps": 0.31,
        "epsdiluted": 0.31,
        "weightedAverageShsOut": 141300000,
        "weightedAverageShsOutDil": 141700000,
        "link": "https://www.sec.gov/Archives/edgar/data/1585364/000158536417000159/0001585364-17-000159-index.htm",
        "finalLink": "https://www.sec.gov/Archives/edgar/data/1585364/000158536417000159/cy17q310q.htm"
    },
    {
        "date": "2017-07-01",
        "symbol": "PRGO",
        "reportedCurrency": "USD",
        "cik": "0001585364",
        "fillingDate": "2017-08-10",
        "acceptedDate": "2017-08-10 09:29:20",
        "calendarYear": "2017",
        "period": "Q2",
        "revenue": 1237900000,
        "costOfRevenue": 733300000,
        "grossProfit": 504600000,
        "grossProfitRatio": 0.4076258179,
        "researchAndDevelopmentExpenses": 42600000,
        "generalAndAdministrativeExpenses": 98200000,
        "sellingAndMarketingExpenses": 177200000,
        "sellingGeneralAndAdministrativeExpenses": 275400000,
        "otherExpenses": 0,
        "operatingExpenses": 316300000,
        "costAndExpenses": 1049600000,
        "interestIncome": 0,
        "interestExpense": 45100000,
        "depreciationAndAmortization": 111400000,
        "ebitda": 298400000,
        "ebitdaratio": 0.2410533969,
        "operatingIncome": 148800000,
        "operatingIncomeRatio": 0.1202035706,
        "totalOtherIncomeExpensesNet": -225100000,
        "incomeBeforeTax": -76300000,
        "incomeBeforeTaxRatio": -0.0616366427,
        "incomeTaxExpense": -6700000,
        "netIncome": -69600000,
        "netIncomeRatio": -0.0562242507,
        "eps": -0.49,
        "epsdiluted": -0.49,
        "weightedAverageShsOut": 142040816,
        "weightedAverageShsOutDil": 143300000,
        "link": "https://www.sec.gov/Archives/edgar/data/1585364/000158536417000136/0001585364-17-000136-index.htm",
        "finalLink": "https://www.sec.gov/Archives/edgar/data/1585364/000158536417000136/cy17q210q.htm"
    },
    {
        "date": "2017-04-01",
        "symbol": "PRGO",
        "reportedCurrency": "USD",
        "cik": "0001585364",
        "fillingDate": "2017-05-30",
        "acceptedDate": "2017-05-30 16:48:45",
        "calendarYear": "2017",
        "period": "Q1",
        "revenue": 1194000000,
        "costOfRevenue": 729600000,
        "grossProfit": 464400000,
        "grossProfitRatio": 0.3889447236,
        "researchAndDevelopmentExpenses": 39800000,
        "generalAndAdministrativeExpenses": 105400000,
        "sellingAndMarketingExpenses": 176100000,
        "sellingGeneralAndAdministrativeExpenses": 281500000,
        "otherExpenses": 3500000,
        "operatingExpenses": 285000000,
        "costAndExpenses": 1014600000,
        "interestIncome": 0,
        "interestExpense": 53300000,
        "depreciationAndAmortization": 109400000,
        "ebitda": 288800000,
        "ebitdaratio": 0.2418760469,
        "operatingIncome": 128500000,
        "operatingIncomeRatio": 0.1076214405,
        "totalOtherIncomeExpensesNet": -32700000,
        "incomeBeforeTax": 95800000,
        "incomeBeforeTaxRatio": 0.0802345059,
        "incomeTaxExpense": 24200000,
        "netIncome": 71600000,
        "netIncomeRatio": 0.0599664992,
        "eps": 0.5,
        "epsdiluted": 0.5,
        "weightedAverageShsOut": 143400000,
        "weightedAverageShsOutDil": 143600000,
        "link": "https://www.sec.gov/Archives/edgar/data/1585364/000158536417000085/0001585364-17-000085-index.htm",
        "finalLink": "https://www.sec.gov/Archives/edgar/data/1585364/000158536417000085/cy17q110q.htm"
    },
    {
        "date": "2016-12-31",
        "symbol": "PRGO",
        "reportedCurrency": "USD",
        "cik": "0001585364",
        "fillingDate": "2017-05-22",
        "acceptedDate": "2017-05-22 17:34:05",
        "calendarYear": "2016",
        "period": "Q4",
        "revenue": 1061500000,
        "costOfRevenue": 606100000,
        "grossProfit": 455400000,
        "grossProfitRatio": 0.429015544,
        "researchAndDevelopmentExpenses": 41500000,
        "generalAndAdministrativeExpenses": 135400000,
        "sellingAndMarketingExpenses": 180500000,
        "sellingGeneralAndAdministrativeExpenses": 315900000,
        "otherExpenses": 0,
        "operatingExpenses": 357400000,
        "costAndExpenses": 963500000,
        "interestIncome": 0,
        "interestExpense": 0,
        "depreciationAndAmortization": -99300000,
        "ebitda": -3245700000,
        "ebitdaratio": -3.0576542628,
        "operatingIncome": -419000000,
        "operatingIncomeRatio": -0.3947244465,
        "totalOtherIncomeExpensesNet": -2650200000,
        "incomeBeforeTax": -3069200000,
        "incomeBeforeTaxRatio": -2.8913801225,
        "incomeTaxExpense": -451800000,
        "netIncome": -2617400000,
        "netIncomeRatio": -2.4657560057,
        "eps": -18.27,
        "epsdiluted": -18.27,
        "weightedAverageShsOut": 143300000,
        "weightedAverageShsOutDil": 143300000,
        "link": "https://www.sec.gov/Archives/edgar/data/1585364/000158536417000071/0001585364-17-000071-index.htm",
        "finalLink": "https://www.sec.gov/Archives/edgar/data/1585364/000158536417000071/cy16q410k.htm"
    },
    {
        "date": "2016-10-01",
        "symbol": "PRGO",
        "reportedCurrency": "USD",
        "cik": "0001585364",
        "fillingDate": "2016-11-10",
        "acceptedDate": "2016-11-10 17:24:48",
        "calendarYear": "2016",
        "period": "Q3",
        "revenue": 1354900000,
        "costOfRevenue": 848600000,
        "grossProfit": 506300000,
        "grossProfitRatio": 0.3736807144,
        "researchAndDevelopmentExpenses": 50200000,
        "generalAndAdministrativeExpenses": 108600000,
        "sellingAndMarketingExpenses": 176200000,
        "sellingGeneralAndAdministrativeExpenses": 284800000,
        "otherExpenses": -1000000,
        "operatingExpenses": 335000000,
        "costAndExpenses": 1183600000,
        "interestIncome": 0,
        "interestExpense": 54600000,
        "depreciationAndAmortization": 187000000,
        "ebitda": 267400000,
        "ebitdaratio": 0.1973577386,
        "operatingIncome": -1515200000,
        "operatingIncomeRatio": -1.1183113145,
        "totalOtherIncomeExpensesNet": -433700000,
        "incomeBeforeTax": -1571500000,
        "incomeBeforeTaxRatio": -1.1598641966,
        "incomeTaxExpense": -316300000,
        "netIncome": -1255200000,
        "netIncomeRatio": -0.9264152336,
        "eps": -8.76,
        "epsdiluted": -8.76,
        "weightedAverageShsOut": 143261261,
        "weightedAverageShsOutDil": 143300000,
        "link": "https://www.sec.gov/Archives/edgar/data/1585364/000158536416000426/0001585364-16-000426-index.htm",
        "finalLink": "https://www.sec.gov/Archives/edgar/data/1585364/000158536416000426/cy16q310q.htm"
    },
    {
        "date": "2016-07-02",
        "symbol": "PRGO",
        "reportedCurrency": "USD",
        "cik": "0001585364",
        "fillingDate": "2016-08-10",
        "acceptedDate": "2016-08-10 17:26:59",
        "calendarYear": "2016",
        "period": "Q2",
        "revenue": 1481000000,
        "costOfRevenue": 913800000,
        "grossProfit": 567200000,
        "grossProfitRatio": 0.38298447,
        "researchAndDevelopmentExpenses": 47000000,
        "generalAndAdministrativeExpenses": 101800000,
        "sellingAndMarketingExpenses": 194100000,
        "sellingGeneralAndAdministrativeExpenses": 295900000,
        "otherExpenses": 0,
        "operatingExpenses": 342900000,
        "costAndExpenses": 1256700000,
        "interestIncome": 0,
        "interestExpense": 57400000,
        "depreciationAndAmortization": 186800000,
        "ebitda": 315100000,
        "ebitdaratio": 0.2127616475,
        "operatingIncome": 238300000,
        "operatingIncomeRatio": 0.1609047941,
        "totalOtherIncomeExpensesNet": -997000000,
        "incomeBeforeTax": 151600000,
        "incomeBeforeTaxRatio": 0.1023632681,
        "incomeTaxExpense": -42700000,
        "netIncome": 194300000,
        "netIncomeRatio": 0.1311951384,
        "eps": -3.73,
        "epsdiluted": -3.73,
        "weightedAverageShsOut": 143200000,
        "weightedAverageShsOutDil": 143200000,
        "link": "https://www.sec.gov/Archives/edgar/data/1585364/000158536416000362/0001585364-16-000362-index.htm",
        "finalLink": "https://www.sec.gov/Archives/edgar/data/1585364/000158536416000362/cy16q210q.htm"
    },
    {
        "date": "2016-04-02",
        "symbol": "PRGO",
        "reportedCurrency": "USD",
        "cik": "0001585364",
        "fillingDate": "2016-05-16",
        "acceptedDate": "2016-05-16 17:25:51",
        "calendarYear": "2016",
        "period": "Q1",
        "revenue": 1383200000,
        "costOfRevenue": 860300000,
        "grossProfit": 522900000,
        "grossProfitRatio": 0.3780364372,
        "researchAndDevelopmentExpenses": 45300000,
        "generalAndAdministrativeExpenses": 106400000,
        "sellingAndMarketingExpenses": 202600000,
        "sellingGeneralAndAdministrativeExpenses": 309000000,
        "otherExpenses": 0,
        "operatingExpenses": 354300000,
        "costAndExpenses": 1214600000,
        "interestIncome": 0,
        "interestExpense": 51200000,
        "depreciationAndAmortization": 182500000,
        "ebitda": 351100000,
        "ebitdaratio": 0.2538316946,
        "operatingIncome": -303800000,
        "operatingIncomeRatio": -0.2196356275,
        "totalOtherIncomeExpensesNet": -55400000,
        "incomeBeforeTax": -359200000,
        "incomeBeforeTaxRatio": -0.2596876807,
        "incomeTaxExpense": -226100000,
        "netIncome": -133100000,
        "netIncomeRatio": -0.0962261423,
        "eps": -0.93,
        "epsdiluted": -0.93,
        "weightedAverageShsOut": 143027027,
        "weightedAverageShsOutDil": 143200000,
        "link": "https://www.sec.gov/Archives/edgar/data/1585364/000158536416000317/0001585364-16-000317-index.htm",
        "finalLink": "https://www.sec.gov/Archives/edgar/data/1585364/000158536416000317/cy16q110q.htm"
    },
    {
        "date": "2015-12-31",
        "symbol": "PRGO",
        "reportedCurrency": "USD",
        "cik": "0001585364",
        "fillingDate": "2015-12-31",
        "acceptedDate": "2015-12-31 00:00:00",
        "calendarYear": "2015",
        "period": "Q4",
        "revenue": 1424800000,
        "costOfRevenue": 865500000,
        "grossProfit": 559300000,
        "grossProfitRatio": 0.3925463223,
        "researchAndDevelopmentExpenses": 46600000,
        "generalAndAdministrativeExpenses": 185500000,
        "sellingAndMarketingExpenses": 181000000,
        "sellingGeneralAndAdministrativeExpenses": 366500000,
        "otherExpenses": 0,
        "operatingExpenses": 413100000,
        "costAndExpenses": 1278600000,
        "interestIncome": 0,
        "interestExpense": 0,
        "depreciationAndAmortization": 152600000,
        "ebitda": 298800000,
        "ebitdaratio": 0.209713644,
        "operatingIncome": -94100000,
        "operatingIncomeRatio": -0.0660443571,
        "totalOtherIncomeExpensesNet": -47700000,
        "incomeBeforeTax": -155400000,
        "incomeBeforeTaxRatio": -0.1090679394,
        "incomeTaxExpense": -48400000,
        "netIncome": -107000000,
        "netIncomeRatio": -0.0750982594,
        "eps": -0.74,
        "epsdiluted": -0.73,
        "weightedAverageShsOut": 144900000,
        "weightedAverageShsOutDil": 146300000,
        "link": null,
        "finalLink": null
    },
    {
        "date": "2015-09-26",
        "symbol": "PRGO",
        "reportedCurrency": "USD",
        "cik": "0001585364",
        "fillingDate": "2015-11-02",
        "acceptedDate": "2015-11-02 16:40:49",
        "calendarYear": "2015",
        "period": "Q3",
        "revenue": 1344700000,
        "costOfRevenue": 795900000,
        "grossProfit": 548800000,
        "grossProfitRatio": 0.4081207704,
        "researchAndDevelopmentExpenses": 41600000,
        "generalAndAdministrativeExpenses": 123600000,
        "sellingAndMarketingExpenses": 192800000,
        "sellingGeneralAndAdministrativeExpenses": 316400000,
        "otherExpenses": 0,
        "operatingExpenses": 358000000,
        "costAndExpenses": 1153900000,
        "interestIncome": 0,
        "interestExpense": 43400000,
        "depreciationAndAmortization": 175400000,
        "ebitda": 366200000,
        "ebitdaratio": 0.2723284004,
        "operatingIncome": 188600000,
        "operatingIncomeRatio": 0.1402543318,
        "totalOtherIncomeExpensesNet": -56400000,
        "incomeBeforeTax": 132200000,
        "incomeBeforeTaxRatio": 0.0983118911,
        "incomeTaxExpense": 19600000,
        "netIncome": 112600000,
        "netIncomeRatio": 0.0837361493,
        "eps": 0.77,
        "epsdiluted": 0.77,
        "weightedAverageShsOut": 146300000,
        "weightedAverageShsOutDil": 146900000,
        "link": "https://www.sec.gov/Archives/edgar/data/1585364/000158536415000156/0001585364-15-000156-index.htm",
        "finalLink": "https://www.sec.gov/Archives/edgar/data/1585364/000158536415000156/a2016q110q.htm"
    },
    {
        "date": "2015-06-27",
        "symbol": "PRGO",
        "reportedCurrency": "USD",
        "cik": "0001585364",
        "fillingDate": "2015-08-13",
        "acceptedDate": "2015-08-13 17:20:41",
        "calendarYear": "2015",
        "period": "Q2",
        "revenue": 1531600000,
        "costOfRevenue": 903500000,
        "grossProfit": 628100000,
        "grossProfitRatio": 0.4100940193,
        "researchAndDevelopmentExpenses": 62600000,
        "generalAndAdministrativeExpenses": 140100000,
        "sellingAndMarketingExpenses": 198600000,
        "sellingGeneralAndAdministrativeExpenses": 338700000,
        "otherExpenses": 0,
        "operatingExpenses": 401300000,
        "costAndExpenses": 1304800000,
        "interestIncome": 0,
        "interestExpense": 0,
        "depreciationAndAmortization": 167300000,
        "ebitda": 227600000,
        "ebitdaratio": 0.1486027683,
        "operatingIncome": 226900000,
        "operatingIncomeRatio": 0.14814573,
        "totalOtherIncomeExpensesNet": -69600000,
        "incomeBeforeTax": 157400000,
        "incomeBeforeTaxRatio": 0.1027683468,
        "incomeTaxExpense": 101000000,
        "netIncome": 56400000,
        "netIncomeRatio": 0.0368242361,
        "eps": 0.39,
        "epsdiluted": 0.38,
        "weightedAverageShsOut": 146300000,
        "weightedAverageShsOutDil": 146800000,
        "link": "https://www.sec.gov/Archives/edgar/data/1585364/000158536415000100/0001585364-15-000100-index.htm",
        "finalLink": "https://www.sec.gov/Archives/edgar/data/1585364/000158536415000100/a2015q410k.htm"
    },
    {
        "date": "2015-03-28",
        "symbol": "PRGO",
        "reportedCurrency": "USD",
        "cik": "0001585364",
        "fillingDate": "2015-04-29",
        "acceptedDate": "2015-04-29 12:09:04",
        "calendarYear": "2015",
        "period": "Q1",
        "revenue": 1049100000,
        "costOfRevenue": 670300000,
        "grossProfit": 378800000,
        "grossProfitRatio": 0.3610713945,
        "researchAndDevelopmentExpenses": 35400000,
        "generalAndAdministrativeExpenses": 79600000,
        "sellingAndMarketingExpenses": 63500000,
        "sellingGeneralAndAdministrativeExpenses": 143100000,
        "otherExpenses": 0,
        "operatingExpenses": 178500000,
        "costAndExpenses": 848800000,
        "interestIncome": 0,
        "interestExpense": 43300000,
        "depreciationAndAmortization": 127800000,
        "ebitda": 328100000,
        "ebitdaratio": 0.312744257,
        "operatingIncome": 199200000,
        "operatingIncomeRatio": 0.1898770375,
        "totalOtherIncomeExpensesNet": -301900000,
        "incomeBeforeTax": -102700000,
        "incomeBeforeTaxRatio": -0.0978934325,
        "incomeTaxExpense": -7800000,
        "netIncome": -94900000,
        "netIncomeRatio": -0.0904584882,
        "eps": -0.68,
        "epsdiluted": -0.67,
        "weightedAverageShsOut": 138750000,
        "weightedAverageShsOutDil": 140800000,
        "link": "https://www.sec.gov/Archives/edgar/data/1585364/000158536415000048/0001585364-15-000048-index.htm",
        "finalLink": "https://www.sec.gov/Archives/edgar/data/1585364/000158536415000048/a2015q310q.htm"
    },
    {
        "date": "2014-12-27",
        "symbol": "PRGO",
        "reportedCurrency": "USD",
        "cik": "0001585364",
        "fillingDate": "2015-02-05",
        "acceptedDate": "2015-02-05 12:42:46",
        "calendarYear": "2014",
        "period": "Q4",
        "revenue": 1071700000,
        "costOfRevenue": 687900000,
        "grossProfit": 383800000,
        "grossProfitRatio": 0.3581226089,
        "researchAndDevelopmentExpenses": 53200000,
        "generalAndAdministrativeExpenses": 84100000,
        "sellingAndMarketingExpenses": 59700000,
        "sellingGeneralAndAdministrativeExpenses": 143800000,
        "otherExpenses": 0,
        "operatingExpenses": 197000000,
        "costAndExpenses": 884900000,
        "interestIncome": 0,
        "interestExpense": 30800000,
        "depreciationAndAmortization": 127100000,
        "ebitda": 313900000,
        "ebitdaratio": 0.2928991322,
        "operatingIncome": 184400000,
        "operatingIncomeRatio": 0.1720630774,
        "totalOtherIncomeExpensesNet": -99700000,
        "incomeBeforeTax": 84700000,
        "incomeBeforeTaxRatio": 0.0790333116,
        "incomeTaxExpense": 14500000,
        "netIncome": 70200000,
        "netIncomeRatio": 0.0655034058,
        "eps": 0.52,
        "epsdiluted": 0.51,
        "weightedAverageShsOut": 136300000,
        "weightedAverageShsOutDil": 136800000,
        "link": "https://www.sec.gov/Archives/edgar/data/1585364/000158536415000006/0001585364-15-000006-index.htm",
        "finalLink": "https://www.sec.gov/Archives/edgar/data/1585364/000158536415000006/a2015q210q.htm"
    },
    {
        "date": "2014-09-27",
        "symbol": "PRGO",
        "reportedCurrency": "USD",
        "cik": "0001585364",
        "fillingDate": "2014-11-06",
        "acceptedDate": "2014-11-06 14:43:57",
        "calendarYear": "2014",
        "period": "Q3",
        "revenue": 951500000,
        "costOfRevenue": 629700000,
        "grossProfit": 321800000,
        "grossProfitRatio": 0.3382028376,
        "researchAndDevelopmentExpenses": 36600000,
        "generalAndAdministrativeExpenses": 81500000,
        "sellingAndMarketingExpenses": 64800000,
        "sellingGeneralAndAdministrativeExpenses": 146300000,
        "otherExpenses": 0,
        "operatingExpenses": 182900000,
        "costAndExpenses": 812600000,
        "interestIncome": 0,
        "interestExpense": 25900000,
        "depreciationAndAmortization": 126600000,
        "ebitda": 265500000,
        "ebitdaratio": 0.2790331056,
        "operatingIncome": 137200000,
        "operatingIncomeRatio": 0.1441933789,
        "totalOtherIncomeExpensesNet": -28600000,
        "incomeBeforeTax": 108600000,
        "incomeBeforeTaxRatio": 0.1141355754,
        "incomeTaxExpense": 12300000,
        "netIncome": 96300000,
        "netIncomeRatio": 0.101208618,
        "eps": 0.72,
        "epsdiluted": 0.72,
        "weightedAverageShsOut": 133900000,
        "weightedAverageShsOutDil": 134400000,
        "link": "https://www.sec.gov/Archives/edgar/data/1585364/000158536414000025/0001585364-14-000025-index.htm",
        "finalLink": "https://www.sec.gov/Archives/edgar/data/1585364/000158536414000025/a2015q110q.htm"
    },
    {
        "date": "2014-06-28",
        "symbol": "PRGO",
        "reportedCurrency": "USD",
        "cik": "0001585364",
        "fillingDate": "2014-08-14",
        "acceptedDate": "2014-08-14 17:13:06",
        "calendarYear": "2014",
        "period": "Q2",
        "revenue": 1144200000,
        "costOfRevenue": 728400000,
        "grossProfit": 415800000,
        "grossProfitRatio": 0.3633980073,
        "researchAndDevelopmentExpenses": 38000000,
        "generalAndAdministrativeExpenses": 97100000,
        "sellingAndMarketingExpenses": 72700000,
        "sellingGeneralAndAdministrativeExpenses": 169800000,
        "otherExpenses": 0,
        "operatingExpenses": 207800000,
        "costAndExpenses": 936200000,
        "interestIncome": 0,
        "interestExpense": 0,
        "depreciationAndAmortization": 121300000,
        "ebitda": 329300000,
        "ebitdaratio": 0.2877993358,
        "operatingIncome": 197500000,
        "operatingIncomeRatio": 0.1726096836,
        "totalOtherIncomeExpensesNet": -31800000,
        "incomeBeforeTax": 165700000,
        "incomeBeforeTaxRatio": 0.1448173396,
        "incomeTaxExpense": 33800000,
        "netIncome": 131900000,
        "netIncomeRatio": 0.1152770495,
        "eps": 0.98,
        "epsdiluted": 0.98,
        "weightedAverageShsOut": 133700000,
        "weightedAverageShsOutDil": 134200000,
        "link": "https://www.sec.gov/Archives/edgar/data/1585364/000158536414000019/0001585364-14-000019-index.htm",
        "finalLink": "https://www.sec.gov/Archives/edgar/data/1585364/000158536414000019/a2014q410k.htm"
    },
    {
        "date": "2014-03-29",
        "symbol": "PRGO",
        "reportedCurrency": "USD",
        "cik": "0001585364",
        "fillingDate": "2014-05-07",
        "acceptedDate": "2014-05-07 12:05:20",
        "calendarYear": "2014",
        "period": "Q1",
        "revenue": 1004200000,
        "costOfRevenue": 689200000,
        "grossProfit": 315000000,
        "grossProfitRatio": 0.3136825334,
        "researchAndDevelopmentExpenses": 44700000,
        "generalAndAdministrativeExpenses": 81100000,
        "sellingAndMarketingExpenses": 66400000,
        "sellingGeneralAndAdministrativeExpenses": 147500000,
        "otherExpenses": -1700000,
        "operatingExpenses": 192200000,
        "costAndExpenses": 881400000,
        "interestIncome": 0,
        "interestExpense": 0,
        "depreciationAndAmortization": 127200000,
        "ebitda": 252000000,
        "ebitdaratio": 0.2509460267,
        "operatingIncome": 103300000,
        "operatingIncomeRatio": 0.1028679546,
        "totalOtherIncomeExpensesNet": -40600000,
        "incomeBeforeTax": 62700000,
        "incomeBeforeTaxRatio": 0.0624377614,
        "incomeTaxExpense": 14600000,
        "netIncome": 48100000,
        "netIncomeRatio": 0.0478988249,
        "eps": 0.36,
        "epsdiluted": 0.36,
        "weightedAverageShsOut": 133700000,
        "weightedAverageShsOutDil": 134300000,
        "link": "https://www.sec.gov/Archives/edgar/data/1585364/000158536414000006/0001585364-14-000006-index.htm",
        "finalLink": "https://www.sec.gov/Archives/edgar/data/1585364/000158536414000006/a2014q310q.htm"
    },
    {
        "date": "2013-12-28",
        "symbol": "PRGO",
        "reportedCurrency": "USD",
        "cik": "0001585364",
        "fillingDate": "2014-02-06",
        "acceptedDate": "2014-02-06 11:34:17",
        "calendarYear": "2013",
        "period": "Q4",
        "revenue": 979000000,
        "costOfRevenue": 618300000,
        "grossProfit": 360700000,
        "grossProfitRatio": 0.3684371808,
        "researchAndDevelopmentExpenses": 37500000,
        "generalAndAdministrativeExpenses": 154400000,
        "sellingAndMarketingExpenses": 61300000,
        "sellingGeneralAndAdministrativeExpenses": 215700000,
        "otherExpenses": 0,
        "operatingExpenses": 253200000,
        "costAndExpenses": 871500000,
        "interestIncome": 0,
        "interestExpense": 0,
        "depreciationAndAmortization": 62700000,
        "ebitda": 170200000,
        "ebitdaratio": 0.1738508682,
        "operatingIncome": 86600000,
        "operatingIncomeRatio": 0.0884576098,
        "totalOtherIncomeExpensesNet": -199600000,
        "incomeBeforeTax": -113000000,
        "incomeBeforeTaxRatio": -0.1154239019,
        "incomeTaxExpense": -27000000,
        "netIncome": -86000000,
        "netIncomeRatio": -0.0878447395,
        "eps": -0.87,
        "epsdiluted": -0.87,
        "weightedAverageShsOut": 98700000,
        "weightedAverageShsOutDil": 98700000,
        "link": "https://www.sec.gov/Archives/edgar/data/1585364/000158536414000004/0001585364-14-000004-index.htm",
        "finalLink": "https://www.sec.gov/Archives/edgar/data/1585364/000158536414000004/a2014q210q.htm"
    },
    {
        "date": "2013-09-28",
        "symbol": "PRGO",
        "reportedCurrency": "USD",
        "cik": "0001585364",
        "fillingDate": "2013-11-04",
        "acceptedDate": "2013-11-04 10:32:56",
        "calendarYear": "2013",
        "period": "Q3",
        "revenue": 933400000,
        "costOfRevenue": 577100000,
        "grossProfit": 356300000,
        "grossProfitRatio": 0.3817227341,
        "researchAndDevelopmentExpenses": 32300000,
        "generalAndAdministrativeExpenses": 129000000,
        "sellingAndMarketingExpenses": 13200000,
        "sellingGeneralAndAdministrativeExpenses": 142200000,
        "otherExpenses": -1000000,
        "operatingExpenses": 174500000,
        "costAndExpenses": 751600000,
        "interestIncome": 0,
        "interestExpense": 0,
        "depreciationAndAmortization": 47700000,
        "ebitda": 229500000,
        "ebitdaratio": 0.2458752946,
        "operatingIncome": 179700000,
        "operatingIncomeRatio": 0.1925219627,
        "totalOtherIncomeExpensesNet": -22400000,
        "incomeBeforeTax": 157300000,
        "incomeBeforeTaxRatio": 0.1685236769,
        "incomeTaxExpense": 45900000,
        "netIncome": 111400000,
        "netIncomeRatio": 0.119348618,
        "eps": 1.18,
        "epsdiluted": 1.18,
        "weightedAverageShsOut": 94200000,
        "weightedAverageShsOutDil": 94700000,
        "link": "https://www.sec.gov/Archives/edgar/data/1585364/000158536413000005/0001585364-13-000005-index.htm",
        "finalLink": "https://www.sec.gov/Archives/edgar/data/1585364/000158536413000005/pcl2014q110q.htm"
    },
    {
        "date": "2013-06-30",
        "symbol": "PRGO",
        "reportedCurrency": "USD",
        "cik": "0001585364",
        "fillingDate": "2013-06-30",
        "acceptedDate": "2013-06-30 00:00:00",
        "calendarYear": "2013",
        "period": "Q2",
        "revenue": 967206000,
        "costOfRevenue": 611001000,
        "grossProfit": 356205000,
        "grossProfitRatio": 0.3682824548,
        "researchAndDevelopmentExpenses": 30956000,
        "generalAndAdministrativeExpenses": 120820000,
        "sellingAndMarketingExpenses": 12465000,
        "sellingGeneralAndAdministrativeExpenses": 133285000,
        "otherExpenses": -45000,
        "operatingExpenses": 164241000,
        "costAndExpenses": 775242000,
        "interestIncome": 0,
        "interestExpense": 0,
        "depreciationAndAmortization": 47383000,
        "ebitda": 239347000,
        "ebitdaratio": 0.2474622779,
        "operatingIncome": 180064000,
        "operatingIncomeRatio": 0.1861692339,
        "totalOtherIncomeExpensesNet": -18687000,
        "incomeBeforeTax": 161413000,
        "incomeBeforeTaxRatio": 0.1668858547,
        "incomeTaxExpense": 42972000,
        "netIncome": 118441000,
        "netIncomeRatio": 0.1224568499,
        "eps": 1.26,
        "epsdiluted": 1.26,
        "weightedAverageShsOut": 93989000,
        "weightedAverageShsOutDil": 93989000,
        "link": null,
        "finalLink": null
    },
    {
        "date": "2013-03-31",
        "symbol": "PRGO",
        "reportedCurrency": "USD",
        "cik": "0001585364",
        "fillingDate": "2013-03-31",
        "acceptedDate": "2013-03-31 00:00:00",
        "calendarYear": "2013",
        "period": "Q1",
        "revenue": 919825000,
        "costOfRevenue": 588464000,
        "grossProfit": 331361000,
        "grossProfitRatio": 0.3602435246,
        "researchAndDevelopmentExpenses": 28526000,
        "generalAndAdministrativeExpenses": 111660000,
        "sellingAndMarketingExpenses": 12569000,
        "sellingGeneralAndAdministrativeExpenses": 124229000,
        "otherExpenses": -841000,
        "operatingExpenses": 152755000,
        "costAndExpenses": 741219000,
        "interestIncome": 0,
        "interestExpense": 0,
        "depreciationAndAmortization": 42878000,
        "ebitda": 221500000,
        "ebitdaratio": 0.2408066752,
        "operatingIncome": 178606000,
        "operatingIncomeRatio": 0.1941738918,
        "totalOtherIncomeExpensesNet": -18500000,
        "incomeBeforeTax": 160087000,
        "incomeBeforeTaxRatio": 0.1740407143,
        "incomeTaxExpense": 48163000,
        "netIncome": 111924000,
        "netIncomeRatio": 0.1216796673,
        "eps": 1.19,
        "epsdiluted": 1.18,
        "weightedAverageShsOut": 94000000,
        "weightedAverageShsOutDil": 94500000,
        "link": null,
        "finalLink": null
    },
    {
        "date": "2012-12-31",
        "symbol": "PRGO",
        "reportedCurrency": "USD",
        "cik": "0001585364",
        "fillingDate": "2012-12-31",
        "acceptedDate": "2012-12-31 00:00:00",
        "calendarYear": "2012",
        "period": "Q4",
        "revenue": 882959000,
        "costOfRevenue": 575794000,
        "grossProfit": 307165000,
        "grossProfitRatio": 0.3478813852,
        "researchAndDevelopmentExpenses": 28323000,
        "generalAndAdministrativeExpenses": 103286000,
        "sellingAndMarketingExpenses": 11699000,
        "sellingGeneralAndAdministrativeExpenses": 114985000,
        "otherExpenses": -76000,
        "operatingExpenses": 143308000,
        "costAndExpenses": 719102000,
        "interestIncome": 0,
        "interestExpense": 0,
        "depreciationAndAmortization": 36515000,
        "ebitda": 208100000,
        "ebitdaratio": 0.2356847826,
        "operatingIncome": 163857000,
        "operatingIncomeRatio": 0.1855771333,
        "totalOtherIncomeExpensesNet": -18400000,
        "incomeBeforeTax": 145418000,
        "incomeBeforeTaxRatio": 0.1646939439,
        "incomeTaxExpense": 39463000,
        "netIncome": 105955000,
        "netIncomeRatio": 0.1199999094,
        "eps": 1.13,
        "epsdiluted": 1.12,
        "weightedAverageShsOut": 93900000,
        "weightedAverageShsOutDil": 94500000,
        "link": null,
        "finalLink": null
    },
    {
        "date": "2012-09-30",
        "symbol": "PRGO",
        "reportedCurrency": "USD",
        "cik": "0001585364",
        "fillingDate": "2012-09-30",
        "acceptedDate": "2012-09-30 00:00:00",
        "calendarYear": "2012",
        "period": "Q3",
        "revenue": 769810000,
        "costOfRevenue": 484541000,
        "grossProfit": 285269000,
        "grossProfitRatio": 0.3705706603,
        "researchAndDevelopmentExpenses": 27395000,
        "generalAndAdministrativeExpenses": 90501000,
        "sellingAndMarketingExpenses": 10800000,
        "sellingGeneralAndAdministrativeExpenses": 101301000,
        "otherExpenses": 0,
        "operatingExpenses": 128696000,
        "costAndExpenses": 613237000,
        "interestIncome": 1275000,
        "interestExpense": 17128000,
        "depreciationAndAmortization": 33424000,
        "ebitda": 190000000,
        "ebitdaratio": 0.2468141489,
        "operatingIncome": 156573000,
        "operatingIncomeRatio": 0.203391746,
        "totalOtherIncomeExpensesNet": -15800000,
        "incomeBeforeTax": 140782000,
        "incomeBeforeTaxRatio": 0.1828788922,
        "incomeTaxExpense": 35202000,
        "netIncome": 105580000,
        "netIncomeRatio": 0.1371507255,
        "eps": 1.13,
        "epsdiluted": 1.12,
        "weightedAverageShsOut": 93600000,
        "weightedAverageShsOutDil": 94300000,
        "link": null,
        "finalLink": null
    },
    {
        "date": "2012-06-30",
        "symbol": "PRGO",
        "reportedCurrency": "USD",
        "cik": "0001585364",
        "fillingDate": "2012-06-30",
        "acceptedDate": "2012-06-30 00:00:00",
        "calendarYear": "2012",
        "period": "Q2",
        "revenue": 831767000,
        "costOfRevenue": 537896000,
        "grossProfit": 293871000,
        "grossProfitRatio": 0.3533092801,
        "researchAndDevelopmentExpenses": 27038000,
        "generalAndAdministrativeExpenses": -53637000,
        "sellingAndMarketingExpenses": 157860000,
        "sellingGeneralAndAdministrativeExpenses": 104223000,
        "otherExpenses": 0,
        "operatingExpenses": 131261000,
        "costAndExpenses": 669157000,
        "interestIncome": 0,
        "interestExpense": 15874000,
        "depreciationAndAmortization": 33611000,
        "ebitda": 196221000,
        "ebitdaratio": 0.2359086138,
        "operatingIncome": 160936000,
        "operatingIncomeRatio": 0.1934868779,
        "totalOtherIncomeExpensesNet": -18210000,
        "incomeBeforeTax": 144340000,
        "incomeBeforeTaxRatio": 0.1735341748,
        "incomeTaxExpense": 37290000,
        "netIncome": 115689000,
        "netIncomeRatio": 0.1390882302,
        "eps": 1.24,
        "epsdiluted": 1.24,
        "weightedAverageShsOut": 93330000,
        "weightedAverageShsOutDil": 93330000,
        "link": null,
        "finalLink": null
    },
    {
        "date": "2012-03-31",
        "symbol": "PRGO",
        "reportedCurrency": "USD",
        "cik": "0001585364",
        "fillingDate": "2012-03-31",
        "acceptedDate": "2012-03-31 00:00:00",
        "calendarYear": "2012",
        "period": "Q1",
        "revenue": 778017000,
        "costOfRevenue": 498744000,
        "grossProfit": 279273000,
        "grossProfitRatio": 0.3589548814,
        "researchAndDevelopmentExpenses": 27950000,
        "generalAndAdministrativeExpenses": 87991000,
        "sellingAndMarketingExpenses": 10181000,
        "sellingGeneralAndAdministrativeExpenses": 98172000,
        "otherExpenses": 0,
        "operatingExpenses": 126122000,
        "costAndExpenses": 624866000,
        "interestIncome": 0,
        "interestExpense": 16651000,
        "depreciationAndAmortization": 34607000,
        "ebitda": 187758000,
        "ebitdaratio": 0.241328917,
        "operatingIncome": 146070000,
        "operatingIncomeRatio": 0.1877465402,
        "totalOtherIncomeExpensesNet": -18530000,
        "incomeBeforeTax": 134621000,
        "incomeBeforeTaxRatio": 0.1730309235,
        "incomeTaxExpense": 18894000,
        "netIncome": 115727000,
        "netIncomeRatio": 0.1487461071,
        "eps": 1.24,
        "epsdiluted": 1.23,
        "weightedAverageShsOut": 93330000,
        "weightedAverageShsOutDil": 94124000,
        "link": null,
        "finalLink": null
    },
    {
        "date": "2011-12-31",
        "symbol": "PRGO",
        "reportedCurrency": "USD",
        "cik": "0001585364",
        "fillingDate": "2011-12-31",
        "acceptedDate": "2011-12-31 00:00:00",
        "calendarYear": "2011",
        "period": "Q4",
        "revenue": 838170000,
        "costOfRevenue": 543295000,
        "grossProfit": 294875000,
        "grossProfitRatio": 0.3518081058,
        "researchAndDevelopmentExpenses": 31148000,
        "generalAndAdministrativeExpenses": 0,
        "sellingAndMarketingExpenses": 0,
        "sellingGeneralAndAdministrativeExpenses": 103059000,
        "otherExpenses": 0,
        "operatingExpenses": 134207000,
        "costAndExpenses": 677502000,
        "interestIncome": 0,
        "interestExpense": 15641000,
        "depreciationAndAmortization": 32385000,
        "ebitda": 193053000,
        "ebitdaratio": 0.2303267833,
        "operatingIncome": 160668000,
        "operatingIncomeRatio": 0.1916890368,
        "totalOtherIncomeExpensesNet": -16393000,
        "incomeBeforeTax": 144275000,
        "incomeBeforeTaxRatio": 0.172130952,
        "incomeTaxExpense": 44536000,
        "netIncome": 99739000,
        "netIncomeRatio": 0.1189961464,
        "eps": 1.07,
        "epsdiluted": 1.06,
        "weightedAverageShsOut": 93221000,
        "weightedAverageShsOutDil": 94043000,
        "link": null,
        "finalLink": null
    },
    {
        "date": "2011-09-30",
        "symbol": "PRGO",
        "reportedCurrency": "USD",
        "cik": "0001585364",
        "fillingDate": "2011-09-30",
        "acceptedDate": "2011-09-30 00:00:00",
        "calendarYear": "2011",
        "period": "Q3",
        "revenue": 725295000,
        "costOfRevenue": 497716000,
        "grossProfit": 227579000,
        "grossProfitRatio": 0.3137743952,
        "researchAndDevelopmentExpenses": 19638000,
        "generalAndAdministrativeExpenses": 0,
        "sellingAndMarketingExpenses": 0,
        "sellingGeneralAndAdministrativeExpenses": 106389000,
        "otherExpenses": 0,
        "operatingExpenses": 126027000,
        "costAndExpenses": 623743000,
        "interestIncome": 0,
        "interestExpense": 12570000,
        "depreciationAndAmortization": 34720000,
        "ebitda": 136272000,
        "ebitdaratio": 0.1878849296,
        "operatingIncome": 101552000,
        "operatingIncomeRatio": 0.1400147526,
        "totalOtherIncomeExpensesNet": -12799000,
        "incomeBeforeTax": 88753000,
        "incomeBeforeTaxRatio": 0.1223681399,
        "incomeTaxExpense": 18295000,
        "netIncome": 70458000,
        "netIncomeRatio": 0.0971439207,
        "eps": 0.76,
        "epsdiluted": 0.75,
        "weightedAverageShsOut": 92900000,
        "weightedAverageShsOutDil": 93953000,
        "link": null,
        "finalLink": null
    },
    {
        "date": "2011-06-30",
        "symbol": "PRGO",
        "reportedCurrency": "USD",
        "cik": "0001585364",
        "fillingDate": "2011-06-30",
        "acceptedDate": "2011-06-30 00:00:00",
        "calendarYear": "2011",
        "period": "Q2",
        "revenue": 704629000,
        "costOfRevenue": 462295000,
        "grossProfit": 242334000,
        "grossProfitRatio": 0.3439171536,
        "researchAndDevelopmentExpenses": 23408000,
        "generalAndAdministrativeExpenses": 0,
        "sellingAndMarketingExpenses": 0,
        "sellingGeneralAndAdministrativeExpenses": 94607000,
        "otherExpenses": -10594000,
        "operatingExpenses": 107421000,
        "costAndExpenses": 569716000,
        "interestIncome": 0,
        "interestExpense": 10594000,
        "depreciationAndAmortization": 26684000,
        "ebitda": 150686000,
        "ebitdaratio": 0.2138515446,
        "operatingIncome": 123286000,
        "operatingIncomeRatio": 0.1749658331,
        "totalOtherIncomeExpensesNet": -9878000,
        "incomeBeforeTax": 113408000,
        "incomeBeforeTaxRatio": 0.1609471083,
        "incomeTaxExpense": 27838000,
        "netIncome": 85570000,
        "netIncomeRatio": 0.1214397931,
        "eps": 0.93,
        "epsdiluted": 0.93,
        "weightedAverageShsOut": 92459000,
        "weightedAverageShsOutDil": 92459000,
        "link": null,
        "finalLink": null
    },
    {
        "date": "2011-03-31",
        "symbol": "PRGO",
        "reportedCurrency": "USD",
        "cik": "0001585364",
        "fillingDate": "2011-03-31",
        "acceptedDate": "2011-03-31 00:00:00",
        "calendarYear": "2011",
        "period": "Q1",
        "revenue": 691563000,
        "costOfRevenue": 452481000,
        "grossProfit": 239082000,
        "grossProfitRatio": 0.3457125381,
        "researchAndDevelopmentExpenses": 23511000,
        "generalAndAdministrativeExpenses": 0,
        "sellingAndMarketingExpenses": 0,
        "sellingGeneralAndAdministrativeExpenses": 92658000,
        "otherExpenses": -10915000,
        "operatingExpenses": 105254000,
        "costAndExpenses": 557735000,
        "interestIncome": 0,
        "interestExpense": 10915000,
        "depreciationAndAmortization": 25887000,
        "ebitda": 149553000,
        "ebitdaratio": 0.2162536168,
        "operatingIncome": 122913000,
        "operatingIncomeRatio": 0.1777321806,
        "totalOtherIncomeExpensesNet": -10162000,
        "incomeBeforeTax": 112751000,
        "incomeBeforeTaxRatio": 0.16303793,
        "incomeTaxExpense": 21220000,
        "netIncome": 89085000,
        "netIncomeRatio": 0.1288168974,
        "eps": 0.96,
        "epsdiluted": 0.95,
        "weightedAverageShsOut": 92459000,
        "weightedAverageShsOutDil": 93549000,
        "link": null,
        "finalLink": null
    },
    {
        "date": "2010-12-31",
        "symbol": "PRGO",
        "reportedCurrency": "USD",
        "cik": "0001585364",
        "fillingDate": "2010-12-31",
        "acceptedDate": "2010-12-31 00:00:00",
        "calendarYear": "2010",
        "period": "Q4",
        "revenue": 717515000,
        "costOfRevenue": 468015000,
        "grossProfit": 249500000,
        "grossProfitRatio": 0.3477279221,
        "researchAndDevelopmentExpenses": 24604000,
        "generalAndAdministrativeExpenses": 83793000,
        "sellingAndMarketingExpenses": 8864000,
        "sellingGeneralAndAdministrativeExpenses": 92657000,
        "otherExpenses": 0,
        "operatingExpenses": 117261000,
        "costAndExpenses": 585276000,
        "interestIncome": 0,
        "interestExpense": 10716000,
        "depreciationAndAmortization": 26934000,
        "ebitda": 159806000,
        "ebitdaratio": 0.2227214762,
        "operatingIncome": 132239000,
        "operatingIncomeRatio": 0.1843013735,
        "totalOtherIncomeExpensesNet": -10083000,
        "incomeBeforeTax": 122156000,
        "incomeBeforeTaxRatio": 0.1702487056,
        "incomeTaxExpense": 32377000,
        "netIncome": 90167000,
        "netIncomeRatio": 0.1256656655,
        "eps": 0.98,
        "epsdiluted": 0.97,
        "weightedAverageShsOut": 92232000,
        "weightedAverageShsOutDil": 93363000,
        "link": null,
        "finalLink": null
    },
    {
        "date": "2010-09-30",
        "symbol": "PRGO",
        "reportedCurrency": "USD",
        "cik": "0001585364",
        "fillingDate": "2010-09-30",
        "acceptedDate": "2010-09-30 00:00:00",
        "calendarYear": "2010",
        "period": "Q3",
        "revenue": 641322000,
        "costOfRevenue": 427368000,
        "grossProfit": 213954000,
        "grossProfitRatio": 0.3336140036,
        "researchAndDevelopmentExpenses": 17727000,
        "generalAndAdministrativeExpenses": 76127000,
        "sellingAndMarketingExpenses": 8333000,
        "sellingGeneralAndAdministrativeExpenses": 84460000,
        "otherExpenses": 0,
        "operatingExpenses": 102187000,
        "costAndExpenses": 529555000,
        "interestIncome": 0,
        "interestExpense": 10087000,
        "depreciationAndAmortization": 23436000,
        "ebitda": 135203000,
        "ebitdaratio": 0.2108192141,
        "operatingIncome": 111767000,
        "operatingIncomeRatio": 0.1742759487,
        "totalOtherIncomeExpensesNet": -9528000,
        "incomeBeforeTax": 102239000,
        "incomeBeforeTaxRatio": 0.1594191373,
        "incomeTaxExpense": 28561000,
        "netIncome": 74375000,
        "netIncomeRatio": 0.1159713841,
        "eps": 0.81,
        "epsdiluted": 0.8,
        "weightedAverageShsOut": 91824000,
        "weightedAverageShsOutDil": 93269000,
        "link": null,
        "finalLink": null
    },
    {
        "date": "2010-06-30",
        "symbol": "PRGO",
        "reportedCurrency": "USD",
        "cik": "0001585364",
        "fillingDate": "2010-06-30",
        "acceptedDate": "2010-06-30 00:00:00",
        "calendarYear": "2010",
        "period": "Q2",
        "revenue": 619395000,
        "costOfRevenue": 420184000,
        "grossProfit": 199211000,
        "grossProfitRatio": 0.3216219052,
        "researchAndDevelopmentExpenses": 25810000,
        "generalAndAdministrativeExpenses": 81906000,
        "sellingAndMarketingExpenses": 6895000,
        "sellingGeneralAndAdministrativeExpenses": 88801000,
        "otherExpenses": 0,
        "operatingExpenses": 114611000,
        "costAndExpenses": 534795000,
        "interestIncome": 0,
        "interestExpense": 10575000,
        "depreciationAndAmortization": 22460000,
        "ebitda": 99523000,
        "ebitdaratio": 0.1606777581,
        "operatingIncome": 77551000,
        "operatingIncomeRatio": 0.1252044334,
        "totalOtherIncomeExpensesNet": -11063000,
        "incomeBeforeTax": 66488000,
        "incomeBeforeTaxRatio": 0.1073434561,
        "incomeTaxExpense": 16790000,
        "netIncome": 49448000,
        "netIncomeRatio": 0.07983274,
        "eps": 0.54,
        "epsdiluted": 0.54,
        "weightedAverageShsOut": 91179000,
        "weightedAverageShsOutDil": 91179000,
        "link": null,
        "finalLink": null
    },
    {
        "date": "2010-03-31",
        "symbol": "PRGO",
        "reportedCurrency": "USD",
        "cik": "0001585364",
        "fillingDate": "2010-03-31",
        "acceptedDate": "2010-03-31 00:00:00",
        "calendarYear": "2010",
        "period": "Q1",
        "revenue": 538306000,
        "costOfRevenue": 352440000,
        "grossProfit": 185866000,
        "grossProfitRatio": 0.3452794507,
        "researchAndDevelopmentExpenses": 17467000,
        "generalAndAdministrativeExpenses": 65658000,
        "sellingAndMarketingExpenses": 7960000,
        "sellingGeneralAndAdministrativeExpenses": 73618000,
        "otherExpenses": 0,
        "operatingExpenses": 91085000,
        "costAndExpenses": 443525000,
        "interestIncome": 0,
        "interestExpense": 5989000,
        "depreciationAndAmortization": 17766000,
        "ebitda": 108089000,
        "ebitdaratio": 0.2007947153,
        "operatingIncome": 87307000,
        "operatingIncomeRatio": 0.1621884207,
        "totalOtherIncomeExpensesNet": -6507000,
        "incomeBeforeTax": 82645000,
        "incomeBeforeTaxRatio": 0.1535279191,
        "incomeTaxExpense": 22507000,
        "netIncome": 60906000,
        "netIncomeRatio": 0.1131438253,
        "eps": 0.68,
        "epsdiluted": 0.67,
        "weightedAverageShsOut": 91179000,
        "weightedAverageShsOutDil": 92589000,
        "link": null,
        "finalLink": null
    },
    {
        "date": "2009-12-31",
        "symbol": "PRGO",
        "reportedCurrency": "USD",
        "cik": "0001585364",
        "fillingDate": "2009-12-31",
        "acceptedDate": "2009-12-31 00:00:00",
        "calendarYear": "2009",
        "period": "Q4",
        "revenue": 583168000,
        "costOfRevenue": 386223000,
        "grossProfit": 196945000,
        "grossProfitRatio": 0.3377157183,
        "researchAndDevelopmentExpenses": 20735000,
        "generalAndAdministrativeExpenses": 70730000,
        "sellingAndMarketingExpenses": 7012000,
        "sellingGeneralAndAdministrativeExpenses": 77742000,
        "otherExpenses": 0,
        "operatingExpenses": 98477000,
        "costAndExpenses": 484700000,
        "interestIncome": 10998000,
        "interestExpense": 5551000,
        "depreciationAndAmortization": 18170000,
        "ebitda": 116045000,
        "ebitdaratio": 0.1989906854,
        "operatingIncome": 84468000,
        "operatingIncomeRatio": 0.1448433385,
        "totalOtherIncomeExpensesNet": -17869000,
        "incomeBeforeTax": 80164000,
        "incomeBeforeTaxRatio": 0.1374629609,
        "incomeTaxExpense": 26928000,
        "netIncome": 50894000,
        "netIncomeRatio": 0.0872715924,
        "eps": 0.66,
        "epsdiluted": 0.65,
        "weightedAverageShsOut": 91634000,
        "weightedAverageShsOutDil": 92999000,
        "link": null,
        "finalLink": null
    },
    {
        "date": "2009-09-30",
        "symbol": "PRGO",
        "reportedCurrency": "USD",
        "cik": "0001585364",
        "fillingDate": "2009-09-30",
        "acceptedDate": "2009-09-30 00:00:00",
        "calendarYear": "2009",
        "period": "Q3",
        "revenue": 528001000,
        "costOfRevenue": 364007000,
        "grossProfit": 163994000,
        "grossProfitRatio": 0.3105941087,
        "researchAndDevelopmentExpenses": 18497000,
        "generalAndAdministrativeExpenses": 52407000,
        "sellingAndMarketingExpenses": 6521000,
        "sellingGeneralAndAdministrativeExpenses": 58928000,
        "otherExpenses": 0,
        "operatingExpenses": 77425000,
        "costAndExpenses": 441432000,
        "interestIncome": 0,
        "interestExpense": 6663000,
        "depreciationAndAmortization": 17737000,
        "ebitda": 87654000,
        "ebitdaratio": 0.1660110492,
        "operatingIncome": 86569000,
        "operatingIncomeRatio": 0.1639561289,
        "totalOtherIncomeExpensesNet": 6760000,
        "incomeBeforeTax": 78889000,
        "incomeBeforeTaxRatio": 0.1494107019,
        "incomeTaxExpense": 17864000,
        "netIncome": 61298000,
        "netIncomeRatio": 0.1160944771,
        "eps": 0.56,
        "epsdiluted": 0.56,
        "weightedAverageShsOut": 92044000,
        "weightedAverageShsOutDil": 93396000,
        "link": null,
        "finalLink": null
    },
    {
        "date": "2009-06-30",
        "symbol": "PRGO",
        "reportedCurrency": "USD",
        "cik": "0001585364",
        "fillingDate": "2009-06-30",
        "acceptedDate": "2009-06-30 00:00:00",
        "calendarYear": "2009",
        "period": "Q2",
        "revenue": 508209000,
        "costOfRevenue": 344356000,
        "grossProfit": 163853000,
        "grossProfitRatio": 0.3224126294,
        "researchAndDevelopmentExpenses": 21886000,
        "generalAndAdministrativeExpenses": 66106000,
        "sellingAndMarketingExpenses": 5690000,
        "sellingGeneralAndAdministrativeExpenses": 71796000,
        "otherExpenses": 0,
        "operatingExpenses": 93682000,
        "costAndExpenses": 438038000,
        "interestIncome": 0,
        "interestExpense": 0,
        "depreciationAndAmortization": 19236000,
        "ebitda": 57237000,
        "ebitdaratio": 0.112624924,
        "operatingIncome": 55524000,
        "operatingIncomeRatio": 0.1092542635,
        "totalOtherIncomeExpensesNet": -5393000,
        "incomeBeforeTax": 50131000,
        "incomeBeforeTaxRatio": 0.0986424876,
        "incomeTaxExpense": 17851000,
        "netIncome": 35201000,
        "netIncomeRatio": 0.0692648103,
        "eps": 0.38,
        "epsdiluted": 0.38,
        "weightedAverageShsOut": 91967000,
        "weightedAverageShsOutDil": 91967000,
        "link": null,
        "finalLink": null
    },
    {
        "date": "2009-03-31",
        "symbol": "PRGO",
        "reportedCurrency": "USD",
        "cik": "0001585364",
        "fillingDate": "2009-03-31",
        "acceptedDate": "2009-03-31 00:00:00",
        "calendarYear": "2009",
        "period": "Q1",
        "revenue": 505902000,
        "costOfRevenue": 356310000,
        "grossProfit": 149592000,
        "grossProfitRatio": 0.2956936324,
        "researchAndDevelopmentExpenses": 17890000,
        "generalAndAdministrativeExpenses": 53638000,
        "sellingAndMarketingExpenses": 6167000,
        "sellingGeneralAndAdministrativeExpenses": 59805000,
        "otherExpenses": 0,
        "operatingExpenses": 77695000,
        "costAndExpenses": 434005000,
        "interestIncome": 5468000,
        "interestExpense": 12434000,
        "depreciationAndAmortization": 16544000,
        "ebitda": 87281000,
        "ebitdaratio": 0.1725255089,
        "operatingIncome": 71897000,
        "operatingIncomeRatio": 0.1421164573,
        "totalOtherIncomeExpensesNet": -8126000,
        "incomeBeforeTax": 63771000,
        "incomeBeforeTaxRatio": 0.1260540579,
        "incomeTaxExpense": 17302000,
        "netIncome": 45897000,
        "netIncomeRatio": 0.0907231045,
        "eps": 0.5,
        "epsdiluted": 0.49,
        "weightedAverageShsOut": 91967000,
        "weightedAverageShsOutDil": 93153000,
        "link": null,
        "finalLink": null
    },
    {
        "date": "2008-12-31",
        "symbol": "PRGO",
        "reportedCurrency": "USD",
        "cik": "0001585364",
        "fillingDate": "2008-12-31",
        "acceptedDate": "2008-12-31 00:00:00",
        "calendarYear": "2008",
        "period": "Q4",
        "revenue": 561477000,
        "costOfRevenue": 407174000,
        "grossProfit": 154303000,
        "grossProfitRatio": 0.2748162436,
        "researchAndDevelopmentExpenses": 19923000,
        "generalAndAdministrativeExpenses": 0,
        "sellingAndMarketingExpenses": 0,
        "sellingGeneralAndAdministrativeExpenses": 73427000,
        "otherExpenses": 0,
        "operatingExpenses": 93350000,
        "costAndExpenses": 500524000,
        "interestIncome": 0,
        "interestExpense": 23738000,
        "depreciationAndAmortization": 17595000,
        "ebitda": 94822000,
        "ebitdaratio": 0.1688795801,
        "operatingIncome": 60674000,
        "operatingIncomeRatio": 0.1080614166,
        "totalOtherIncomeExpensesNet": -23715000,
        "incomeBeforeTax": 37215000,
        "incomeBeforeTaxRatio": 0.0662805422,
        "incomeTaxExpense": 12222000,
        "netIncome": 24993000,
        "netIncomeRatio": 0.0445129542,
        "eps": 0.27,
        "epsdiluted": 0.27,
        "weightedAverageShsOut": 92044000,
        "weightedAverageShsOutDil": 93587000,
        "link": null,
        "finalLink": null
    },
    {
        "date": "2008-09-30",
        "symbol": "PRGO",
        "reportedCurrency": "USD",
        "cik": "0001585364",
        "fillingDate": "2008-09-30",
        "acceptedDate": "2008-09-30 00:00:00",
        "calendarYear": "2008",
        "period": "Q3",
        "revenue": 480236000,
        "costOfRevenue": 336021000,
        "grossProfit": 144215000,
        "grossProfitRatio": 0.300300269,
        "researchAndDevelopmentExpenses": 18224000,
        "generalAndAdministrativeExpenses": 0,
        "sellingAndMarketingExpenses": 0,
        "sellingGeneralAndAdministrativeExpenses": 67310000,
        "otherExpenses": 0,
        "operatingExpenses": 85534000,
        "costAndExpenses": 421555000,
        "interestIncome": 0,
        "interestExpense": 5846000,
        "depreciationAndAmortization": 16767000,
        "ebitda": 75547000,
        "ebitdaratio": 0.1573122381,
        "operatingIncome": 58681000,
        "operatingIncomeRatio": 0.1221920056,
        "totalOtherIncomeExpensesNet": -5887000,
        "incomeBeforeTax": 52720000,
        "incomeBeforeTaxRatio": 0.1097793585,
        "incomeTaxExpense": 14762000,
        "netIncome": 37958000,
        "netIncomeRatio": 0.0790403052,
        "eps": 0.41,
        "epsdiluted": 0.4,
        "weightedAverageShsOut": 92787000,
        "weightedAverageShsOutDil": 94568000,
        "link": null,
        "finalLink": null
    },
    {
        "date": "2008-06-30",
        "symbol": "PRGO",
        "reportedCurrency": "USD",
        "cik": "0001585364",
        "fillingDate": "2008-06-30",
        "acceptedDate": "2008-06-30 00:00:00",
        "calendarYear": "2008",
        "period": "Q2",
        "revenue": 500201000,
        "costOfRevenue": 355267000,
        "grossProfit": 144934000,
        "grossProfitRatio": 0.2897515199,
        "researchAndDevelopmentExpenses": 20568000,
        "generalAndAdministrativeExpenses": 0,
        "sellingAndMarketingExpenses": 0,
        "sellingGeneralAndAdministrativeExpenses": 80565000,
        "otherExpenses": 0,
        "operatingExpenses": 101133000,
        "costAndExpenses": 456400000,
        "interestIncome": 0,
        "interestExpense": 5656000,
        "depreciationAndAmortization": 18409000,
        "ebitda": 62210000,
        "ebitdaratio": 0.1243700033,
        "operatingIncome": 41837000,
        "operatingIncomeRatio": 0.0836403766,
        "totalOtherIncomeExpensesNet": -5656000,
        "incomeBeforeTax": 36181000,
        "incomeBeforeTaxRatio": 0.0723329222,
        "incomeTaxExpense": 8683000,
        "netIncome": 27498000,
        "netIncomeRatio": 0.0549739005,
        "eps": 0.3,
        "epsdiluted": 0.3,
        "weightedAverageShsOut": 92854000,
        "weightedAverageShsOutDil": 92854000,
        "link": null,
        "finalLink": null
    },
    {
        "date": "2008-03-31",
        "symbol": "PRGO",
        "reportedCurrency": "USD",
        "cik": "0001585364",
        "fillingDate": "2008-03-31",
        "acceptedDate": "2008-03-31 00:00:00",
        "calendarYear": "2008",
        "period": "Q1",
        "revenue": 503707000,
        "costOfRevenue": 345761000,
        "grossProfit": 157946000,
        "grossProfitRatio": 0.3135672127,
        "researchAndDevelopmentExpenses": 19160000,
        "generalAndAdministrativeExpenses": 0,
        "sellingAndMarketingExpenses": 0,
        "sellingGeneralAndAdministrativeExpenses": 75965000,
        "otherExpenses": -35438000,
        "operatingExpenses": 59687000,
        "costAndExpenses": 405448000,
        "interestIncome": 0,
        "interestExpense": 42708000,
        "depreciationAndAmortization": 19839000,
        "ebitda": 118098000,
        "ebitdaratio": 0.2344577304,
        "operatingIncome": 95125000,
        "operatingIncomeRatio": 0.1888498671,
        "totalOtherIncomeExpensesNet": -39574000,
        "incomeBeforeTax": 55551000,
        "incomeBeforeTaxRatio": 0.1102843518,
        "incomeTaxExpense": 15584000,
        "netIncome": 39967000,
        "netIncomeRatio": 0.0793457308,
        "eps": 0.43,
        "epsdiluted": 0.42,
        "weightedAverageShsOut": 92854000,
        "weightedAverageShsOutDil": 94955000,
        "link": null,
        "finalLink": null
    },
    {
        "date": "2007-12-31",
        "symbol": "PRGO",
        "reportedCurrency": "USD",
        "cik": "0001585364",
        "fillingDate": "2007-12-31",
        "acceptedDate": "2007-12-31 00:00:00",
        "calendarYear": "2007",
        "period": "Q4",
        "revenue": 435483000,
        "costOfRevenue": 305071000,
        "grossProfit": 130412000,
        "grossProfitRatio": 0.2994651915,
        "researchAndDevelopmentExpenses": 16143000,
        "generalAndAdministrativeExpenses": 0,
        "sellingAndMarketingExpenses": 0,
        "sellingGeneralAndAdministrativeExpenses": 65429000,
        "otherExpenses": 0,
        "operatingExpenses": 81572000,
        "costAndExpenses": 386643000,
        "interestIncome": 0,
        "interestExpense": 2705000,
        "depreciationAndAmortization": 15413000,
        "ebitda": 64253000,
        "ebitdaratio": 0.147544221,
        "operatingIncome": 48840000,
        "operatingIncomeRatio": 0.1121513354,
        "totalOtherIncomeExpensesNet": -2705000,
        "incomeBeforeTax": 46135000,
        "incomeBeforeTaxRatio": 0.1059398415,
        "incomeTaxExpense": 11846000,
        "netIncome": 34289000,
        "netIncomeRatio": 0.0787378612,
        "eps": 0.37,
        "epsdiluted": 0.36,
        "weightedAverageShsOut": 93147000,
        "weightedAverageShsOutDil": 95283000,
        "link": null,
        "finalLink": null
    },
    {
        "date": "2007-09-30",
        "symbol": "PRGO",
        "reportedCurrency": "USD",
        "cik": "0001585364",
        "fillingDate": "2007-09-30",
        "acceptedDate": "2007-09-30 00:00:00",
        "calendarYear": "2007",
        "period": "Q3",
        "revenue": 382740000,
        "costOfRevenue": 266022000,
        "grossProfit": 116718000,
        "grossProfitRatio": 0.3049537545,
        "researchAndDevelopmentExpenses": 16320000,
        "generalAndAdministrativeExpenses": 0,
        "sellingAndMarketingExpenses": 0,
        "sellingGeneralAndAdministrativeExpenses": 54349000,
        "otherExpenses": 0,
        "operatingExpenses": 70669000,
        "costAndExpenses": 336691000,
        "interestIncome": 0,
        "interestExpense": 3472000,
        "depreciationAndAmortization": 15570000,
        "ebitda": 61619000,
        "ebitdaratio": 0.1609944087,
        "operatingIncome": 46049000,
        "operatingIncomeRatio": 0.1203140513,
        "totalOtherIncomeExpensesNet": -3472000,
        "incomeBeforeTax": 42577000,
        "incomeBeforeTaxRatio": 0.111242619,
        "incomeTaxExpense": 8558000,
        "netIncome": 34019000,
        "netIncomeRatio": 0.0888827925,
        "eps": 0.37,
        "epsdiluted": 0.36,
        "weightedAverageShsOut": 93142000,
        "weightedAverageShsOutDil": 94884000,
        "link": null,
        "finalLink": null
    },
    {
        "date": "2007-06-30",
        "symbol": "PRGO",
        "reportedCurrency": "USD",
        "cik": "0001585364",
        "fillingDate": "2007-06-30",
        "acceptedDate": "2007-06-30 00:00:00",
        "calendarYear": "2007",
        "period": "Q2",
        "revenue": 374296000,
        "costOfRevenue": 265822000,
        "grossProfit": 108474000,
        "grossProfitRatio": 0.2898080663,
        "researchAndDevelopmentExpenses": 22141000,
        "generalAndAdministrativeExpenses": 0,
        "sellingAndMarketingExpenses": 0,
        "sellingGeneralAndAdministrativeExpenses": 63481000,
        "otherExpenses": 0,
        "operatingExpenses": 85622000,
        "costAndExpenses": 351444000,
        "interestIncome": 0,
        "interestExpense": 4484000,
        "depreciationAndAmortization": 16035000,
        "ebitda": 38887000,
        "ebitdaratio": 0.1038937098,
        "operatingIncome": 22921000,
        "operatingIncomeRatio": 0.0612376301,
        "totalOtherIncomeExpensesNet": -2154000,
        "incomeBeforeTax": 20767000,
        "incomeBeforeTaxRatio": 0.0554828264,
        "incomeTaxExpense": 1996000,
        "netIncome": 18771000,
        "netIncomeRatio": 0.0501501485,
        "eps": 0.2,
        "epsdiluted": 0.2,
        "weightedAverageShsOut": 91643000,
        "weightedAverageShsOutDil": 91643000,
        "link": null,
        "finalLink": null
    },
    {
        "date": "2007-03-31",
        "symbol": "PRGO",
        "reportedCurrency": "USD",
        "cik": "0001585364",
        "fillingDate": "2007-03-31",
        "acceptedDate": "2007-03-31 00:00:00",
        "calendarYear": "2007",
        "period": "Q1",
        "revenue": 362288000,
        "costOfRevenue": 262079000,
        "grossProfit": 100209000,
        "grossProfitRatio": 0.2766003842,
        "researchAndDevelopmentExpenses": 16390000,
        "generalAndAdministrativeExpenses": 0,
        "sellingAndMarketingExpenses": 0,
        "sellingGeneralAndAdministrativeExpenses": 51730000,
        "otherExpenses": 0,
        "operatingExpenses": 68120000,
        "costAndExpenses": 330199000,
        "interestIncome": 0,
        "interestExpense": 1776000,
        "depreciationAndAmortization": 14316000,
        "ebitda": 46405000,
        "ebitdaratio": 0.1280887029,
        "operatingIncome": 23531000,
        "operatingIncomeRatio": 0.0649510886,
        "totalOtherIncomeExpensesNet": -1776000,
        "incomeBeforeTax": 21755000,
        "incomeBeforeTaxRatio": 0.0600489114,
        "incomeTaxExpense": 4699000,
        "netIncome": 17056000,
        "netIncomeRatio": 0.0470785673,
        "eps": 0.19,
        "epsdiluted": 0.18,
        "weightedAverageShsOut": 91643000,
        "weightedAverageShsOutDil": 93298000,
        "link": null,
        "finalLink": null
    },
    {
        "date": "2006-12-31",
        "symbol": "PRGO",
        "reportedCurrency": "USD",
        "cik": "0001585364",
        "fillingDate": "2006-12-31",
        "acceptedDate": "2006-12-31 00:00:00",
        "calendarYear": "2006",
        "period": "Q4",
        "revenue": 370629000,
        "costOfRevenue": 272304000,
        "grossProfit": 98325000,
        "grossProfitRatio": 0.2652922464,
        "researchAndDevelopmentExpenses": 14902000,
        "generalAndAdministrativeExpenses": 0,
        "sellingAndMarketingExpenses": 0,
        "sellingGeneralAndAdministrativeExpenses": 56394000,
        "otherExpenses": 0,
        "operatingExpenses": 71296000,
        "costAndExpenses": 343600000,
        "interestIncome": 0,
        "interestExpense": 3300000,
        "depreciationAndAmortization": 14179000,
        "ebitda": 39592000,
        "ebitdaratio": 0.1068238049,
        "operatingIncome": 26387000,
        "operatingIncomeRatio": 0.0711951844,
        "totalOtherIncomeExpensesNet": -1042000,
        "incomeBeforeTax": 25345000,
        "incomeBeforeTaxRatio": 0.0683837476,
        "incomeTaxExpense": 4257000,
        "netIncome": 21088000,
        "netIncomeRatio": 0.0568978682,
        "eps": 0.23,
        "epsdiluted": 0.23,
        "weightedAverageShsOut": 91836000,
        "weightedAverageShsOutDil": 93506000,
        "link": null,
        "finalLink": null
    },
    {
        "date": "2006-09-30",
        "symbol": "PRGO",
        "reportedCurrency": "USD",
        "cik": "0001585364",
        "fillingDate": "2006-09-30",
        "acceptedDate": "2006-09-30 00:00:00",
        "calendarYear": "2006",
        "period": "Q3",
        "revenue": 340215000,
        "costOfRevenue": 245598000,
        "grossProfit": 94617000,
        "grossProfitRatio": 0.2781094308,
        "researchAndDevelopmentExpenses": 13047000,
        "generalAndAdministrativeExpenses": 0,
        "sellingAndMarketingExpenses": 0,
        "sellingGeneralAndAdministrativeExpenses": 55858000,
        "otherExpenses": 0,
        "operatingExpenses": 68905000,
        "costAndExpenses": 314503000,
        "interestIncome": 0,
        "interestExpense": 4525000,
        "depreciationAndAmortization": 13502000,
        "ebitda": 39214000,
        "ebitdaratio": 0.1152624076,
        "operatingIncome": 25712000,
        "operatingIncomeRatio": 0.0755757389,
        "totalOtherIncomeExpensesNet": -4525000,
        "incomeBeforeTax": 21187000,
        "incomeBeforeTaxRatio": 0.0622753259,
        "incomeTaxExpense": 4305000,
        "netIncome": 16882000,
        "netIncomeRatio": 0.0496215628,
        "eps": 0.18,
        "epsdiluted": 0.18,
        "weightedAverageShsOut": 92168000,
        "weightedAverageShsOutDil": 93273000,
        "link": null,
        "finalLink": null
    },
    {
        "date": "2006-06-30",
        "symbol": "PRGO",
        "reportedCurrency": "USD",
        "cik": "0001585364",
        "fillingDate": "2006-06-30",
        "acceptedDate": "2006-06-30 00:00:00",
        "calendarYear": "2006",
        "period": "Q2",
        "revenue": 355069000,
        "costOfRevenue": 247092000,
        "grossProfit": 107977000,
        "grossProfitRatio": 0.3041014563,
        "researchAndDevelopmentExpenses": 15158000,
        "generalAndAdministrativeExpenses": 0,
        "sellingAndMarketingExpenses": 0,
        "sellingGeneralAndAdministrativeExpenses": 63034000,
        "otherExpenses": 0,
        "operatingExpenses": 78192000,
        "costAndExpenses": 325284000,
        "interestIncome": 0,
        "interestExpense": 3137000,
        "depreciationAndAmortization": 14449000,
        "ebitda": 44234000,
        "ebitdaratio": 0.124578603,
        "operatingIncome": 20939000,
        "operatingIncomeRatio": 0.0589716365,
        "totalOtherIncomeExpensesNet": -3137000,
        "incomeBeforeTax": 17802000,
        "incomeBeforeTaxRatio": 0.050136734,
        "incomeTaxExpense": 5540000,
        "netIncome": 12262000,
        "netIncomeRatio": 0.0345341328,
        "eps": 0.13,
        "epsdiluted": 0.13,
        "weightedAverageShsOut": 92602000,
        "weightedAverageShsOutDil": 92683000,
        "link": null,
        "finalLink": null
    },
    {
        "date": "2006-03-31",
        "symbol": "PRGO",
        "reportedCurrency": "USD",
        "cik": "0001585364",
        "fillingDate": "2006-03-31",
        "acceptedDate": "2006-03-31 00:00:00",
        "calendarYear": "2006",
        "period": "Q1",
        "revenue": 332321000,
        "costOfRevenue": 235043000,
        "grossProfit": 97278000,
        "grossProfitRatio": 0.2927229998,
        "researchAndDevelopmentExpenses": 12260000,
        "generalAndAdministrativeExpenses": 0,
        "sellingAndMarketingExpenses": 0,
        "sellingGeneralAndAdministrativeExpenses": 54663000,
        "otherExpenses": 0,
        "operatingExpenses": 66923000,
        "costAndExpenses": 301966000,
        "interestIncome": 0,
        "interestExpense": 155000,
        "depreciationAndAmortization": 15402000,
        "ebitda": 45757000,
        "ebitdaratio": 0.137689162,
        "operatingIncome": 30355000,
        "operatingIncomeRatio": 0.0913424069,
        "totalOtherIncomeExpensesNet": -155000,
        "incomeBeforeTax": 30200000,
        "incomeBeforeTaxRatio": 0.0908759904,
        "incomeTaxExpense": 9339000,
        "netIncome": 20861000,
        "netIncomeRatio": 0.0627736436,
        "eps": 0.23,
        "epsdiluted": 0.22,
        "weightedAverageShsOut": 92683000,
        "weightedAverageShsOutDil": 94044000,
        "link": null,
        "finalLink": null
    },
    {
        "date": "2005-12-31",
        "symbol": "PRGO",
        "reportedCurrency": "USD",
        "cik": "0001585364",
        "fillingDate": "2005-12-31",
        "acceptedDate": "2005-12-31 00:00:00",
        "calendarYear": "2005",
        "period": "Q4",
        "revenue": 359697000,
        "costOfRevenue": 254127000,
        "grossProfit": 105570000,
        "grossProfitRatio": 0.2934970267,
        "researchAndDevelopmentExpenses": 12226000,
        "generalAndAdministrativeExpenses": 0,
        "sellingAndMarketingExpenses": 0,
        "sellingGeneralAndAdministrativeExpenses": 54035000,
        "otherExpenses": 0,
        "operatingExpenses": 66261000,
        "costAndExpenses": 320388000,
        "interestIncome": 0,
        "interestExpense": 0,
        "depreciationAndAmortization": 12457000,
        "ebitda": 51766000,
        "ebitdaratio": 0.1439155734,
        "operatingIncome": 39309000,
        "operatingIncomeRatio": 0.1092836471,
        "totalOtherIncomeExpensesNet": 675000,
        "incomeBeforeTax": 39984000,
        "incomeBeforeTaxRatio": 0.1111602265,
        "incomeTaxExpense": 14618000,
        "netIncome": 25366000,
        "netIncomeRatio": 0.0705204658,
        "eps": 0.27,
        "epsdiluted": 0.27,
        "weightedAverageShsOut": 92833000,
        "weightedAverageShsOutDil": 93963000,
        "link": null,
        "finalLink": null
    },
    {
        "date": "2005-09-30",
        "symbol": "PRGO",
        "reportedCurrency": "USD",
        "cik": "0001585364",
        "fillingDate": "2005-09-30",
        "acceptedDate": "2005-09-30 00:00:00",
        "calendarYear": "2005",
        "period": "Q3",
        "revenue": 319734000,
        "costOfRevenue": 232818000,
        "grossProfit": 86916000,
        "grossProfitRatio": 0.2718384657,
        "researchAndDevelopmentExpenses": 12649000,
        "generalAndAdministrativeExpenses": 0,
        "sellingAndMarketingExpenses": 0,
        "sellingGeneralAndAdministrativeExpenses": 53538000,
        "otherExpenses": 0,
        "operatingExpenses": 66187000,
        "costAndExpenses": 299005000,
        "interestIncome": 0,
        "interestExpense": 2780000,
        "depreciationAndAmortization": 14296000,
        "ebitda": 35025000,
        "ebitdaratio": 0.1095441836,
        "operatingIncome": 20729000,
        "operatingIncomeRatio": 0.0648320166,
        "totalOtherIncomeExpensesNet": -2780000,
        "incomeBeforeTax": 17949000,
        "incomeBeforeTaxRatio": 0.0561372891,
        "incomeTaxExpense": 5038000,
        "netIncome": 12911000,
        "netIncomeRatio": 0.0403804412,
        "eps": 0.14,
        "epsdiluted": 0.14,
        "weightedAverageShsOut": 93188000,
        "weightedAverageShsOutDil": 94314000,
        "link": null,
        "finalLink": null
    },
    {
        "date": "2005-06-30",
        "symbol": "PRGO",
        "reportedCurrency": "USD",
        "cik": "0001585364",
        "fillingDate": "2005-06-30",
        "acceptedDate": "2005-06-30 00:00:00",
        "calendarYear": "2005",
        "period": "Q2",
        "revenue": 324538000,
        "costOfRevenue": 258879000,
        "grossProfit": 65659000,
        "grossProfitRatio": 0.2023152913,
        "researchAndDevelopmentExpenses": 15555000,
        "generalAndAdministrativeExpenses": 0,
        "sellingAndMarketingExpenses": 0,
        "sellingGeneralAndAdministrativeExpenses": 57323000,
        "otherExpenses": -388600000,
        "operatingExpenses": -315722000,
        "costAndExpenses": -56843000,
        "interestIncome": 0,
        "interestExpense": 390009000,
        "depreciationAndAmortization": 11252000,
        "ebitda": 392633000,
        "ebitdaratio": 1.209821346,
        "operatingIncome": -5419000,
        "operatingIncomeRatio": -0.0166975824,
        "totalOtherIncomeExpensesNet": -3209000,
        "incomeBeforeTax": -8628000,
        "incomeBeforeTaxRatio": -0.0265854846,
        "incomeTaxExpense": -1665000,
        "netIncome": -6963000,
        "netIncomeRatio": -0.0214551147,
        "eps": -0.0945,
        "epsdiluted": -0.0945,
        "weightedAverageShsOut": 73660000,
        "weightedAverageShsOutDil": 73660000,
        "link": null,
        "finalLink": null
    },
    {
        "date": "2005-03-31",
        "symbol": "PRGO",
        "reportedCurrency": "USD",
        "cik": "0001585364",
        "fillingDate": "2005-03-31",
        "acceptedDate": "2005-03-31 00:00:00",
        "calendarYear": "2005",
        "period": "Q1",
        "revenue": 220093000,
        "costOfRevenue": 157132000,
        "grossProfit": 62961000,
        "grossProfitRatio": 0.286065436,
        "researchAndDevelopmentExpenses": 7224000,
        "generalAndAdministrativeExpenses": 0,
        "sellingAndMarketingExpenses": 0,
        "sellingGeneralAndAdministrativeExpenses": 36584000,
        "otherExpenses": 388600000,
        "operatingExpenses": 432408000,
        "costAndExpenses": 589540000,
        "interestIncome": 0,
        "interestExpense": 4837000,
        "depreciationAndAmortization": 8047000,
        "ebitda": -361400000,
        "ebitdaratio": -1.6420331405,
        "operatingIncome": -375829000,
        "operatingIncomeRatio": -1.7075917907,
        "totalOtherIncomeExpensesNet": 1545000,
        "incomeBeforeTax": -374284000,
        "incomeBeforeTaxRatio": -1.7005720309,
        "incomeTaxExpense": 5152000,
        "netIncome": -379436000,
        "netIncomeRatio": -1.7239803174,
        "eps": -5.15,
        "epsdiluted": -5.15,
        "weightedAverageShsOut": 73660000,
        "weightedAverageShsOutDil": 73660000,
        "link": null,
        "finalLink": null
    },
    {
        "date": "2004-12-31",
        "symbol": "PRGO",
        "reportedCurrency": "USD",
        "cik": "0001585364",
        "fillingDate": "2004-12-31",
        "acceptedDate": "2004-12-31 00:00:00",
        "calendarYear": "2004",
        "period": "Q4",
        "revenue": 251748000,
        "costOfRevenue": 184692000,
        "grossProfit": 67056000,
        "grossProfitRatio": 0.2663615997,
        "researchAndDevelopmentExpenses": 9286000,
        "generalAndAdministrativeExpenses": 0,
        "sellingAndMarketingExpenses": 0,
        "sellingGeneralAndAdministrativeExpenses": 33621000,
        "otherExpenses": 0,
        "operatingExpenses": 42907000,
        "costAndExpenses": 227599000,
        "interestIncome": 0,
        "interestExpense": 0,
        "depreciationAndAmortization": 8422000,
        "ebitda": 32571000,
        "ebitdaratio": 0.1293793794,
        "operatingIncome": 24149000,
        "operatingIncomeRatio": 0.0959252904,
        "totalOtherIncomeExpensesNet": 604000,
        "incomeBeforeTax": 24753000,
        "incomeBeforeTaxRatio": 0.098324515,
        "incomeTaxExpense": 8915000,
        "netIncome": 15838000,
        "netIncomeRatio": 0.0629121185,
        "eps": 0.22,
        "epsdiluted": 0.22,
        "weightedAverageShsOut": 71206000,
        "weightedAverageShsOutDil": 73285000,
        "link": null,
        "finalLink": null
    },
    {
        "date": "2004-09-30",
        "symbol": "PRGO",
        "reportedCurrency": "USD",
        "cik": "0001585364",
        "fillingDate": "2004-09-30",
        "acceptedDate": "2004-09-30 00:00:00",
        "calendarYear": "2004",
        "period": "Q3",
        "revenue": 227719000,
        "costOfRevenue": 163006000,
        "grossProfit": 64713000,
        "grossProfitRatio": 0.2841791858,
        "researchAndDevelopmentExpenses": 6354000,
        "generalAndAdministrativeExpenses": 0,
        "sellingAndMarketingExpenses": 0,
        "sellingGeneralAndAdministrativeExpenses": 31733000,
        "otherExpenses": 0,
        "operatingExpenses": 38087000,
        "costAndExpenses": 201093000,
        "interestIncome": 0,
        "interestExpense": 0,
        "depreciationAndAmortization": 7092000,
        "ebitda": 33718000,
        "ebitdaratio": 0.1480684528,
        "operatingIncome": 26626000,
        "operatingIncomeRatio": 0.1169248065,
        "totalOtherIncomeExpensesNet": 840000,
        "incomeBeforeTax": 27466000,
        "incomeBeforeTaxRatio": 0.1206135632,
        "incomeTaxExpense": 9888000,
        "netIncome": 17578000,
        "netIncomeRatio": 0.0771916265,
        "eps": 0.25,
        "epsdiluted": 0.24,
        "weightedAverageShsOut": 70948000,
        "weightedAverageShsOutDil": 73043000,
        "link": null,
        "finalLink": null
    },
    {
        "date": "2004-06-30",
        "symbol": "PRGO",
        "reportedCurrency": "USD",
        "cik": "0001585364",
        "fillingDate": "2004-06-30",
        "acceptedDate": "2004-06-30 00:00:00",
        "calendarYear": "2004",
        "period": "Q2",
        "revenue": 212565000,
        "costOfRevenue": 143115000,
        "grossProfit": 69450000,
        "grossProfitRatio": 0.3267235904,
        "researchAndDevelopmentExpenses": 9137000,
        "generalAndAdministrativeExpenses": 0,
        "sellingAndMarketingExpenses": 0,
        "sellingGeneralAndAdministrativeExpenses": 48044000,
        "otherExpenses": 0,
        "operatingExpenses": 57181000,
        "costAndExpenses": 200296000,
        "interestIncome": 0,
        "interestExpense": 0,
        "depreciationAndAmortization": 7182000,
        "ebitda": 19451000,
        "ebitdaratio": 0.0915061275,
        "operatingIncome": 12269000,
        "operatingIncomeRatio": 0.0577188154,
        "totalOtherIncomeExpensesNet": 928000,
        "incomeBeforeTax": 13197000,
        "incomeBeforeTaxRatio": 0.0620845388,
        "incomeTaxExpense": 5112000,
        "netIncome": 8085000,
        "netIncomeRatio": 0.0380354245,
        "eps": 0.12,
        "epsdiluted": 0.12,
        "weightedAverageShsOut": 70296000,
        "weightedAverageShsOutDil": 70296000,
        "link": null,
        "finalLink": null
    },
    {
        "date": "2004-03-31",
        "symbol": "PRGO",
        "reportedCurrency": "USD",
        "cik": "0001585364",
        "fillingDate": "2004-03-31",
        "acceptedDate": "2004-03-31 00:00:00",
        "calendarYear": "2004",
        "period": "Q1",
        "revenue": 230740000,
        "costOfRevenue": 164108000,
        "grossProfit": 66632000,
        "grossProfitRatio": 0.2887752449,
        "researchAndDevelopmentExpenses": 6685000,
        "generalAndAdministrativeExpenses": 0,
        "sellingAndMarketingExpenses": 0,
        "sellingGeneralAndAdministrativeExpenses": 33435000,
        "otherExpenses": 0,
        "operatingExpenses": 40120000,
        "costAndExpenses": 204228000,
        "interestIncome": 0,
        "interestExpense": 0,
        "depreciationAndAmortization": 6903000,
        "ebitda": 33415000,
        "ebitdaratio": 0.1448166768,
        "operatingIncome": 26512000,
        "operatingIncomeRatio": 0.1148998873,
        "totalOtherIncomeExpensesNet": 1206000,
        "incomeBeforeTax": 27718000,
        "incomeBeforeTaxRatio": 0.1201265494,
        "incomeTaxExpense": 9979000,
        "netIncome": 17739000,
        "netIncomeRatio": 0.076878738,
        "eps": 0.25,
        "epsdiluted": 0.24,
        "weightedAverageShsOut": 70296000,
        "weightedAverageShsOutDil": 72598000,
        "link": null,
        "finalLink": null
    },
    {
        "date": "2003-12-31",
        "symbol": "PRGO",
        "reportedCurrency": "USD",
        "cik": "0001585364",
        "fillingDate": "2003-12-31",
        "acceptedDate": "2003-12-31 00:00:00",
        "calendarYear": "2003",
        "period": "Q4",
        "revenue": 245094000,
        "costOfRevenue": 171198000,
        "grossProfit": 73896000,
        "grossProfitRatio": 0.3015006487,
        "researchAndDevelopmentExpenses": 6186000,
        "generalAndAdministrativeExpenses": 0,
        "sellingAndMarketingExpenses": 0,
        "sellingGeneralAndAdministrativeExpenses": 28940000,
        "otherExpenses": 0,
        "operatingExpenses": 35126000,
        "costAndExpenses": 206324000,
        "interestIncome": 0,
        "interestExpense": 0,
        "depreciationAndAmortization": 7336000,
        "ebitda": 46106000,
        "ebitdaratio": 0.1881155801,
        "operatingIncome": 38770000,
        "operatingIncomeRatio": 0.1581842069,
        "totalOtherIncomeExpensesNet": 504000,
        "incomeBeforeTax": 39274000,
        "incomeBeforeTaxRatio": 0.1602405608,
        "incomeTaxExpense": 1039000,
        "netIncome": 38235000,
        "netIncomeRatio": 0.1560013709,
        "eps": 0.55,
        "epsdiluted": 0.53,
        "weightedAverageShsOut": 69967000,
        "weightedAverageShsOutDil": 71500000,
        "link": null,
        "finalLink": null
    },
    {
        "date": "2003-09-30",
        "symbol": "PRGO",
        "reportedCurrency": "USD",
        "cik": "0001585364",
        "fillingDate": "2003-09-30",
        "acceptedDate": "2003-09-30 00:00:00",
        "calendarYear": "2003",
        "period": "Q3",
        "revenue": 209805000,
        "costOfRevenue": 151819000,
        "grossProfit": 57986000,
        "grossProfitRatio": 0.2763804485,
        "researchAndDevelopmentExpenses": 5713000,
        "generalAndAdministrativeExpenses": 0,
        "sellingAndMarketingExpenses": 0,
        "sellingGeneralAndAdministrativeExpenses": 26928000,
        "otherExpenses": 0,
        "operatingExpenses": 32641000,
        "costAndExpenses": 184460000,
        "interestIncome": 0,
        "interestExpense": 0,
        "depreciationAndAmortization": 7031000,
        "ebitda": 32376000,
        "ebitdaratio": 0.1543147208,
        "operatingIncome": 25345000,
        "operatingIncomeRatio": 0.1208026501,
        "totalOtherIncomeExpensesNet": 449000,
        "incomeBeforeTax": 25794000,
        "incomeBeforeTaxRatio": 0.1229427325,
        "incomeTaxExpense": 9286000,
        "netIncome": 16508000,
        "netIncomeRatio": 0.0786825862,
        "eps": 0.24,
        "epsdiluted": 0.23,
        "weightedAverageShsOut": 70040000,
        "weightedAverageShsOutDil": 71809000,
        "link": null,
        "finalLink": null
    },
    {
        "date": "2003-06-30",
        "symbol": "PRGO",
        "reportedCurrency": "USD",
        "cik": "0001585364",
        "fillingDate": "2003-06-30",
        "acceptedDate": "2003-06-30 00:00:00",
        "calendarYear": "2003",
        "period": "Q2",
        "revenue": 182635000,
        "costOfRevenue": 137405000,
        "grossProfit": 45230000,
        "grossProfitRatio": 0.2476524215,
        "researchAndDevelopmentExpenses": 7078000,
        "generalAndAdministrativeExpenses": 0,
        "sellingAndMarketingExpenses": 0,
        "sellingGeneralAndAdministrativeExpenses": 31573000,
        "otherExpenses": 0,
        "operatingExpenses": 38651000,
        "costAndExpenses": 176056000,
        "interestIncome": 0,
        "interestExpense": 15000,
        "depreciationAndAmortization": 6349000,
        "ebitda": 12928000,
        "ebitdaratio": 0.0707859939,
        "operatingIncome": 6579000,
        "operatingIncomeRatio": 0.0360226682,
        "totalOtherIncomeExpensesNet": -15000,
        "incomeBeforeTax": 6564000,
        "incomeBeforeTaxRatio": 0.0359405371,
        "incomeTaxExpense": 2240000,
        "netIncome": 4324000,
        "netIncomeRatio": 0.0236756372,
        "eps": 0.0624,
        "epsdiluted": 0.0624,
        "weightedAverageShsOut": 69337000,
        "weightedAverageShsOutDil": 69337000,
        "link": null,
        "finalLink": null
    },
    {
        "date": "2003-03-31",
        "symbol": "PRGO",
        "reportedCurrency": "USD",
        "cik": "0001585364",
        "fillingDate": "2003-03-31",
        "acceptedDate": "2003-03-31 00:00:00",
        "calendarYear": "2003",
        "period": "Q1",
        "revenue": 202616000,
        "costOfRevenue": 143910000,
        "grossProfit": 58706000,
        "grossProfitRatio": 0.2897401982,
        "researchAndDevelopmentExpenses": 5468000,
        "generalAndAdministrativeExpenses": 0,
        "sellingAndMarketingExpenses": 0,
        "sellingGeneralAndAdministrativeExpenses": 30713000,
        "otherExpenses": 0,
        "operatingExpenses": 36181000,
        "costAndExpenses": 180091000,
        "interestIncome": 0,
        "interestExpense": 0,
        "depreciationAndAmortization": 6272000,
        "ebitda": 28797000,
        "ebitdaratio": 0.142125992,
        "operatingIncome": 22525000,
        "operatingIncomeRatio": 0.1111708848,
        "totalOtherIncomeExpensesNet": 373000,
        "incomeBeforeTax": 22898000,
        "incomeBeforeTaxRatio": 0.1130118056,
        "incomeTaxExpense": 8766000,
        "netIncome": 14132000,
        "netIncomeRatio": 0.0697477001,
        "eps": 0.2,
        "epsdiluted": 0.2,
        "weightedAverageShsOut": 69337000,
        "weightedAverageShsOutDil": 70601000,
        "link": null,
        "finalLink": null
    },
    {
        "date": "2002-12-31",
        "symbol": "PRGO",
        "reportedCurrency": "USD",
        "cik": "0001585364",
        "fillingDate": "2002-12-31",
        "acceptedDate": "2002-12-31 00:00:00",
        "calendarYear": "2002",
        "period": "Q4",
        "revenue": 227521000,
        "costOfRevenue": 163225000,
        "grossProfit": 64296000,
        "grossProfitRatio": 0.2825936946,
        "researchAndDevelopmentExpenses": 5321000,
        "generalAndAdministrativeExpenses": 0,
        "sellingAndMarketingExpenses": 0,
        "sellingGeneralAndAdministrativeExpenses": 32630000,
        "otherExpenses": 0,
        "operatingExpenses": 37951000,
        "costAndExpenses": 201176000,
        "interestIncome": 0,
        "interestExpense": 0,
        "depreciationAndAmortization": 6693000,
        "ebitda": 33038000,
        "ebitdaratio": 0.1452085742,
        "operatingIncome": 26345000,
        "operatingIncomeRatio": 0.1157915094,
        "totalOtherIncomeExpensesNet": 514000,
        "incomeBeforeTax": 26859000,
        "incomeBeforeTaxRatio": 0.1180506415,
        "incomeTaxExpense": 10045000,
        "netIncome": 16814000,
        "netIncomeRatio": 0.0739008707,
        "eps": 0.24,
        "epsdiluted": 0.24,
        "weightedAverageShsOut": 69273000,
        "weightedAverageShsOutDil": 70394000,
        "link": null,
        "finalLink": null
    },
    {
        "date": "2002-09-30",
        "symbol": "PRGO",
        "reportedCurrency": "USD",
        "cik": "0001585364",
        "fillingDate": "2002-09-30",
        "acceptedDate": "2002-09-30 00:00:00",
        "calendarYear": "2002",
        "period": "Q3",
        "revenue": 213215000,
        "costOfRevenue": 151536000,
        "grossProfit": 61679000,
        "grossProfitRatio": 0.2892807729,
        "researchAndDevelopmentExpenses": 5448000,
        "generalAndAdministrativeExpenses": 0,
        "sellingAndMarketingExpenses": 0,
        "sellingGeneralAndAdministrativeExpenses": 28297000,
        "otherExpenses": -3128000,
        "operatingExpenses": 30617000,
        "costAndExpenses": 182153000,
        "interestIncome": 0,
        "interestExpense": 0,
        "depreciationAndAmortization": 6812000,
        "ebitda": 37874000,
        "ebitdaratio": 0.1776329058,
        "operatingIncome": 31062000,
        "operatingIncomeRatio": 0.1456839341,
        "totalOtherIncomeExpensesNet": 208000,
        "incomeBeforeTax": 31270000,
        "incomeBeforeTaxRatio": 0.1466594752,
        "incomeTaxExpense": 11259000,
        "netIncome": 20011000,
        "netIncomeRatio": 0.0938536219,
        "eps": 0.28,
        "epsdiluted": 0.28,
        "weightedAverageShsOut": 70719000,
        "weightedAverageShsOutDil": 72136000,
        "link": null,
        "finalLink": null
    },
    {
        "date": "2002-06-30",
        "symbol": "PRGO",
        "reportedCurrency": "USD",
        "cik": "0001585364",
        "fillingDate": "2002-06-30",
        "acceptedDate": "2002-06-30 00:00:00",
        "calendarYear": "2002",
        "period": "Q2",
        "revenue": 182021000,
        "costOfRevenue": 137420000,
        "grossProfit": 44601000,
        "grossProfitRatio": 0.2450321666,
        "researchAndDevelopmentExpenses": 6776000,
        "generalAndAdministrativeExpenses": 0,
        "sellingAndMarketingExpenses": 0,
        "sellingGeneralAndAdministrativeExpenses": 30373000,
        "otherExpenses": -8554000,
        "operatingExpenses": 28595000,
        "costAndExpenses": 166015000,
        "interestIncome": 0,
        "interestExpense": 0,
        "depreciationAndAmortization": 7645000,
        "ebitda": 23651000,
        "ebitdaratio": 0.1299355569,
        "operatingIncome": 10916000,
        "operatingIncomeRatio": 0.0599711022,
        "totalOtherIncomeExpensesNet": 859000,
        "incomeBeforeTax": 11775000,
        "incomeBeforeTaxRatio": 0.0646903379,
        "incomeTaxExpense": 10494000,
        "netIncome": 1281000,
        "netIncomeRatio": 0.0070376495,
        "eps": 0.0173,
        "epsdiluted": 0.0173,
        "weightedAverageShsOut": 72303000,
        "weightedAverageShsOutDil": 74080769,
        "link": null,
        "finalLink": null
    },
    {
        "date": "2002-03-31",
        "symbol": "PRGO",
        "reportedCurrency": "USD",
        "cik": "0001585364",
        "fillingDate": "2002-03-31",
        "acceptedDate": "2002-03-31 00:00:00",
        "calendarYear": "2002",
        "period": "Q1",
        "revenue": 198491000,
        "costOfRevenue": 143333000,
        "grossProfit": 55158000,
        "grossProfitRatio": 0.2778866548,
        "researchAndDevelopmentExpenses": 4312000,
        "generalAndAdministrativeExpenses": 0,
        "sellingAndMarketingExpenses": 0,
        "sellingGeneralAndAdministrativeExpenses": 28796000,
        "otherExpenses": -7813000,
        "operatingExpenses": 25295000,
        "costAndExpenses": 168628000,
        "interestIncome": 0,
        "interestExpense": 0,
        "depreciationAndAmortization": 5656000,
        "ebitda": 34003000,
        "ebitdaratio": 0.1713075152,
        "operatingIncome": 29863000,
        "operatingIncomeRatio": 0.1504501464,
        "totalOtherIncomeExpensesNet": 220000,
        "incomeBeforeTax": 30083000,
        "incomeBeforeTaxRatio": 0.151558509,
        "incomeTaxExpense": 10822000,
        "netIncome": 19261000,
        "netIncomeRatio": 0.0970371453,
        "eps": 0.25,
        "epsdiluted": 0.24,
        "weightedAverageShsOut": 72690000,
        "weightedAverageShsOutDil": 73859000,
        "link": null,
        "finalLink": null
    },
    {
        "date": "2001-12-31",
        "symbol": "PRGO",
        "reportedCurrency": "USD",
        "cik": "0001585364",
        "fillingDate": "2001-12-31",
        "acceptedDate": "2001-12-31 00:00:00",
        "calendarYear": "2001",
        "period": "Q4",
        "revenue": 228694000,
        "costOfRevenue": 167439000,
        "grossProfit": 61255000,
        "grossProfitRatio": 0.2678469921,
        "researchAndDevelopmentExpenses": 4958000,
        "generalAndAdministrativeExpenses": 0,
        "sellingAndMarketingExpenses": 0,
        "sellingGeneralAndAdministrativeExpenses": 28481000,
        "otherExpenses": 0,
        "operatingExpenses": 33439000,
        "costAndExpenses": 200878000,
        "interestIncome": 0,
        "interestExpense": 0,
        "depreciationAndAmortization": 5504000,
        "ebitda": 31804000,
        "ebitdaratio": 0.1390679248,
        "operatingIncome": 25770000,
        "operatingIncomeRatio": 0.1126833236,
        "totalOtherIncomeExpensesNet": 113000,
        "incomeBeforeTax": 25883000,
        "incomeBeforeTaxRatio": 0.1131774336,
        "incomeTaxExpense": 9318000,
        "netIncome": 16565000,
        "netIncomeRatio": 0.0724330328,
        "eps": 0.21,
        "epsdiluted": 0.2,
        "weightedAverageShsOut": 73343000,
        "weightedAverageShsOutDil": 74560000,
        "link": null,
        "finalLink": null
    },
    {
        "date": "2001-09-30",
        "symbol": "PRGO",
        "reportedCurrency": "USD",
        "cik": "0001585364",
        "fillingDate": "2001-09-30",
        "acceptedDate": "2001-09-30 00:00:00",
        "calendarYear": "2001",
        "period": "Q3",
        "revenue": 217116000,
        "costOfRevenue": 166227000,
        "grossProfit": 50889000,
        "grossProfitRatio": 0.2343862267,
        "researchAndDevelopmentExpenses": 3846000,
        "generalAndAdministrativeExpenses": 0,
        "sellingAndMarketingExpenses": 0,
        "sellingGeneralAndAdministrativeExpenses": 26593000,
        "otherExpenses": 0,
        "operatingExpenses": 30439000,
        "costAndExpenses": 196666000,
        "interestIncome": 0,
        "interestExpense": 0,
        "depreciationAndAmortization": 6808000,
        "ebitda": 27258000,
        "ebitdaratio": 0.1255457912,
        "operatingIncome": 20450000,
        "operatingIncomeRatio": 0.0941892813,
        "totalOtherIncomeExpensesNet": 163000,
        "incomeBeforeTax": 20613000,
        "incomeBeforeTaxRatio": 0.0949400321,
        "incomeTaxExpense": 7523000,
        "netIncome": 13090000,
        "netIncomeRatio": 0.0602903517,
        "eps": 0.18,
        "epsdiluted": 0.17,
        "weightedAverageShsOut": 74314000,
        "weightedAverageShsOutDil": 76925000,
        "link": null,
        "finalLink": null
    },
    {
        "date": "2001-06-30",
        "symbol": "PRGO",
        "reportedCurrency": "USD",
        "cik": "0001585364",
        "fillingDate": "2001-06-30",
        "acceptedDate": "2001-06-30 00:00:00",
        "calendarYear": "2001",
        "period": "Q2",
        "revenue": 177317000,
        "costOfRevenue": 157396000,
        "grossProfit": 19921000,
        "grossProfitRatio": 0.1123468139,
        "researchAndDevelopmentExpenses": 5004000,
        "generalAndAdministrativeExpenses": 0,
        "sellingAndMarketingExpenses": 0,
        "sellingGeneralAndAdministrativeExpenses": 24792000,
        "otherExpenses": -17600000,
        "operatingExpenses": 12196000,
        "costAndExpenses": 169592000,
        "interestIncome": 0,
        "interestExpense": 0,
        "depreciationAndAmortization": 4967000,
        "ebitda": 12692000,
        "ebitdaratio": 0.0715780213,
        "operatingIncome": 8605000,
        "operatingIncomeRatio": 0.0485289059,
        "totalOtherIncomeExpensesNet": 926000,
        "incomeBeforeTax": 9531000,
        "incomeBeforeTaxRatio": 0.0537511914,
        "incomeTaxExpense": 3330000,
        "netIncome": 6201000,
        "netIncomeRatio": 0.0349712662,
        "eps": 0.0859,
        "epsdiluted": 0.0859,
        "weightedAverageShsOut": 72150000,
        "weightedAverageShsOutDil": 72150000,
        "link": null,
        "finalLink": null
    },
    {
        "date": "2001-03-31",
        "symbol": "PRGO",
        "reportedCurrency": "USD",
        "cik": "0001585364",
        "fillingDate": "2001-03-31",
        "acceptedDate": "2001-03-31 00:00:00",
        "calendarYear": "2001",
        "period": "Q1",
        "revenue": 191956000,
        "costOfRevenue": 138183000,
        "grossProfit": 53773000,
        "grossProfitRatio": 0.2801319052,
        "researchAndDevelopmentExpenses": 5202000,
        "generalAndAdministrativeExpenses": 0,
        "sellingAndMarketingExpenses": 0,
        "sellingGeneralAndAdministrativeExpenses": 28490000,
        "otherExpenses": -538000,
        "operatingExpenses": 33154000,
        "costAndExpenses": 171337000,
        "interestIncome": 0,
        "interestExpense": 0,
        "depreciationAndAmortization": 6289000,
        "ebitda": 19819000,
        "ebitdaratio": 0.1032476192,
        "operatingIncome": 14330000,
        "operatingIncomeRatio": 0.0746525245,
        "totalOtherIncomeExpensesNet": 1687000,
        "incomeBeforeTax": 16017000,
        "incomeBeforeTaxRatio": 0.0834409969,
        "incomeTaxExpense": 5916000,
        "netIncome": 10101000,
        "netIncomeRatio": 0.0526214341,
        "eps": 0.14,
        "epsdiluted": 0.14,
        "weightedAverageShsOut": 73468000,
        "weightedAverageShsOutDil": 74552000,
        "link": null,
        "finalLink": null
    },
    {
        "date": "2000-12-31",
        "symbol": "PRGO",
        "reportedCurrency": "USD",
        "cik": "0001585364",
        "fillingDate": "2000-12-31",
        "acceptedDate": "2000-12-31 00:00:00",
        "calendarYear": "2000",
        "period": "Q4",
        "revenue": 190882000,
        "costOfRevenue": 133197000,
        "grossProfit": 57685000,
        "grossProfitRatio": 0.3022024078,
        "researchAndDevelopmentExpenses": 3470000,
        "generalAndAdministrativeExpenses": 0,
        "sellingAndMarketingExpenses": 0,
        "sellingGeneralAndAdministrativeExpenses": 28139000,
        "otherExpenses": 5590000,
        "operatingExpenses": 37199000,
        "costAndExpenses": 170396000,
        "interestIncome": 0,
        "interestExpense": 18782000,
        "depreciationAndAmortization": 5590000,
        "ebitda": 26738000,
        "ebitdaratio": 0.1400760679,
        "operatingIncome": 20486000,
        "operatingIncomeRatio": 0.1073228487,
        "totalOtherIncomeExpensesNet": -18782000,
        "incomeBeforeTax": 1704000,
        "incomeBeforeTaxRatio": 0.0089269811,
        "incomeTaxExpense": 884000,
        "netIncome": 820000,
        "netIncomeRatio": 0.0042958477,
        "eps": 0.01,
        "epsdiluted": 0.01,
        "weightedAverageShsOut": 73522000,
        "weightedAverageShsOutDil": 73953000,
        "link": null,
        "finalLink": null
    },
    {
        "date": "2000-09-30",
        "symbol": "PRGO",
        "reportedCurrency": "USD",
        "cik": "0001585364",
        "fillingDate": "2000-09-30",
        "acceptedDate": "2000-09-30 00:00:00",
        "calendarYear": "2000",
        "period": "Q3",
        "revenue": 193333000,
        "costOfRevenue": 140218000,
        "grossProfit": 53115000,
        "grossProfitRatio": 0.2747332323,
        "researchAndDevelopmentExpenses": 3958000,
        "generalAndAdministrativeExpenses": 0,
        "sellingAndMarketingExpenses": 0,
        "sellingGeneralAndAdministrativeExpenses": 26548000,
        "otherExpenses": 6176000,
        "operatingExpenses": 36682000,
        "costAndExpenses": 176900000,
        "interestIncome": 0,
        "interestExpense": 0,
        "depreciationAndAmortization": 6176000,
        "ebitda": 22609000,
        "ebitdaratio": 0.1169433051,
        "operatingIncome": 16433000,
        "operatingIncomeRatio": 0.0849984224,
        "totalOtherIncomeExpensesNet": 174000,
        "incomeBeforeTax": 16607000,
        "incomeBeforeTaxRatio": 0.085898424,
        "incomeTaxExpense": 6073000,
        "netIncome": 10534000,
        "netIncomeRatio": 0.0544863008,
        "eps": 0.14,
        "epsdiluted": 0.14,
        "weightedAverageShsOut": 75242857,
        "weightedAverageShsOutDil": 75242857,
        "link": null,
        "finalLink": null
    },
    {
        "date": "2000-06-30",
        "symbol": "PRGO",
        "reportedCurrency": "USD",
        "cik": "0001585364",
        "fillingDate": "2000-06-30",
        "acceptedDate": "2000-06-30 00:00:00",
        "calendarYear": "2000",
        "period": "Q2",
        "revenue": 150450000,
        "costOfRevenue": 125387000,
        "grossProfit": 25063000,
        "grossProfitRatio": 0.1665869059,
        "researchAndDevelopmentExpenses": 6122000,
        "generalAndAdministrativeExpenses": 0,
        "sellingAndMarketingExpenses": 0,
        "sellingGeneralAndAdministrativeExpenses": 29186000,
        "otherExpenses": 5258000,
        "operatingExpenses": 40566000,
        "costAndExpenses": 165953000,
        "interestIncome": 0,
        "interestExpense": 0,
        "depreciationAndAmortization": 5258000,
        "ebitda": -10245000,
        "ebitdaratio": -0.0680957129,
        "operatingIncome": -15503000,
        "operatingIncomeRatio": -0.1030442007,
        "totalOtherIncomeExpensesNet": 3681000,
        "incomeBeforeTax": -11822000,
        "incomeBeforeTaxRatio": -0.0785776005,
        "incomeTaxExpense": -3756000,
        "netIncome": -8066000,
        "netIncomeRatio": -0.0536124958,
        "eps": -0.11,
        "epsdiluted": -0.11,
        "weightedAverageShsOut": 73367000,
        "weightedAverageShsOutDil": 73367000,
        "link": null,
        "finalLink": null
    },
    {
        "date": "2000-03-31",
        "symbol": "PRGO",
        "reportedCurrency": "USD",
        "cik": "0001585364",
        "fillingDate": "2000-03-31",
        "acceptedDate": "2000-03-31 00:00:00",
        "calendarYear": "2000",
        "period": "Q1",
        "revenue": 181494000,
        "costOfRevenue": 144698000,
        "grossProfit": 36796000,
        "grossProfitRatio": 0.2027394845,
        "researchAndDevelopmentExpenses": 2799000,
        "generalAndAdministrativeExpenses": 0,
        "sellingAndMarketingExpenses": 0,
        "sellingGeneralAndAdministrativeExpenses": 24010000,
        "otherExpenses": 0,
        "operatingExpenses": 26809000,
        "costAndExpenses": 171507000,
        "interestIncome": 0,
        "interestExpense": 10000,
        "depreciationAndAmortization": 5987000,
        "ebitda": 15974000,
        "ebitdaratio": 0.0880139288,
        "operatingIncome": 9987000,
        "operatingIncomeRatio": 0.0550266124,
        "totalOtherIncomeExpensesNet": -10000,
        "incomeBeforeTax": 9977000,
        "incomeBeforeTaxRatio": 0.0549715142,
        "incomeTaxExpense": 3602000,
        "netIncome": 6375000,
        "netIncomeRatio": 0.0351251281,
        "eps": 0.09,
        "epsdiluted": 0.09,
        "weightedAverageShsOut": 73367000,
        "weightedAverageShsOutDil": 73537000,
        "link": null,
        "finalLink": null
    },
    {
        "date": "1999-12-31",
        "symbol": "PRGO",
        "reportedCurrency": "USD",
        "cik": "0001585364",
        "fillingDate": "1999-12-31",
        "acceptedDate": "1999-12-31 00:00:00",
        "calendarYear": "1999",
        "period": "Q4",
        "revenue": 197200000,
        "costOfRevenue": 143200000,
        "grossProfit": 54000000,
        "grossProfitRatio": 0.2738336714,
        "researchAndDevelopmentExpenses": 3900000,
        "generalAndAdministrativeExpenses": 0,
        "sellingAndMarketingExpenses": 0,
        "sellingGeneralAndAdministrativeExpenses": 25600000,
        "otherExpenses": 5600000,
        "operatingExpenses": 35100000,
        "costAndExpenses": 178300000,
        "interestIncome": 0,
        "interestExpense": 1900000,
        "depreciationAndAmortization": 5600000,
        "ebitda": 24500000,
        "ebitdaratio": 0.1242393509,
        "operatingIncome": 18900000,
        "operatingIncomeRatio": 0.095841785,
        "totalOtherIncomeExpensesNet": -2000000,
        "incomeBeforeTax": 17000000,
        "incomeBeforeTaxRatio": 0.0862068966,
        "incomeTaxExpense": 6000000,
        "netIncome": 11000000,
        "netIncomeRatio": 0.0557809331,
        "eps": 0.15,
        "epsdiluted": 0.15,
        "weightedAverageShsOut": 73333333,
        "weightedAverageShsOutDil": 73333333,
        "link": null,
        "finalLink": null
    },
    {
        "date": "1999-09-30",
        "symbol": "PRGO",
        "reportedCurrency": "USD",
        "cik": "0001585364",
        "fillingDate": "1999-09-30",
        "acceptedDate": "1999-09-30 00:00:00",
        "calendarYear": "1999",
        "period": "Q3",
        "revenue": 209400000,
        "costOfRevenue": 153800000,
        "grossProfit": 55600000,
        "grossProfitRatio": 0.2655205349,
        "researchAndDevelopmentExpenses": 3500000,
        "generalAndAdministrativeExpenses": 0,
        "sellingAndMarketingExpenses": 0,
        "sellingGeneralAndAdministrativeExpenses": 28900000,
        "otherExpenses": 5400000,
        "operatingExpenses": 37800000,
        "costAndExpenses": 191600000,
        "interestIncome": 0,
        "interestExpense": 2500000,
        "depreciationAndAmortization": 5400000,
        "ebitda": 23200000,
        "ebitdaratio": 0.1107927412,
        "operatingIncome": 17800000,
        "operatingIncomeRatio": 0.0850047755,
        "totalOtherIncomeExpensesNet": -2500000,
        "incomeBeforeTax": 15300000,
        "incomeBeforeTaxRatio": 0.0730659026,
        "incomeTaxExpense": 5300000,
        "netIncome": 10000000,
        "netIncomeRatio": 0.0477554919,
        "eps": 0.14,
        "epsdiluted": 0.14,
        "weightedAverageShsOut": 71428571,
        "weightedAverageShsOutDil": 71428571,
        "link": null,
        "finalLink": null
    },
    {
        "date": "1999-06-30",
        "symbol": "PRGO",
        "reportedCurrency": "USD",
        "cik": "0001585364",
        "fillingDate": "1999-06-30",
        "acceptedDate": "1999-06-30 00:00:00",
        "calendarYear": "1999",
        "period": "Q2",
        "revenue": 187800000,
        "costOfRevenue": 144900000,
        "grossProfit": 42900000,
        "grossProfitRatio": 0.2284345048,
        "researchAndDevelopmentExpenses": 3900000,
        "generalAndAdministrativeExpenses": 0,
        "sellingAndMarketingExpenses": 0,
        "sellingGeneralAndAdministrativeExpenses": 36000000,
        "otherExpenses": 4600000,
        "operatingExpenses": 44500000,
        "costAndExpenses": 189400000,
        "interestIncome": 0,
        "interestExpense": 1500000,
        "depreciationAndAmortization": 4600000,
        "ebitda": 3000000,
        "ebitdaratio": 0.0159744409,
        "operatingIncome": -1600000,
        "operatingIncomeRatio": -0.0085197018,
        "totalOtherIncomeExpensesNet": -1500000,
        "incomeBeforeTax": -3100000,
        "incomeBeforeTaxRatio": -0.0165069223,
        "incomeTaxExpense": -100000,
        "netIncome": -3000000,
        "netIncomeRatio": -0.0159744409,
        "eps": -0.0402,
        "epsdiluted": -0.0402,
        "weightedAverageShsOut": 74615385,
        "weightedAverageShsOutDil": 74615385,
        "link": null,
        "finalLink": null
    },
    {
        "date": "1999-03-31",
        "symbol": "PRGO",
        "reportedCurrency": "USD",
        "cik": "0001585364",
        "fillingDate": "1999-03-31",
        "acceptedDate": "1999-03-31 00:00:00",
        "calendarYear": "1999",
        "period": "Q1",
        "revenue": 251400000,
        "costOfRevenue": 188700000,
        "grossProfit": 62700000,
        "grossProfitRatio": 0.2494033413,
        "researchAndDevelopmentExpenses": 3500000,
        "generalAndAdministrativeExpenses": 0,
        "sellingAndMarketingExpenses": 0,
        "sellingGeneralAndAdministrativeExpenses": 35000000,
        "otherExpenses": 4900000,
        "operatingExpenses": 43400000,
        "costAndExpenses": 232100000,
        "interestIncome": 0,
        "interestExpense": 5000000,
        "depreciationAndAmortization": 4900000,
        "ebitda": 24226000,
        "ebitdaratio": 0.0963643596,
        "operatingIncome": 19300000,
        "operatingIncomeRatio": 0.0767700875,
        "totalOtherIncomeExpensesNet": -5026000,
        "incomeBeforeTax": 14300000,
        "incomeBeforeTaxRatio": 0.0568814638,
        "incomeTaxExpense": 4600000,
        "netIncome": 9700000,
        "netIncomeRatio": 0.03858393,
        "eps": 0.13,
        "epsdiluted": 0.13,
        "weightedAverageShsOut": 74615385,
        "weightedAverageShsOutDil": 74615385,
        "link": null,
        "finalLink": null
    },
    {
        "date": "1998-12-31",
        "symbol": "PRGO",
        "reportedCurrency": "USD",
        "cik": "0001585364",
        "fillingDate": "1998-12-31",
        "acceptedDate": "1998-12-31 00:00:00",
        "calendarYear": "1998",
        "period": "Q4",
        "revenue": 226100000,
        "costOfRevenue": 165800000,
        "grossProfit": 60300000,
        "grossProfitRatio": 0.2666961521,
        "researchAndDevelopmentExpenses": 3900000,
        "generalAndAdministrativeExpenses": 0,
        "sellingAndMarketingExpenses": 0,
        "sellingGeneralAndAdministrativeExpenses": 36900000,
        "otherExpenses": 6000000,
        "operatingExpenses": 46800000,
        "costAndExpenses": 212600000,
        "interestIncome": 0,
        "interestExpense": 3500000,
        "depreciationAndAmortization": 6000000,
        "ebitda": 19500000,
        "ebitdaratio": 0.0862450243,
        "operatingIncome": 13500000,
        "operatingIncomeRatio": 0.0597080938,
        "totalOtherIncomeExpensesNet": -3500000,
        "incomeBeforeTax": 10000000,
        "incomeBeforeTaxRatio": 0.0442282176,
        "incomeTaxExpense": 2900000,
        "netIncome": 7100000,
        "netIncomeRatio": 0.0314020345,
        "eps": 0.1,
        "epsdiluted": 0.1,
        "weightedAverageShsOut": 71000000,
        "weightedAverageShsOutDil": 71000000,
        "link": null,
        "finalLink": null
    },
    {
        "date": "1998-09-30",
        "symbol": "PRGO",
        "reportedCurrency": "USD",
        "cik": "0001585364",
        "fillingDate": "1998-09-30",
        "acceptedDate": "1998-09-30 00:00:00",
        "calendarYear": "1998",
        "period": "Q3",
        "revenue": 212300000,
        "costOfRevenue": 171400000,
        "grossProfit": 40900000,
        "grossProfitRatio": 0.1926519077,
        "researchAndDevelopmentExpenses": 3600000,
        "generalAndAdministrativeExpenses": 0,
        "sellingAndMarketingExpenses": 0,
        "sellingGeneralAndAdministrativeExpenses": 44800000,
        "otherExpenses": 5600000,
        "operatingExpenses": 54000000,
        "costAndExpenses": 225400000,
        "interestIncome": 0,
        "interestExpense": 3200000,
        "depreciationAndAmortization": 5600000,
        "ebitda": -7500000,
        "ebitdaratio": -0.0353273669,
        "operatingIncome": -13100000,
        "operatingIncomeRatio": -0.0617051342,
        "totalOtherIncomeExpensesNet": -4200000,
        "incomeBeforeTax": -17300000,
        "incomeBeforeTaxRatio": -0.0814884597,
        "incomeTaxExpense": -4900000,
        "netIncome": -12400000,
        "netIncomeRatio": -0.0584079133,
        "eps": -0.17,
        "epsdiluted": -0.17,
        "weightedAverageShsOut": 72941176,
        "weightedAverageShsOutDil": 72941176,
        "link": null,
        "finalLink": null
    },
    {
        "date": "1998-06-30",
        "symbol": "PRGO",
        "reportedCurrency": "USD",
        "cik": "0001585364",
        "fillingDate": "1998-06-30",
        "acceptedDate": "1998-06-30 00:00:00",
        "calendarYear": "1998",
        "period": "Q2",
        "revenue": 214400000,
        "costOfRevenue": 157700000,
        "grossProfit": 56700000,
        "grossProfitRatio": 0.2644589552,
        "researchAndDevelopmentExpenses": 6600000,
        "generalAndAdministrativeExpenses": 0,
        "sellingAndMarketingExpenses": 0,
        "sellingGeneralAndAdministrativeExpenses": 171700000,
        "otherExpenses": 6900000,
        "operatingExpenses": 185200000,
        "costAndExpenses": 342900000,
        "interestIncome": 0,
        "interestExpense": 0,
        "depreciationAndAmortization": 6900000,
        "ebitda": -121600000,
        "ebitdaratio": -0.5671641791,
        "operatingIncome": -128500000,
        "operatingIncomeRatio": -0.5993470149,
        "totalOtherIncomeExpensesNet": 3600000,
        "incomeBeforeTax": -124900000,
        "incomeBeforeTaxRatio": -0.5825559701,
        "incomeTaxExpense": -36200000,
        "netIncome": -88700000,
        "netIncomeRatio": -0.4137126866,
        "eps": -1.21,
        "epsdiluted": -1.21,
        "weightedAverageShsOut": 73076923,
        "weightedAverageShsOutDil": 73076923,
        "link": null,
        "finalLink": null
    },
    {
        "date": "1998-03-31",
        "symbol": "PRGO",
        "reportedCurrency": "USD",
        "cik": "0001585364",
        "fillingDate": "1998-03-31",
        "acceptedDate": "1998-03-31 00:00:00",
        "calendarYear": "1998",
        "period": "Q1",
        "revenue": 223700000,
        "costOfRevenue": 159800000,
        "grossProfit": 63900000,
        "grossProfitRatio": 0.2856504247,
        "researchAndDevelopmentExpenses": 3400000,
        "generalAndAdministrativeExpenses": 0,
        "sellingAndMarketingExpenses": 0,
        "sellingGeneralAndAdministrativeExpenses": 35100000,
        "otherExpenses": 7700000,
        "operatingExpenses": 46200000,
        "costAndExpenses": 206000000,
        "interestIncome": 0,
        "interestExpense": 2300000,
        "depreciationAndAmortization": 7700000,
        "ebitda": 25400000,
        "ebitdaratio": 0.1135449262,
        "operatingIncome": 17700000,
        "operatingIncomeRatio": 0.0791238266,
        "totalOtherIncomeExpensesNet": -2300000,
        "incomeBeforeTax": 15400000,
        "incomeBeforeTaxRatio": 0.0688421994,
        "incomeTaxExpense": 5900000,
        "netIncome": 9500000,
        "netIncomeRatio": 0.0424675905,
        "eps": 0.13,
        "epsdiluted": 0.13,
        "weightedAverageShsOut": 73076923,
        "weightedAverageShsOutDil": 73076923,
        "link": null,
        "finalLink": null
    },
    {
        "date": "1997-12-31",
        "symbol": "PRGO",
        "reportedCurrency": "USD",
        "cik": "0001585364",
        "fillingDate": "1997-12-31",
        "acceptedDate": "1997-12-31 00:00:00",
        "calendarYear": "1997",
        "period": "Q4",
        "revenue": 240700000,
        "costOfRevenue": 166900000,
        "grossProfit": 73800000,
        "grossProfitRatio": 0.3066057333,
        "researchAndDevelopmentExpenses": 3000000,
        "generalAndAdministrativeExpenses": 0,
        "sellingAndMarketingExpenses": 0,
        "sellingGeneralAndAdministrativeExpenses": 37700000,
        "otherExpenses": 7500000,
        "operatingExpenses": 48200000,
        "costAndExpenses": 215100000,
        "interestIncome": 0,
        "interestExpense": 2900000,
        "depreciationAndAmortization": 7500000,
        "ebitda": 33100000,
        "ebitdaratio": 0.1375155796,
        "operatingIncome": 25600000,
        "operatingIncomeRatio": 0.1063564603,
        "totalOtherIncomeExpensesNet": -2900000,
        "incomeBeforeTax": 22700000,
        "incomeBeforeTaxRatio": 0.0943082676,
        "incomeTaxExpense": 8300000,
        "netIncome": 14400000,
        "netIncomeRatio": 0.0598255089,
        "eps": 0.19,
        "epsdiluted": 0.19,
        "weightedAverageShsOut": 75789474,
        "weightedAverageShsOutDil": 75789474,
        "link": null,
        "finalLink": null
    },
    {
        "date": "1997-09-30",
        "symbol": "PRGO",
        "reportedCurrency": "USD",
        "cik": "0001585364",
        "fillingDate": "1997-09-30",
        "acceptedDate": "1997-09-30 00:00:00",
        "calendarYear": "1997",
        "period": "Q3",
        "revenue": 223800000,
        "costOfRevenue": 157000000,
        "grossProfit": 66800000,
        "grossProfitRatio": 0.2984807864,
        "researchAndDevelopmentExpenses": 2900000,
        "generalAndAdministrativeExpenses": 0,
        "sellingAndMarketingExpenses": 0,
        "sellingGeneralAndAdministrativeExpenses": 33800000,
        "otherExpenses": 7300000,
        "operatingExpenses": 44000000,
        "costAndExpenses": 201000000,
        "interestIncome": 0,
        "interestExpense": 2000000,
        "depreciationAndAmortization": 7300000,
        "ebitda": 30100000,
        "ebitdaratio": 0.1344950849,
        "operatingIncome": 22800000,
        "operatingIncomeRatio": 0.1018766756,
        "totalOtherIncomeExpensesNet": -2000000,
        "incomeBeforeTax": 20800000,
        "incomeBeforeTaxRatio": 0.0929401251,
        "incomeTaxExpense": 7600000,
        "netIncome": 13200000,
        "netIncomeRatio": 0.0589812332,
        "eps": 0.14,
        "epsdiluted": 0.14,
        "weightedAverageShsOut": 94285714,
        "weightedAverageShsOutDil": 94285714,
        "link": null,
        "finalLink": null
    },
    {
        "date": "1997-06-30",
        "symbol": "PRGO",
        "reportedCurrency": "USD",
        "cik": "0001585364",
        "fillingDate": "1997-06-30",
        "acceptedDate": "1997-06-30 00:00:00",
        "calendarYear": "1997",
        "period": "Q2",
        "revenue": 196200000,
        "costOfRevenue": 136200000,
        "grossProfit": 60000000,
        "grossProfitRatio": 0.3058103976,
        "researchAndDevelopmentExpenses": 3700000,
        "generalAndAdministrativeExpenses": 0,
        "sellingAndMarketingExpenses": 0,
        "sellingGeneralAndAdministrativeExpenses": 35400000,
        "otherExpenses": 6900000,
        "operatingExpenses": 46000000,
        "costAndExpenses": 182200000,
        "interestIncome": 0,
        "interestExpense": 0,
        "depreciationAndAmortization": 6900000,
        "ebitda": 20900000,
        "ebitdaratio": 0.1065239551,
        "operatingIncome": 14000000,
        "operatingIncomeRatio": 0.0713557594,
        "totalOtherIncomeExpensesNet": 200000,
        "incomeBeforeTax": 14200000,
        "incomeBeforeTaxRatio": 0.0723751274,
        "incomeTaxExpense": 5200000,
        "netIncome": 9000000,
        "netIncomeRatio": 0.0458715596,
        "eps": 0.12,
        "epsdiluted": 0.12,
        "weightedAverageShsOut": 77333333,
        "weightedAverageShsOutDil": 77333333,
        "link": null,
        "finalLink": null
    },
    {
        "date": "1997-03-31",
        "symbol": "PRGO",
        "reportedCurrency": "USD",
        "cik": "0001585364",
        "fillingDate": "1997-03-31",
        "acceptedDate": "1997-03-31 00:00:00",
        "calendarYear": "1997",
        "period": "Q1",
        "revenue": 214600000,
        "costOfRevenue": 149400000,
        "grossProfit": 65200000,
        "grossProfitRatio": 0.3038210624,
        "researchAndDevelopmentExpenses": 3100000,
        "generalAndAdministrativeExpenses": 0,
        "sellingAndMarketingExpenses": 0,
        "sellingGeneralAndAdministrativeExpenses": 36200000,
        "otherExpenses": 7300000,
        "operatingExpenses": 46600000,
        "costAndExpenses": 196000000,
        "interestIncome": 0,
        "interestExpense": 400000,
        "depreciationAndAmortization": 7300000,
        "ebitda": 25900000,
        "ebitdaratio": 0.1206896552,
        "operatingIncome": 18600000,
        "operatingIncomeRatio": 0.0866728798,
        "totalOtherIncomeExpensesNet": -400000,
        "incomeBeforeTax": 18200000,
        "incomeBeforeTaxRatio": 0.0848089469,
        "incomeTaxExpense": 6600000,
        "netIncome": 11600000,
        "netIncomeRatio": 0.0540540541,
        "eps": 0.15,
        "epsdiluted": 0.15,
        "weightedAverageShsOut": 77333333,
        "weightedAverageShsOutDil": 77333333,
        "link": null,
        "finalLink": null
    },
    {
        "date": "1996-12-31",
        "symbol": "PRGO",
        "reportedCurrency": "USD",
        "cik": "0001585364",
        "fillingDate": "1996-12-31",
        "acceptedDate": "1996-12-31 00:00:00",
        "calendarYear": "1996",
        "period": "Q4",
        "revenue": 221700000,
        "costOfRevenue": 151800000,
        "grossProfit": 69900000,
        "grossProfitRatio": 0.3152909337,
        "researchAndDevelopmentExpenses": 3700000,
        "generalAndAdministrativeExpenses": 0,
        "sellingAndMarketingExpenses": 0,
        "sellingGeneralAndAdministrativeExpenses": 36900000,
        "otherExpenses": 7200000,
        "operatingExpenses": 47800000,
        "costAndExpenses": 199600000,
        "interestIncome": 0,
        "interestExpense": 500000,
        "depreciationAndAmortization": 7200000,
        "ebitda": 29300000,
        "ebitdaratio": 0.1321605774,
        "operatingIncome": 22100000,
        "operatingIncomeRatio": 0.099684258,
        "totalOtherIncomeExpensesNet": -500000,
        "incomeBeforeTax": 21600000,
        "incomeBeforeTaxRatio": 0.0974289581,
        "incomeTaxExpense": 7900000,
        "netIncome": 13700000,
        "netIncomeRatio": 0.0617952188,
        "eps": 0.18,
        "epsdiluted": 0.18,
        "weightedAverageShsOut": 76111111,
        "weightedAverageShsOutDil": 76111111,
        "link": null,
        "finalLink": null
    },
    {
        "date": "1996-09-30",
        "symbol": "PRGO",
        "reportedCurrency": "USD",
        "cik": "0001585364",
        "fillingDate": "1996-09-30",
        "acceptedDate": "1996-09-30 00:00:00",
        "calendarYear": "1996",
        "period": "Q3",
        "revenue": 212200000,
        "costOfRevenue": 149600000,
        "grossProfit": 62600000,
        "grossProfitRatio": 0.2950047125,
        "researchAndDevelopmentExpenses": 3300000,
        "generalAndAdministrativeExpenses": 0,
        "sellingAndMarketingExpenses": 0,
        "sellingGeneralAndAdministrativeExpenses": 32600000,
        "otherExpenses": 7200000,
        "operatingExpenses": 43100000,
        "costAndExpenses": 192700000,
        "interestIncome": 0,
        "interestExpense": 700000,
        "depreciationAndAmortization": 7200000,
        "ebitda": 26700000,
        "ebitdaratio": 0.1258246937,
        "operatingIncome": 19500000,
        "operatingIncomeRatio": 0.0918944392,
        "totalOtherIncomeExpensesNet": -2600000,
        "incomeBeforeTax": 16900000,
        "incomeBeforeTaxRatio": 0.0796418473,
        "incomeTaxExpense": 6200000,
        "netIncome": 10700000,
        "netIncomeRatio": 0.0504241282,
        "eps": 0.14,
        "epsdiluted": 0.14,
        "weightedAverageShsOut": 76428571,
        "weightedAverageShsOutDil": 76428571,
        "link": null,
        "finalLink": null
    },
    {
        "date": "1996-06-30",
        "symbol": "PRGO",
        "reportedCurrency": "USD",
        "cik": "0001585364",
        "fillingDate": "1996-06-30",
        "acceptedDate": "1996-06-30 00:00:00",
        "calendarYear": "1996",
        "period": "Q2",
        "revenue": 175600000,
        "costOfRevenue": 106300000,
        "grossProfit": 69300000,
        "grossProfitRatio": 0.3946469248,
        "researchAndDevelopmentExpenses": 0,
        "generalAndAdministrativeExpenses": 0,
        "sellingAndMarketingExpenses": 0,
        "sellingGeneralAndAdministrativeExpenses": 60600000,
        "otherExpenses": 6800000,
        "operatingExpenses": 67400000,
        "costAndExpenses": 173700000,
        "interestIncome": 0,
        "interestExpense": 0,
        "depreciationAndAmortization": 6800000,
        "ebitda": 8700000,
        "ebitdaratio": 0.0495444191,
        "operatingIncome": 1900000,
        "operatingIncomeRatio": 0.0108200456,
        "totalOtherIncomeExpensesNet": 5500000,
        "incomeBeforeTax": 7400000,
        "incomeBeforeTaxRatio": 0.0421412301,
        "incomeTaxExpense": 2600000,
        "netIncome": 4800000,
        "netIncomeRatio": 0.0273348519,
        "eps": 0.0634,
        "epsdiluted": 0.0634,
        "weightedAverageShsOut": 75466667,
        "weightedAverageShsOutDil": 75714286,
        "link": null,
        "finalLink": null
    },
    {
        "date": "1996-03-31",
        "symbol": "PRGO",
        "reportedCurrency": "USD",
        "cik": "0001585364",
        "fillingDate": "1996-03-31",
        "acceptedDate": "1996-03-31 00:00:00",
        "calendarYear": "1996",
        "period": "Q1",
        "revenue": 196300000,
        "costOfRevenue": 138100000,
        "grossProfit": 58200000,
        "grossProfitRatio": 0.296484972,
        "researchAndDevelopmentExpenses": 0,
        "generalAndAdministrativeExpenses": 0,
        "sellingAndMarketingExpenses": 0,
        "sellingGeneralAndAdministrativeExpenses": 31600000,
        "otherExpenses": 6800000,
        "operatingExpenses": 38400000,
        "costAndExpenses": 176500000,
        "interestIncome": 0,
        "interestExpense": 3200000,
        "depreciationAndAmortization": 7000000,
        "ebitda": 26800000,
        "ebitdaratio": 0.1365257259,
        "operatingIncome": 19800000,
        "operatingIncomeRatio": 0.1008660214,
        "totalOtherIncomeExpensesNet": -3200000,
        "incomeBeforeTax": 16600000,
        "incomeBeforeTaxRatio": 0.0845644422,
        "incomeTaxExpense": 6000000,
        "netIncome": 10600000,
        "netIncomeRatio": 0.0539989812,
        "eps": 0.14,
        "epsdiluted": 0.14,
        "weightedAverageShsOut": 75714286,
        "weightedAverageShsOutDil": 75714286,
        "link": null,
        "finalLink": null
    },
    {
        "date": "1995-12-31",
        "symbol": "PRGO",
        "reportedCurrency": "USD",
        "cik": "0001585364",
        "fillingDate": "1995-12-31",
        "acceptedDate": "1995-12-31 00:00:00",
        "calendarYear": "1995",
        "period": "Q4",
        "revenue": 201000000,
        "costOfRevenue": 139800000,
        "grossProfit": 61200000,
        "grossProfitRatio": 0.3044776119,
        "researchAndDevelopmentExpenses": 2300000,
        "generalAndAdministrativeExpenses": 0,
        "sellingAndMarketingExpenses": 0,
        "sellingGeneralAndAdministrativeExpenses": 29200000,
        "otherExpenses": 6800000,
        "operatingExpenses": 38300000,
        "costAndExpenses": 178100000,
        "interestIncome": 0,
        "interestExpense": 3700000,
        "depreciationAndAmortization": 6800000,
        "ebitda": 29700000,
        "ebitdaratio": 0.147761194,
        "operatingIncome": 22900000,
        "operatingIncomeRatio": 0.1139303483,
        "totalOtherIncomeExpensesNet": -3700000,
        "incomeBeforeTax": 19200000,
        "incomeBeforeTaxRatio": 0.0955223881,
        "incomeTaxExpense": 7000000,
        "netIncome": 12200000,
        "netIncomeRatio": 0.0606965174,
        "eps": 0.16,
        "epsdiluted": 0.16,
        "weightedAverageShsOut": 76250000,
        "weightedAverageShsOutDil": 76250000,
        "link": null,
        "finalLink": null
    },
    {
        "date": "1995-09-30",
        "symbol": "PRGO",
        "reportedCurrency": "USD",
        "cik": "0001585364",
        "fillingDate": "1995-09-30",
        "acceptedDate": "1995-09-30 00:00:00",
        "calendarYear": "1995",
        "period": "Q3",
        "revenue": 205100000,
        "costOfRevenue": 143200000,
        "grossProfit": 61900000,
        "grossProfitRatio": 0.301803998,
        "researchAndDevelopmentExpenses": 2400000,
        "generalAndAdministrativeExpenses": 0,
        "sellingAndMarketingExpenses": 0,
        "sellingGeneralAndAdministrativeExpenses": 29300000,
        "otherExpenses": 6600000,
        "operatingExpenses": 38300000,
        "costAndExpenses": 181500000,
        "interestIncome": 0,
        "interestExpense": 4300000,
        "depreciationAndAmortization": 6600000,
        "ebitda": 30200000,
        "ebitdaratio": 0.1472452462,
        "operatingIncome": 23600000,
        "operatingIncomeRatio": 0.1150658216,
        "totalOtherIncomeExpensesNet": -4300000,
        "incomeBeforeTax": 19300000,
        "incomeBeforeTaxRatio": 0.0941004388,
        "incomeTaxExpense": 7100000,
        "netIncome": 12200000,
        "netIncomeRatio": 0.0594831789,
        "eps": 0.16,
        "epsdiluted": 0.16,
        "weightedAverageShsOut": 76250000,
        "weightedAverageShsOutDil": 76250000,
        "link": null,
        "finalLink": null
    },
    {
        "date": "1995-06-30",
        "symbol": "PRGO",
        "reportedCurrency": "USD",
        "cik": "0001585364",
        "fillingDate": "1995-06-30",
        "acceptedDate": "1995-06-30 00:00:00",
        "calendarYear": "1995",
        "period": "Q2",
        "revenue": 174400000,
        "costOfRevenue": 123600000,
        "grossProfit": 50800000,
        "grossProfitRatio": 0.2912844037,
        "researchAndDevelopmentExpenses": 0,
        "generalAndAdministrativeExpenses": 0,
        "sellingAndMarketingExpenses": 0,
        "sellingGeneralAndAdministrativeExpenses": 39700000,
        "otherExpenses": 800000,
        "operatingExpenses": 40500000,
        "costAndExpenses": 164100000,
        "interestIncome": 0,
        "interestExpense": 1800000,
        "depreciationAndAmortization": 6500000,
        "ebitda": 16800000,
        "ebitdaratio": 0.0963302752,
        "operatingIncome": 10300000,
        "operatingIncomeRatio": 0.059059633,
        "totalOtherIncomeExpensesNet": -1800000,
        "incomeBeforeTax": 8500000,
        "incomeBeforeTaxRatio": 0.0487385321,
        "incomeTaxExpense": 3100000,
        "netIncome": 5400000,
        "netIncomeRatio": 0.0309633028,
        "eps": 0.0711,
        "epsdiluted": 0.0711,
        "weightedAverageShsOut": 76000000,
        "weightedAverageShsOutDil": 76000000,
        "link": null,
        "finalLink": null
    },
    {
        "date": "1995-03-31",
        "symbol": "PRGO",
        "reportedCurrency": "USD",
        "cik": "0001585364",
        "fillingDate": "1995-03-31",
        "acceptedDate": "1995-03-31 00:00:00",
        "calendarYear": "1995",
        "period": "Q1",
        "revenue": 185300000,
        "costOfRevenue": 130900000,
        "grossProfit": 54400000,
        "grossProfitRatio": 0.2935779817,
        "researchAndDevelopmentExpenses": 2000000,
        "generalAndAdministrativeExpenses": 0,
        "sellingAndMarketingExpenses": 0,
        "sellingGeneralAndAdministrativeExpenses": 27100000,
        "otherExpenses": 5700000,
        "operatingExpenses": 34800000,
        "costAndExpenses": 165700000,
        "interestIncome": 0,
        "interestExpense": 1600000,
        "depreciationAndAmortization": 6300000,
        "ebitda": 25900000,
        "ebitdaratio": 0.1397733405,
        "operatingIncome": 19600000,
        "operatingIncomeRatio": 0.1057744199,
        "totalOtherIncomeExpensesNet": -1600000,
        "incomeBeforeTax": 18000000,
        "incomeBeforeTaxRatio": 0.0971397733,
        "incomeTaxExpense": 6600000,
        "netIncome": 11400000,
        "netIncomeRatio": 0.0615218564,
        "eps": 0.15,
        "epsdiluted": 0.15,
        "weightedAverageShsOut": 76000000,
        "weightedAverageShsOutDil": 76000000,
        "link": null,
        "finalLink": null
    },
    {
        "date": "1994-12-31",
        "symbol": "PRGO",
        "reportedCurrency": "USD",
        "cik": "0001585364",
        "fillingDate": "1994-12-31",
        "acceptedDate": "1994-12-31 00:00:00",
        "calendarYear": "1994",
        "period": "Q4",
        "revenue": 174700000,
        "costOfRevenue": 119800000,
        "grossProfit": 54900000,
        "grossProfitRatio": 0.3142530052,
        "researchAndDevelopmentExpenses": 1800000,
        "generalAndAdministrativeExpenses": 0,
        "sellingAndMarketingExpenses": 0,
        "sellingGeneralAndAdministrativeExpenses": 26400000,
        "otherExpenses": 5500000,
        "operatingExpenses": 33700000,
        "costAndExpenses": 153500000,
        "interestIncome": 0,
        "interestExpense": 900000,
        "depreciationAndAmortization": 5400000,
        "ebitda": 26700000,
        "ebitdaratio": 0.1528334287,
        "operatingIncome": 21200000,
        "operatingIncomeRatio": 0.1213508872,
        "totalOtherIncomeExpensesNet": -900000,
        "incomeBeforeTax": 20300000,
        "incomeBeforeTaxRatio": 0.1161991986,
        "incomeTaxExpense": 7400000,
        "netIncome": 12900000,
        "netIncomeRatio": 0.0738408701,
        "eps": 0.17,
        "epsdiluted": 0.17,
        "weightedAverageShsOut": 75882353,
        "weightedAverageShsOutDil": 75882353,
        "link": null,
        "finalLink": null
    },
    {
        "date": "1994-09-30",
        "symbol": "PRGO",
        "reportedCurrency": "USD",
        "cik": "0001585364",
        "fillingDate": "1994-09-30",
        "acceptedDate": "1994-09-30 00:00:00",
        "calendarYear": "1994",
        "period": "Q3",
        "revenue": 182700000,
        "costOfRevenue": 122800000,
        "grossProfit": 59900000,
        "grossProfitRatio": 0.3278598796,
        "researchAndDevelopmentExpenses": 0,
        "generalAndAdministrativeExpenses": 0,
        "sellingAndMarketingExpenses": 0,
        "sellingGeneralAndAdministrativeExpenses": 30000000,
        "otherExpenses": 5500000,
        "operatingExpenses": 35500000,
        "costAndExpenses": 158300000,
        "interestIncome": 0,
        "interestExpense": 1000000,
        "depreciationAndAmortization": 5500000,
        "ebitda": 29900000,
        "ebitdaratio": 0.1636562671,
        "operatingIncome": 24400000,
        "operatingIncomeRatio": 0.1335522715,
        "totalOtherIncomeExpensesNet": -1000000,
        "incomeBeforeTax": 23400000,
        "incomeBeforeTaxRatio": 0.1280788177,
        "incomeTaxExpense": 8600000,
        "netIncome": 14800000,
        "netIncomeRatio": 0.0810071155,
        "eps": 0.19,
        "epsdiluted": 0.19,
        "weightedAverageShsOut": 77894737,
        "weightedAverageShsOutDil": 77894737,
        "link": null,
        "finalLink": null
    },
    {
        "date": "1994-06-30",
        "symbol": "PRGO",
        "reportedCurrency": "USD",
        "cik": "0001585364",
        "fillingDate": "1994-06-30",
        "acceptedDate": "1994-06-30 00:00:00",
        "calendarYear": "1994",
        "period": "Q2",
        "revenue": 158200000,
        "costOfRevenue": 108600000,
        "grossProfit": 49600000,
        "grossProfitRatio": 0.3135271808,
        "researchAndDevelopmentExpenses": 1500000,
        "generalAndAdministrativeExpenses": 0,
        "sellingAndMarketingExpenses": 0,
        "sellingGeneralAndAdministrativeExpenses": 24400000,
        "otherExpenses": 4800000,
        "operatingExpenses": 30700000,
        "costAndExpenses": 139300000,
        "interestIncome": 0,
        "interestExpense": 800000,
        "depreciationAndAmortization": 4800000,
        "ebitda": 23700000,
        "ebitdaratio": 0.1498103666,
        "operatingIncome": 18900000,
        "operatingIncomeRatio": 0.1194690265,
        "totalOtherIncomeExpensesNet": -800000,
        "incomeBeforeTax": 18100000,
        "incomeBeforeTaxRatio": 0.1144121365,
        "incomeTaxExpense": 6500000,
        "netIncome": 11600000,
        "netIncomeRatio": 0.0733249052,
        "eps": 0.15,
        "epsdiluted": 0.15,
        "weightedAverageShsOut": 77303823,
        "weightedAverageShsOutDil": 78235294,
        "link": null,
        "finalLink": null
    },
    {
        "date": "1994-03-31",
        "symbol": "PRGO",
        "reportedCurrency": "USD",
        "cik": "0001585364",
        "fillingDate": "1994-03-31",
        "acceptedDate": "1994-03-31 00:00:00",
        "calendarYear": "1994",
        "period": "Q1",
        "revenue": 163600000,
        "costOfRevenue": 110400000,
        "grossProfit": 53200000,
        "grossProfitRatio": 0.3251833741,
        "researchAndDevelopmentExpenses": 1800000,
        "generalAndAdministrativeExpenses": 0,
        "sellingAndMarketingExpenses": 0,
        "sellingGeneralAndAdministrativeExpenses": 24800000,
        "otherExpenses": 4700000,
        "operatingExpenses": 31300000,
        "costAndExpenses": 141700000,
        "interestIncome": 0,
        "interestExpense": 900000,
        "depreciationAndAmortization": 4800000,
        "ebitda": 26700000,
        "ebitdaratio": 0.163202934,
        "operatingIncome": 21900000,
        "operatingIncomeRatio": 0.1338630807,
        "totalOtherIncomeExpensesNet": -900000,
        "incomeBeforeTax": 21000000,
        "incomeBeforeTaxRatio": 0.1283618582,
        "incomeTaxExpense": 7700000,
        "netIncome": 13300000,
        "netIncomeRatio": 0.0812958435,
        "eps": 0.17,
        "epsdiluted": 0.17,
        "weightedAverageShsOut": 78235294,
        "weightedAverageShsOutDil": 78235294,
        "link": null,
        "finalLink": null
    },
    {
        "date": "1993-12-31",
        "symbol": "PRGO",
        "reportedCurrency": "USD",
        "cik": "0001585364",
        "fillingDate": "1993-12-31",
        "acceptedDate": "1993-12-31 00:00:00",
        "calendarYear": "1993",
        "period": "Q4",
        "revenue": 174400000,
        "costOfRevenue": 119000000,
        "grossProfit": 55400000,
        "grossProfitRatio": 0.3176605505,
        "researchAndDevelopmentExpenses": 0,
        "generalAndAdministrativeExpenses": 0,
        "sellingAndMarketingExpenses": 0,
        "sellingGeneralAndAdministrativeExpenses": 25600000,
        "otherExpenses": 4700000,
        "operatingExpenses": 30300000,
        "costAndExpenses": 149300000,
        "interestIncome": 0,
        "interestExpense": 800000,
        "depreciationAndAmortization": 4700000,
        "ebitda": 29800000,
        "ebitdaratio": 0.1708715596,
        "operatingIncome": 25100000,
        "operatingIncomeRatio": 0.1439220183,
        "totalOtherIncomeExpensesNet": -800000,
        "incomeBeforeTax": 24300000,
        "incomeBeforeTaxRatio": 0.1393348624,
        "incomeTaxExpense": 9000000,
        "netIncome": 15300000,
        "netIncomeRatio": 0.0877293578,
        "eps": 0.2,
        "epsdiluted": 0.2,
        "weightedAverageShsOut": 76500000,
        "weightedAverageShsOutDil": 76500000,
        "link": null,
        "finalLink": null
    },
    {
        "date": "1993-09-30",
        "symbol": "PRGO",
        "reportedCurrency": "USD",
        "cik": "0001585364",
        "fillingDate": "1993-09-30",
        "acceptedDate": "1993-09-30 00:00:00",
        "calendarYear": "1993",
        "period": "Q3",
        "revenue": 173100000,
        "costOfRevenue": 118300000,
        "grossProfit": 54800000,
        "grossProfitRatio": 0.3165800116,
        "researchAndDevelopmentExpenses": 0,
        "generalAndAdministrativeExpenses": 0,
        "sellingAndMarketingExpenses": 0,
        "sellingGeneralAndAdministrativeExpenses": 25900000,
        "otherExpenses": 4600000,
        "operatingExpenses": 30500000,
        "costAndExpenses": 148800000,
        "interestIncome": 0,
        "interestExpense": 800000,
        "depreciationAndAmortization": 4600000,
        "ebitda": 28900000,
        "ebitdaratio": 0.166955517,
        "operatingIncome": 24300000,
        "operatingIncomeRatio": 0.1403812825,
        "totalOtherIncomeExpensesNet": -800000,
        "incomeBeforeTax": 23500000,
        "incomeBeforeTaxRatio": 0.1357596765,
        "incomeTaxExpense": 8900000,
        "netIncome": 14600000,
        "netIncomeRatio": 0.0843443096,
        "eps": 0.19,
        "epsdiluted": 0.19,
        "weightedAverageShsOut": 76842105,
        "weightedAverageShsOutDil": 76842105,
        "link": null,
        "finalLink": null
    },
    {
        "date": "1993-06-30",
        "symbol": "PRGO",
        "reportedCurrency": "USD",
        "cik": "0001585364",
        "fillingDate": "1993-06-30",
        "acceptedDate": "1993-06-30 00:00:00",
        "calendarYear": "1993",
        "period": "Q2",
        "revenue": 144700000,
        "costOfRevenue": 98700000,
        "grossProfit": 46000000,
        "grossProfitRatio": 0.3178991016,
        "researchAndDevelopmentExpenses": 0,
        "generalAndAdministrativeExpenses": 0,
        "sellingAndMarketingExpenses": 0,
        "sellingGeneralAndAdministrativeExpenses": 23400000,
        "otherExpenses": 4200000,
        "operatingExpenses": 27600000,
        "costAndExpenses": 126300000,
        "interestIncome": 0,
        "interestExpense": 800000,
        "depreciationAndAmortization": 4200000,
        "ebitda": 22600000,
        "ebitdaratio": 0.1561852108,
        "operatingIncome": 18400000,
        "operatingIncomeRatio": 0.1271596406,
        "totalOtherIncomeExpensesNet": -800000,
        "incomeBeforeTax": 17600000,
        "incomeBeforeTaxRatio": 0.1216309606,
        "incomeTaxExpense": 6400000,
        "netIncome": 11200000,
        "netIncomeRatio": 0.0774015204,
        "eps": 0.15,
        "epsdiluted": 0.15,
        "weightedAverageShsOut": 74562951,
        "weightedAverageShsOutDil": 75333333,
        "link": null,
        "finalLink": null
    },
    {
        "date": "1993-03-31",
        "symbol": "PRGO",
        "reportedCurrency": "USD",
        "cik": "0001585364",
        "fillingDate": "1993-03-31",
        "acceptedDate": "1993-03-31 00:00:00",
        "calendarYear": "1993",
        "period": "Q1",
        "revenue": 142200000,
        "costOfRevenue": 97200000,
        "grossProfit": 45000000,
        "grossProfitRatio": 0.3164556962,
        "researchAndDevelopmentExpenses": 0,
        "generalAndAdministrativeExpenses": 0,
        "sellingAndMarketingExpenses": 0,
        "sellingGeneralAndAdministrativeExpenses": 22500000,
        "otherExpenses": 4000000,
        "operatingExpenses": 26500000,
        "costAndExpenses": 123700000,
        "interestIncome": 0,
        "interestExpense": 900000,
        "depreciationAndAmortization": 4000000,
        "ebitda": 22500000,
        "ebitdaratio": 0.1582278481,
        "operatingIncome": 18500000,
        "operatingIncomeRatio": 0.1300984529,
        "totalOtherIncomeExpensesNet": -800000,
        "incomeBeforeTax": 17700000,
        "incomeBeforeTaxRatio": 0.1244725738,
        "incomeTaxExpense": 6400000,
        "netIncome": 11300000,
        "netIncomeRatio": 0.0794655415,
        "eps": 0.15,
        "epsdiluted": 0.15,
        "weightedAverageShsOut": 75333333,
        "weightedAverageShsOutDil": 75333333,
        "link": null,
        "finalLink": null
    },
    {
        "date": "1992-12-31",
        "symbol": "PRGO",
        "reportedCurrency": "USD",
        "cik": "0001585364",
        "fillingDate": "1992-12-31",
        "acceptedDate": "1992-12-31 00:00:00",
        "calendarYear": "1992",
        "period": "Q4",
        "revenue": 141000000,
        "costOfRevenue": 96300000,
        "grossProfit": 44700000,
        "grossProfitRatio": 0.3170212766,
        "researchAndDevelopmentExpenses": 0,
        "generalAndAdministrativeExpenses": 0,
        "sellingAndMarketingExpenses": 0,
        "sellingGeneralAndAdministrativeExpenses": 21800000,
        "otherExpenses": 3600000,
        "operatingExpenses": 25400000,
        "costAndExpenses": 121700000,
        "interestIncome": 0,
        "interestExpense": 800000,
        "depreciationAndAmortization": 3600000,
        "ebitda": 22900000,
        "ebitdaratio": 0.1624113475,
        "operatingIncome": 19300000,
        "operatingIncomeRatio": 0.1368794326,
        "totalOtherIncomeExpensesNet": -800000,
        "incomeBeforeTax": 18500000,
        "incomeBeforeTaxRatio": 0.1312056738,
        "incomeTaxExpense": 6700000,
        "netIncome": 11800000,
        "netIncomeRatio": 0.0836879433,
        "eps": 0.15,
        "epsdiluted": 0.15,
        "weightedAverageShsOut": 78666667,
        "weightedAverageShsOutDil": 78666667,
        "link": null,
        "finalLink": null
    },
    {
        "date": "1992-09-30",
        "symbol": "PRGO",
        "reportedCurrency": "USD",
        "cik": "0001585364",
        "fillingDate": "1992-09-30",
        "acceptedDate": "1992-09-30 00:00:00",
        "calendarYear": "1992",
        "period": "Q3",
        "revenue": 142900000,
        "costOfRevenue": 97900000,
        "grossProfit": 45000000,
        "grossProfitRatio": 0.3149055283,
        "researchAndDevelopmentExpenses": 0,
        "generalAndAdministrativeExpenses": 0,
        "sellingAndMarketingExpenses": 0,
        "sellingGeneralAndAdministrativeExpenses": 24200000,
        "otherExpenses": 3600000,
        "operatingExpenses": 27800000,
        "costAndExpenses": 125700000,
        "interestIncome": 0,
        "interestExpense": 800000,
        "depreciationAndAmortization": 3600000,
        "ebitda": 20800000,
        "ebitdaratio": 0.1455563331,
        "operatingIncome": 17200000,
        "operatingIncomeRatio": 0.1203638908,
        "totalOtherIncomeExpensesNet": -800000,
        "incomeBeforeTax": 16400000,
        "incomeBeforeTaxRatio": 0.1147655703,
        "incomeTaxExpense": 6000000,
        "netIncome": 10400000,
        "netIncomeRatio": 0.0727781666,
        "eps": 0.14,
        "epsdiluted": 0.14,
        "weightedAverageShsOut": 74285714,
        "weightedAverageShsOutDil": 74285714,
        "link": null,
        "finalLink": null
    },
    {
        "date": "1992-06-30",
        "symbol": "PRGO",
        "reportedCurrency": "USD",
        "cik": "0001585364",
        "fillingDate": "1992-06-30",
        "acceptedDate": "1992-06-30 00:00:00",
        "calendarYear": "1992",
        "period": "Q2",
        "revenue": 108800000,
        "costOfRevenue": 72500000,
        "grossProfit": 36300000,
        "grossProfitRatio": 0.3336397059,
        "researchAndDevelopmentExpenses": 0,
        "generalAndAdministrativeExpenses": 0,
        "sellingAndMarketingExpenses": 0,
        "sellingGeneralAndAdministrativeExpenses": 18900000,
        "otherExpenses": 4000000,
        "operatingExpenses": 22900000,
        "costAndExpenses": 95400000,
        "interestIncome": 0,
        "interestExpense": 1300000,
        "depreciationAndAmortization": 4000000,
        "ebitda": 17400000,
        "ebitdaratio": 0.1599264706,
        "operatingIncome": 13400000,
        "operatingIncomeRatio": 0.1231617647,
        "totalOtherIncomeExpensesNet": -1300000,
        "incomeBeforeTax": 12100000,
        "incomeBeforeTaxRatio": 0.1112132353,
        "incomeTaxExpense": 4500000,
        "netIncome": 7600000,
        "netIncomeRatio": 0.0698529412,
        "eps": 0.1,
        "epsdiluted": 0.1,
        "weightedAverageShsOut": 74545455,
        "weightedAverageShsOutDil": 74545455,
        "link": null,
        "finalLink": null
    },
    {
        "date": "1992-03-31",
        "symbol": "PRGO",
        "reportedCurrency": "USD",
        "cik": "0001585364",
        "fillingDate": "1992-03-31",
        "acceptedDate": "1992-03-31 00:00:00",
        "calendarYear": "1992",
        "period": "Q1",
        "revenue": 120800000,
        "costOfRevenue": 84200000,
        "grossProfit": 36600000,
        "grossProfitRatio": 0.3029801325,
        "researchAndDevelopmentExpenses": 0,
        "generalAndAdministrativeExpenses": 0,
        "sellingAndMarketingExpenses": 0,
        "sellingGeneralAndAdministrativeExpenses": 19500000,
        "otherExpenses": 2700000,
        "operatingExpenses": 22200000,
        "costAndExpenses": 106400000,
        "interestIncome": 0,
        "interestExpense": 1600000,
        "depreciationAndAmortization": 3500000,
        "ebitda": 17900000,
        "ebitdaratio": 0.1481788079,
        "operatingIncome": 14400000,
        "operatingIncomeRatio": 0.119205298,
        "totalOtherIncomeExpensesNet": -1600000,
        "incomeBeforeTax": 12800000,
        "incomeBeforeTaxRatio": 0.1059602649,
        "incomeTaxExpense": 4600000,
        "netIncome": 8200000,
        "netIncomeRatio": 0.0678807947,
        "eps": 0.11,
        "epsdiluted": 0.11,
        "weightedAverageShsOut": 74545455,
        "weightedAverageShsOutDil": 74545455,
        "link": null,
        "finalLink": null
    },
    {
        "date": "1991-12-31",
        "symbol": "PRGO",
        "reportedCurrency": "USD",
        "cik": "0001585364",
        "fillingDate": "1991-12-31",
        "acceptedDate": "1991-12-31 00:00:00",
        "calendarYear": "1991",
        "period": "Q4",
        "revenue": 93000000,
        "costOfRevenue": 63200000,
        "grossProfit": 29800000,
        "grossProfitRatio": 0.3204301075,
        "researchAndDevelopmentExpenses": 0,
        "generalAndAdministrativeExpenses": 0,
        "sellingAndMarketingExpenses": 0,
        "sellingGeneralAndAdministrativeExpenses": 13900000,
        "otherExpenses": 2200000,
        "operatingExpenses": 16100000,
        "costAndExpenses": 79300000,
        "interestIncome": 0,
        "interestExpense": 3100000,
        "depreciationAndAmortization": 2200000,
        "ebitda": 15900000,
        "ebitdaratio": 0.1709677419,
        "operatingIncome": 13700000,
        "operatingIncomeRatio": 0.147311828,
        "totalOtherIncomeExpensesNet": -3100000,
        "incomeBeforeTax": 10600000,
        "incomeBeforeTaxRatio": 0.1139784946,
        "incomeTaxExpense": 3900000,
        "netIncome": 6700000,
        "netIncomeRatio": 0.0720430108,
        "eps": 0.11,
        "epsdiluted": 0.11,
        "weightedAverageShsOut": 60909091,
        "weightedAverageShsOutDil": 60909091,
        "link": null,
        "finalLink": null
    },
    {
        "date": "1991-09-30",
        "symbol": "PRGO",
        "reportedCurrency": "USD",
        "cik": "0001585364",
        "fillingDate": "1991-09-30",
        "acceptedDate": "1991-09-30 00:00:00",
        "calendarYear": "1991",
        "period": "Q3",
        "revenue": 87100000,
        "costOfRevenue": 0,
        "grossProfit": 87100000,
        "grossProfitRatio": 1,
        "researchAndDevelopmentExpenses": 0,
        "generalAndAdministrativeExpenses": 0,
        "sellingAndMarketingExpenses": 0,
        "sellingGeneralAndAdministrativeExpenses": 0,
        "otherExpenses": 0,
        "operatingExpenses": 0,
        "costAndExpenses": 0,
        "interestIncome": 0,
        "interestExpense": 0,
        "depreciationAndAmortization": 0,
        "ebitda": 87100000,
        "ebitdaratio": 1,
        "operatingIncome": 87100000,
        "operatingIncomeRatio": 1,
        "totalOtherIncomeExpensesNet": -87100000,
        "incomeBeforeTax": 0,
        "incomeBeforeTaxRatio": 0,
        "incomeTaxExpense": 0,
        "netIncome": 6200000,
        "netIncomeRatio": 0.0711825488,
        "eps": 0.1,
        "epsdiluted": 0.1,
        "weightedAverageShsOut": 70424000,
        "weightedAverageShsOutDil": 70424000,
        "link": null,
        "finalLink": null
    }
]