[
    {
        "date": "2025-09-30",
        "symbol": "PRM",
        "reportedCurrency": "USD",
        "cik": "0001880319",
        "fillingDate": "2025-10-30",
        "acceptedDate": "2025-10-30 09:21:34",
        "calendarYear": "2025",
        "period": "Q3",
        "revenue": 315443000,
        "costOfRevenue": 131533000,
        "grossProfit": 183910000,
        "grossProfitRatio": 0.5830213382,
        "researchAndDevelopmentExpenses": 0,
        "generalAndAdministrativeExpenses": 0,
        "sellingAndMarketingExpenses": 0,
        "sellingGeneralAndAdministrativeExpenses": 23477000,
        "otherExpenses": 247779999,
        "operatingExpenses": 271257000,
        "costAndExpenses": 402790000,
        "interestIncome": 0,
        "interestExpense": 9870000,
        "depreciationAndAmortization": 18793000,
        "ebitda": -68621000,
        "ebitdaratio": -0.2175385093,
        "operatingIncome": -87347000,
        "operatingIncomeRatio": -0.2769026417,
        "totalOtherIncomeExpensesNet": -9803000,
        "incomeBeforeTax": -97150000,
        "incomeBeforeTaxRatio": -0.3079795716,
        "incomeTaxExpense": -6490000,
        "netIncome": -90660000,
        "netIncomeRatio": -0.2874053315,
        "eps": -0.62,
        "epsdiluted": -0.62,
        "weightedAverageShsOut": 146803539,
        "weightedAverageShsOutDil": 146803539,
        "link": "https://www.sec.gov/Archives/edgar/data/1880319/000188031925000129/0001880319-25-000129-index.htm",
        "finalLink": "https://www.sec.gov/Archives/edgar/data/1880319/000188031925000129/prm-20250930.htm"
    },
    {
        "date": "2025-06-30",
        "symbol": "PRM",
        "reportedCurrency": "USD",
        "cik": "0001880319",
        "fillingDate": "2025-08-07",
        "acceptedDate": "2025-08-07 09:13:12",
        "calendarYear": "2025",
        "period": "Q2",
        "revenue": 162639000,
        "costOfRevenue": 61143000,
        "grossProfit": 101496000,
        "grossProfitRatio": 0.6240569605,
        "researchAndDevelopmentExpenses": 0,
        "generalAndAdministrativeExpenses": 0,
        "sellingAndMarketingExpenses": 0,
        "sellingGeneralAndAdministrativeExpenses": 15967000,
        "otherExpenses": 111755000,
        "operatingExpenses": 127722000,
        "costAndExpenses": 188865000,
        "interestIncome": 0,
        "interestExpense": 9930000,
        "depreciationAndAmortization": 17924000,
        "ebitda": -8302000,
        "ebitdaratio": -0.0510455672,
        "operatingIncome": -26226000,
        "operatingIncomeRatio": -0.161252836,
        "totalOtherIncomeExpensesNet": -7622000,
        "incomeBeforeTax": -33848000,
        "incomeBeforeTaxRatio": -0.2081173642,
        "incomeTaxExpense": -1687000,
        "netIncome": -32161000,
        "netIncomeRatio": -0.1977446984,
        "eps": -0.22,
        "epsdiluted": -0.22,
        "weightedAverageShsOut": 147055804,
        "weightedAverageShsOutDil": 147055804,
        "link": "https://www.sec.gov/Archives/edgar/data/1880319/000188031925000107/0001880319-25-000107-index.htm",
        "finalLink": "https://www.sec.gov/Archives/edgar/data/1880319/000188031925000107/prm-20250630.htm"
    },
    {
        "date": "2025-03-31",
        "symbol": "PRM",
        "reportedCurrency": "USD",
        "cik": "0001880319",
        "fillingDate": "2025-05-08",
        "acceptedDate": "2025-05-08 11:36:59",
        "calendarYear": "2025",
        "period": "Q1",
        "revenue": 72030000,
        "costOfRevenue": 43877000,
        "grossProfit": 28153000,
        "grossProfitRatio": 0.3908510343,
        "researchAndDevelopmentExpenses": 0,
        "generalAndAdministrativeExpenses": 0,
        "sellingAndMarketingExpenses": 0,
        "sellingGeneralAndAdministrativeExpenses": 16299000,
        "otherExpenses": 89661000,
        "operatingExpenses": 105960000,
        "costAndExpenses": 149837000,
        "interestIncome": 0,
        "interestExpense": 9644000,
        "depreciationAndAmortization": 16893000,
        "ebitda": 95716000,
        "ebitdaratio": 1.3288352076,
        "operatingIncome": -77807000,
        "operatingIncomeRatio": -1.0802026933,
        "totalOtherIncomeExpensesNet": 146986000,
        "incomeBeforeTax": 69179000,
        "incomeBeforeTaxRatio": 0.9604192697,
        "incomeTaxExpense": 12493000,
        "netIncome": 56686000,
        "netIncomeRatio": 0.7869776482,
        "eps": 0.38,
        "epsdiluted": 0.36,
        "weightedAverageShsOut": 148556284,
        "weightedAverageShsOutDil": 156727696,
        "link": "https://www.sec.gov/Archives/edgar/data/1880319/000188031925000068/0001880319-25-000068-index.htm",
        "finalLink": "https://www.sec.gov/Archives/edgar/data/1880319/000188031925000068/prm-20250331.htm"
    },
    {
        "date": "2024-12-31",
        "symbol": "PRM",
        "reportedCurrency": "USD",
        "cik": "0001880319",
        "fillingDate": "2025-02-20",
        "acceptedDate": "2025-02-20 12:27:02",
        "calendarYear": "2024",
        "period": "Q4",
        "revenue": 86231000,
        "costOfRevenue": 44336000,
        "grossProfit": 41895000,
        "grossProfitRatio": 0.4858461574,
        "researchAndDevelopmentExpenses": 0,
        "generalAndAdministrativeExpenses": 0,
        "sellingAndMarketingExpenses": 0,
        "sellingGeneralAndAdministrativeExpenses": 21013000,
        "otherExpenses": -40436000,
        "operatingExpenses": -19423000,
        "costAndExpenses": 24913000,
        "interestIncome": 0,
        "interestExpense": 9169000,
        "depreciationAndAmortization": 16503000,
        "ebitda": 77821000,
        "ebitdaratio": 0.902471269,
        "operatingIncome": 61318000,
        "operatingIncomeRatio": 0.7110899792,
        "totalOtherIncomeExpensesNet": -11389000,
        "incomeBeforeTax": 49929000,
        "incomeBeforeTaxRatio": 0.5790145075,
        "incomeTaxExpense": -94241000,
        "netIncome": 144170000,
        "netIncomeRatio": 1.6719045355,
        "eps": 0.98,
        "epsdiluted": 0.9,
        "weightedAverageShsOut": 147058719,
        "weightedAverageShsOutDil": 160931755,
        "link": "https://www.sec.gov/Archives/edgar/data/1880319/000188031925000021/0001880319-25-000021-index.htm",
        "finalLink": "https://www.sec.gov/Archives/edgar/data/1880319/000188031925000021/prm-20241231.htm"
    },
    {
        "date": "2024-09-30",
        "symbol": "PRM",
        "reportedCurrency": "USD",
        "cik": "0001880319",
        "fillingDate": "2024-11-12",
        "acceptedDate": "2024-11-12 09:19:30",
        "calendarYear": "2024",
        "period": "Q3",
        "revenue": 288417000,
        "costOfRevenue": 107195000,
        "grossProfit": 181222000,
        "grossProfitRatio": 0.6283332813,
        "researchAndDevelopmentExpenses": 0,
        "generalAndAdministrativeExpenses": 0,
        "sellingAndMarketingExpenses": 0,
        "sellingGeneralAndAdministrativeExpenses": 18520000,
        "otherExpenses": 197941000,
        "operatingExpenses": 216461000,
        "costAndExpenses": 323656000,
        "interestIncome": 0,
        "interestExpense": 10054000,
        "depreciationAndAmortization": 16444000,
        "ebitda": -18795000,
        "ebitdaratio": -0.0651660616,
        "operatingIncome": -35239000,
        "operatingIncomeRatio": -0.1221807314,
        "totalOtherIncomeExpensesNet": -8851000,
        "incomeBeforeTax": -44090000,
        "incomeBeforeTaxRatio": -0.1528689363,
        "incomeTaxExpense": 45077000,
        "netIncome": -89167000,
        "netIncomeRatio": -0.309160001,
        "eps": -0.61,
        "epsdiluted": -0.61,
        "weightedAverageShsOut": 145222189,
        "weightedAverageShsOutDil": 145222189,
        "link": "https://www.sec.gov/Archives/edgar/data/1880319/000188031924000105/0001880319-24-000105-index.htm",
        "finalLink": "https://www.sec.gov/Archives/edgar/data/1880319/000188031924000105/prm-20240930.htm"
    },
    {
        "date": "2024-06-30",
        "symbol": "PRM",
        "reportedCurrency": "USD",
        "cik": "0001880319",
        "fillingDate": "2024-08-01",
        "acceptedDate": "2024-08-01 09:24:32",
        "calendarYear": "2024",
        "period": "Q2",
        "revenue": 127276000,
        "costOfRevenue": 54009000,
        "grossProfit": 73267000,
        "grossProfitRatio": 0.5756544832,
        "researchAndDevelopmentExpenses": 0,
        "generalAndAdministrativeExpenses": 0,
        "sellingAndMarketingExpenses": 0,
        "sellingGeneralAndAdministrativeExpenses": 13906000,
        "otherExpenses": 14343000,
        "operatingExpenses": 28249000,
        "costAndExpenses": 82258000,
        "interestIncome": 0,
        "interestExpense": 10590000,
        "depreciationAndAmortization": 16359000,
        "ebitda": 61377000,
        "ebitdaratio": 0.4822354568,
        "operatingIncome": 45018000,
        "operatingIncomeRatio": 0.3537037619,
        "totalOtherIncomeExpensesNet": -10888000,
        "incomeBeforeTax": 34130000,
        "incomeBeforeTaxRatio": 0.2681573902,
        "incomeTaxExpense": 12480000,
        "netIncome": 21650000,
        "netIncomeRatio": 0.1701027688,
        "eps": 0.15,
        "epsdiluted": 0.14,
        "weightedAverageShsOut": 145236526,
        "weightedAverageShsOutDil": 154664770,
        "link": "https://www.sec.gov/Archives/edgar/data/1880319/000188031924000062/0001880319-24-000062-index.htm",
        "finalLink": "https://www.sec.gov/Archives/edgar/data/1880319/000188031924000062/prm-20240630.htm"
    },
    {
        "date": "2024-03-31",
        "symbol": "PRM",
        "reportedCurrency": "USD",
        "cik": "0001880319",
        "fillingDate": "2024-05-09",
        "acceptedDate": "2024-05-09 09:03:09",
        "calendarYear": "2024",
        "period": "Q1",
        "revenue": 59044000,
        "costOfRevenue": 38342000,
        "grossProfit": 20702000,
        "grossProfitRatio": 0.3506198767,
        "researchAndDevelopmentExpenses": 0,
        "generalAndAdministrativeExpenses": 0,
        "sellingAndMarketingExpenses": 0,
        "sellingGeneralAndAdministrativeExpenses": 13462000,
        "otherExpenses": -67624000,
        "operatingExpenses": -54162000,
        "costAndExpenses": -15820000,
        "interestIncome": 0,
        "interestExpense": 10648000,
        "depreciationAndAmortization": 16412000,
        "ebitda": -59772000,
        "ebitdaratio": -1.012329788,
        "operatingIncome": 74864000,
        "operatingIncomeRatio": 1.2679357767,
        "totalOtherIncomeExpensesNet": -161696000,
        "incomeBeforeTax": -86832000,
        "incomeBeforeTaxRatio": -1.470632071,
        "incomeTaxExpense": -4274000,
        "netIncome": -82558000,
        "netIncomeRatio": -1.3982453763,
        "eps": -0.57,
        "epsdiluted": -0.57,
        "weightedAverageShsOut": 145326933,
        "weightedAverageShsOutDil": 145326933,
        "link": "https://www.sec.gov/Archives/edgar/data/1880319/000188031924000045/0001880319-24-000045-index.htm",
        "finalLink": "https://www.sec.gov/Archives/edgar/data/1880319/000188031924000045/prm-20240331.htm"
    },
    {
        "date": "2023-12-31",
        "symbol": "PRM",
        "reportedCurrency": "USD",
        "cik": "0001880319",
        "fillingDate": "2024-02-22",
        "acceptedDate": "2024-02-22 10:56:30",
        "calendarYear": "2023",
        "period": "Q4",
        "revenue": 59455000,
        "costOfRevenue": 38744000,
        "grossProfit": 20711000,
        "grossProfitRatio": 0.3483474897,
        "researchAndDevelopmentExpenses": 0,
        "generalAndAdministrativeExpenses": 0,
        "sellingAndMarketingExpenses": 0,
        "sellingGeneralAndAdministrativeExpenses": 15550000,
        "otherExpenses": 14078000,
        "operatingExpenses": 29628000,
        "costAndExpenses": 68372000,
        "interestIncome": 0,
        "interestExpense": 10440000,
        "depreciationAndAmortization": 16362000,
        "ebitda": 7445000,
        "ebitdaratio": 0.1252207552,
        "operatingIncome": -8917000,
        "operatingIncomeRatio": -0.1499789757,
        "totalOtherIncomeExpensesNet": -8417000,
        "incomeBeforeTax": -17334000,
        "incomeBeforeTaxRatio": -0.2915482298,
        "incomeTaxExpense": -4093000,
        "netIncome": -13241000,
        "netIncomeRatio": -0.2227062484,
        "eps": -0.0878,
        "epsdiluted": -0.0878,
        "weightedAverageShsOut": 150833523,
        "weightedAverageShsOutDil": 150833523,
        "link": "https://www.sec.gov/Archives/edgar/data/1880319/000188031924000007/0001880319-24-000007-index.htm",
        "finalLink": "https://www.sec.gov/Archives/edgar/data/1880319/000188031924000007/prm-20231231.htm"
    },
    {
        "date": "2023-09-30",
        "symbol": "PRM",
        "reportedCurrency": "USD",
        "cik": "0001880319",
        "fillingDate": "2023-11-09",
        "acceptedDate": "2023-11-09 10:22:08",
        "calendarYear": "2023",
        "period": "Q3",
        "revenue": 142658000,
        "costOfRevenue": 72825000,
        "grossProfit": 69833000,
        "grossProfitRatio": 0.4895133817,
        "researchAndDevelopmentExpenses": 0,
        "generalAndAdministrativeExpenses": 0,
        "sellingAndMarketingExpenses": 0,
        "sellingGeneralAndAdministrativeExpenses": 12693000,
        "otherExpenses": 29972000,
        "operatingExpenses": 42665000,
        "costAndExpenses": 115490000,
        "interestIncome": 0,
        "interestExpense": 10448000,
        "depreciationAndAmortization": 16276000,
        "ebitda": 84182000,
        "ebitdaratio": 0.5900965947,
        "operatingIncome": 27168000,
        "operatingIncomeRatio": 0.1904414754,
        "totalOtherIncomeExpensesNet": -4107000,
        "incomeBeforeTax": 23061000,
        "incomeBeforeTaxRatio": 0.1616523434,
        "incomeTaxExpense": 3779000,
        "netIncome": 19282000,
        "netIncomeRatio": 0.1351624164,
        "eps": 0.13,
        "epsdiluted": 0.12,
        "weightedAverageShsOut": 153694160,
        "weightedAverageShsOutDil": 165479465,
        "link": "https://www.sec.gov/Archives/edgar/data/1880319/000188031923000110/0001880319-23-000110-index.htm",
        "finalLink": "https://www.sec.gov/Archives/edgar/data/1880319/000188031923000110/prm-20230930.htm"
    },
    {
        "date": "2023-06-30",
        "symbol": "PRM",
        "reportedCurrency": "USD",
        "cik": "0001880319",
        "fillingDate": "2023-08-03",
        "acceptedDate": "2023-08-03 10:11:08",
        "calendarYear": "2023",
        "period": "Q2",
        "revenue": 76137000,
        "costOfRevenue": 46811000,
        "grossProfit": 29326000,
        "grossProfitRatio": 0.3851740941,
        "researchAndDevelopmentExpenses": 0,
        "generalAndAdministrativeExpenses": 0,
        "sellingAndMarketingExpenses": 0,
        "sellingGeneralAndAdministrativeExpenses": 12226000,
        "otherExpenses": -46247000,
        "operatingExpenses": -34021000,
        "costAndExpenses": 12790000,
        "interestIncome": 0,
        "interestExpense": 10344000,
        "depreciationAndAmortization": 16130000,
        "ebitda": 79477000,
        "ebitdaratio": 1.0438682901,
        "operatingIncome": 63347000,
        "operatingIncomeRatio": 0.8320133444,
        "totalOtherIncomeExpensesNet": -10600000,
        "incomeBeforeTax": 52747000,
        "incomeBeforeTaxRatio": 0.6927906274,
        "incomeTaxExpense": 733000,
        "netIncome": 52014000,
        "netIncomeRatio": 0.6831632452,
        "eps": 0.33,
        "epsdiluted": 0.31,
        "weightedAverageShsOut": 156525006,
        "weightedAverageShsOutDil": 168310311,
        "link": "https://www.sec.gov/Archives/edgar/data/1880319/000188031923000099/0001880319-23-000099-index.htm",
        "finalLink": "https://www.sec.gov/Archives/edgar/data/1880319/000188031923000099/prm-20230630.htm"
    },
    {
        "date": "2023-03-31",
        "symbol": "PRM",
        "reportedCurrency": "USD",
        "cik": "0001880319",
        "fillingDate": "2023-05-10",
        "acceptedDate": "2023-05-10 09:02:47",
        "calendarYear": "2023",
        "period": "Q1",
        "revenue": 43858000,
        "costOfRevenue": 33461000,
        "grossProfit": 10397000,
        "grossProfitRatio": 0.2370605135,
        "researchAndDevelopmentExpenses": 0,
        "generalAndAdministrativeExpenses": 10465000,
        "sellingAndMarketingExpenses": -2449000,
        "sellingGeneralAndAdministrativeExpenses": 8016000,
        "otherExpenses": 15233000,
        "operatingExpenses": 23249000,
        "costAndExpenses": 56710000,
        "interestIncome": 0,
        "interestExpense": 10146000,
        "depreciationAndAmortization": 16087000,
        "ebitda": 29342000,
        "ebitdaratio": 0.6690227553,
        "operatingIncome": -12852000,
        "operatingIncomeRatio": -0.2930366182,
        "totalOtherIncomeExpensesNet": 15961000,
        "incomeBeforeTax": 3109000,
        "incomeBeforeTaxRatio": 0.0708878654,
        "incomeTaxExpense": -6322000,
        "netIncome": 9431000,
        "netIncomeRatio": 0.2150348853,
        "eps": 0.06,
        "epsdiluted": 0.0556,
        "weightedAverageShsOut": 157700326,
        "weightedAverageShsOutDil": 169485631,
        "link": "https://www.sec.gov/Archives/edgar/data/1880319/000188031923000077/0001880319-23-000077-index.htm",
        "finalLink": "https://www.sec.gov/Archives/edgar/data/1880319/000188031923000077/prm-20230331.htm"
    },
    {
        "date": "2022-12-31",
        "symbol": "PRM",
        "reportedCurrency": "USD",
        "cik": "0001880319",
        "fillingDate": "2023-03-01",
        "acceptedDate": "2023-03-01 17:31:40",
        "calendarYear": "2022",
        "period": "Q4",
        "revenue": 41273000,
        "costOfRevenue": 26096000,
        "grossProfit": 15177000,
        "grossProfitRatio": 0.3677222397,
        "researchAndDevelopmentExpenses": 0,
        "generalAndAdministrativeExpenses": 0,
        "sellingAndMarketingExpenses": 0,
        "sellingGeneralAndAdministrativeExpenses": 9516000,
        "otherExpenses": 50494000,
        "operatingExpenses": 60010000,
        "costAndExpenses": 86106000,
        "interestIncome": 0,
        "interestExpense": 10003000,
        "depreciationAndAmortization": 16259000,
        "ebitda": -23948000,
        "ebitdaratio": -0.5802340513,
        "operatingIncome": -44833000,
        "operatingIncomeRatio": -1.0862549366,
        "totalOtherIncomeExpensesNet": -5377000,
        "incomeBeforeTax": -50210000,
        "incomeBeforeTaxRatio": -1.2165338115,
        "incomeTaxExpense": -18223000,
        "netIncome": -31987000,
        "netIncomeRatio": -0.7750102973,
        "eps": -0.2,
        "epsdiluted": -0.2,
        "weightedAverageShsOut": 157945813,
        "weightedAverageShsOutDil": 157945813,
        "link": "https://www.sec.gov/Archives/edgar/data/1880319/000188031923000026/0001880319-23-000026-index.htm",
        "finalLink": "https://www.sec.gov/Archives/edgar/data/1880319/000188031923000026/prm-20221231.htm"
    },
    {
        "date": "2022-09-30",
        "symbol": "PRM",
        "reportedCurrency": "USD",
        "cik": "0001880319",
        "fillingDate": "2022-11-04",
        "acceptedDate": "2022-11-04 15:48:09",
        "calendarYear": "2022",
        "period": "Q3",
        "revenue": 160509000,
        "costOfRevenue": 73761000,
        "grossProfit": 86748000,
        "grossProfitRatio": 0.5404556754,
        "researchAndDevelopmentExpenses": 0,
        "generalAndAdministrativeExpenses": -51332000,
        "sellingAndMarketingExpenses": 66982000,
        "sellingGeneralAndAdministrativeExpenses": 15650000,
        "otherExpenses": -60026000,
        "operatingExpenses": -44376000,
        "costAndExpenses": 29385000,
        "interestIncome": 0,
        "interestExpense": 9944000,
        "depreciationAndAmortization": 16450000,
        "ebitda": 148232000,
        "ebitdaratio": 0.9235120772,
        "operatingIncome": 131124000,
        "operatingIncomeRatio": 0.8169261537,
        "totalOtherIncomeExpensesNet": -10220000,
        "incomeBeforeTax": 120904000,
        "incomeBeforeTaxRatio": 0.7532537116,
        "incomeTaxExpense": 14677000,
        "netIncome": 106227000,
        "netIncomeRatio": 0.6618133563,
        "eps": 0.65,
        "epsdiluted": 0.6,
        "weightedAverageShsOut": 162635592,
        "weightedAverageShsOutDil": 176777958,
        "link": "https://www.sec.gov/Archives/edgar/data/1880319/000188031922000081/0001880319-22-000081-index.htm",
        "finalLink": "https://www.sec.gov/Archives/edgar/data/1880319/000188031922000081/prm-20220930.htm"
    },
    {
        "date": "2022-06-30",
        "symbol": "PRM",
        "reportedCurrency": "USD",
        "cik": "0001880319",
        "fillingDate": "2022-08-05",
        "acceptedDate": "2022-08-05 16:13:58",
        "calendarYear": "2022",
        "period": "Q2",
        "revenue": 100965000,
        "costOfRevenue": 72050000,
        "grossProfit": 28915000,
        "grossProfitRatio": 0.2863863715,
        "researchAndDevelopmentExpenses": 0,
        "generalAndAdministrativeExpenses": 2149000,
        "sellingAndMarketingExpenses": 17530000,
        "sellingGeneralAndAdministrativeExpenses": 19679000,
        "otherExpenses": -6403000,
        "operatingExpenses": 13276000,
        "costAndExpenses": 85326000,
        "interestIncome": 0,
        "interestExpense": 12142000,
        "depreciationAndAmortization": 16715000,
        "ebitda": 32354000,
        "ebitdaratio": 0.3204476799,
        "operatingIncome": 15639000,
        "operatingIncomeRatio": 0.1548952607,
        "totalOtherIncomeExpensesNet": -5700000,
        "incomeBeforeTax": 9939000,
        "incomeBeforeTaxRatio": 0.0984400535,
        "incomeTaxExpense": 1012000,
        "netIncome": 8927000,
        "netIncomeRatio": 0.0884167781,
        "eps": 0.0548,
        "epsdiluted": 0.0504,
        "weightedAverageShsOut": 162917478,
        "weightedAverageShsOutDil": 177059844,
        "link": "https://www.sec.gov/Archives/edgar/data/1880319/000188031922000070/0001880319-22-000070-index.htm",
        "finalLink": "https://www.sec.gov/Archives/edgar/data/1880319/000188031922000070/prm-20220630.htm"
    },
    {
        "date": "2022-03-31",
        "symbol": "PRM",
        "reportedCurrency": "USD",
        "cik": "0001880319",
        "fillingDate": "2022-05-10",
        "acceptedDate": "2022-05-09 20:59:15",
        "calendarYear": "2022",
        "period": "Q1",
        "revenue": 57758000,
        "costOfRevenue": 41343000,
        "grossProfit": 16415000,
        "grossProfitRatio": 0.2842030541,
        "researchAndDevelopmentExpenses": 0,
        "generalAndAdministrativeExpenses": 19154000,
        "sellingAndMarketingExpenses": 0,
        "sellingGeneralAndAdministrativeExpenses": 19154000,
        "otherExpenses": -45797000,
        "operatingExpenses": -26643000,
        "costAndExpenses": 14700000,
        "interestIncome": 0,
        "interestExpense": 10496000,
        "depreciationAndAmortization": 16371000,
        "ebitda": 65551000,
        "ebitdaratio": 1.134925032,
        "operatingIncome": 43058000,
        "operatingIncomeRatio": 0.7454898023,
        "totalOtherIncomeExpensesNet": -11541000,
        "incomeBeforeTax": 31517000,
        "incomeBeforeTaxRatio": 0.5456733266,
        "incomeTaxExpense": -5446000,
        "netIncome": 36963000,
        "netIncomeRatio": 0.6399632951,
        "eps": 0.23,
        "epsdiluted": 0.21,
        "weightedAverageShsOut": 160251199,
        "weightedAverageShsOutDil": 174777232,
        "link": "https://www.sec.gov/Archives/edgar/data/1880319/000188031922000052/0001880319-22-000052-index.htm",
        "finalLink": "https://www.sec.gov/Archives/edgar/data/1880319/000188031922000052/prm-20220331.htm"
    },
    {
        "date": "2021-12-31",
        "symbol": "PRM",
        "reportedCurrency": "USD",
        "cik": "0001880319",
        "fillingDate": "2022-03-31",
        "acceptedDate": "2022-03-31 10:33:07",
        "calendarYear": "2021",
        "period": "Q4",
        "revenue": 45878000,
        "costOfRevenue": 29736000,
        "grossProfit": 16142000,
        "grossProfitRatio": 0.3518462008,
        "researchAndDevelopmentExpenses": 0,
        "generalAndAdministrativeExpenses": 652990000,
        "sellingAndMarketingExpenses": 13419000,
        "sellingGeneralAndAdministrativeExpenses": 666409000,
        "otherExpenses": 23004000,
        "operatingExpenses": 689413000,
        "costAndExpenses": 719149000,
        "interestIncome": 0,
        "interestExpense": 21488000,
        "depreciationAndAmortization": 15786000,
        "ebitda": -648170000,
        "ebitdaratio": -14.1281224116,
        "operatingIncome": -673271000,
        "operatingIncomeRatio": -14.6752473953,
        "totalOtherIncomeExpensesNet": -23056000,
        "incomeBeforeTax": -696327000,
        "incomeBeforeTaxRatio": -15.1777976372,
        "incomeTaxExpense": -5175000,
        "netIncome": -689460000,
        "netIncomeRatio": -15.0281180522,
        "eps": -4.38,
        "epsdiluted": -4.38,
        "weightedAverageShsOut": 157237435,
        "weightedAverageShsOutDil": 157237435,
        "link": "https://www.sec.gov/Archives/edgar/data/1880319/000188031922000007/0001880319-22-000007-index.htm",
        "finalLink": "https://www.sec.gov/Archives/edgar/data/1880319/000188031922000007/prm-20211231.htm"
    },
    {
        "date": "2021-09-30",
        "symbol": "PRM",
        "reportedCurrency": "USD",
        "cik": "0001880319",
        "fillingDate": "2021-12-14",
        "acceptedDate": "2021-12-14 17:05:03",
        "calendarYear": "2021",
        "period": "Q3",
        "revenue": 195414000,
        "costOfRevenue": 86081000,
        "grossProfit": 109333000,
        "grossProfitRatio": 0.5594942021,
        "researchAndDevelopmentExpenses": 0,
        "generalAndAdministrativeExpenses": 15333000,
        "sellingAndMarketingExpenses": 0,
        "sellingGeneralAndAdministrativeExpenses": 15333000,
        "otherExpenses": 13589000,
        "operatingExpenses": 28922000,
        "costAndExpenses": 115003000,
        "interestIncome": 0,
        "interestExpense": 8065000,
        "depreciationAndAmortization": 15212000,
        "ebitda": 95623000,
        "ebitdaratio": 0.4893354621,
        "operatingIncome": 80411000,
        "operatingIncomeRatio": 0.4114904766,
        "totalOtherIncomeExpensesNet": -9765000,
        "incomeBeforeTax": 70646000,
        "incomeBeforeTaxRatio": 0.3615196455,
        "incomeTaxExpense": 18637000,
        "netIncome": 52009000,
        "netIncomeRatio": 0.2661477683,
        "eps": 0.33,
        "epsdiluted": 0.33,
        "weightedAverageShsOut": 157137410,
        "weightedAverageShsOutDil": 157137410,
        "link": "https://www.sec.gov/Archives/edgar/data/1880319/000095017021005204/0000950170-21-005204-index.htm",
        "finalLink": "https://www.sec.gov/Archives/edgar/data/1880319/000095017021005204/per-20210930.htm"
    },
    {
        "date": "2021-06-30",
        "symbol": "PRM",
        "reportedCurrency": "USD",
        "cik": "0001880319",
        "fillingDate": "2021-06-30",
        "acceptedDate": "2021-06-30 00:00:00",
        "calendarYear": "2021",
        "period": "Q2",
        "revenue": 87121000,
        "costOfRevenue": 48840000,
        "grossProfit": 38281000,
        "grossProfitRatio": 0.4394003742,
        "researchAndDevelopmentExpenses": 0,
        "generalAndAdministrativeExpenses": 18284000,
        "sellingAndMarketingExpenses": 0,
        "sellingGeneralAndAdministrativeExpenses": 18284000,
        "otherExpenses": 13734000,
        "operatingExpenses": 32018000,
        "costAndExpenses": 80858000,
        "interestIncome": 0,
        "interestExpense": 8035000,
        "depreciationAndAmortization": 15235000,
        "ebitda": 21498000,
        "ebitdaratio": 0.246760253,
        "operatingIncome": 6263000,
        "operatingIncomeRatio": 0.0718885229,
        "totalOtherIncomeExpensesNet": -10214000,
        "incomeBeforeTax": -3951000,
        "incomeBeforeTaxRatio": -0.0453507191,
        "incomeTaxExpense": -103000,
        "netIncome": -3848000,
        "netIncomeRatio": -0.0441684554,
        "eps": -0.0245,
        "epsdiluted": -0.0245,
        "weightedAverageShsOut": 157137410,
        "weightedAverageShsOutDil": 157137410,
        "link": "",
        "finalLink": ""
    },
    {
        "date": "2021-03-31",
        "symbol": "PRM",
        "reportedCurrency": "USD",
        "cik": "0001880319",
        "fillingDate": "2021-03-31",
        "acceptedDate": "2021-03-31 00:00:00",
        "calendarYear": "2021",
        "period": "Q1",
        "revenue": 33925000,
        "costOfRevenue": 24974000,
        "grossProfit": 8951000,
        "grossProfitRatio": 0.2638467207,
        "researchAndDevelopmentExpenses": 0,
        "generalAndAdministrativeExpenses": 8927000,
        "sellingAndMarketingExpenses": 0,
        "sellingGeneralAndAdministrativeExpenses": 8927000,
        "otherExpenses": 13561000,
        "operatingExpenses": 22488000,
        "costAndExpenses": 47462000,
        "interestIncome": 0,
        "interestExpense": 7851000,
        "depreciationAndAmortization": 15146000,
        "ebitda": 1609000,
        "ebitdaratio": 0.0474281503,
        "operatingIncome": -13537000,
        "operatingIncomeRatio": -0.399027266,
        "totalOtherIncomeExpensesNet": -10375000,
        "incomeBeforeTax": -23912000,
        "incomeBeforeTaxRatio": -0.7048489315,
        "incomeTaxExpense": -5383000,
        "netIncome": -18529000,
        "netIncomeRatio": -0.5461753869,
        "eps": -0.12,
        "epsdiluted": -0.12,
        "weightedAverageShsOut": 157137410,
        "weightedAverageShsOutDil": 157137410,
        "link": "",
        "finalLink": ""
    },
    {
        "date": "2020-12-31",
        "symbol": "PRM",
        "reportedCurrency": "USD",
        "cik": "0001880319",
        "fillingDate": "2020-12-31",
        "acceptedDate": "2020-12-31 00:00:00",
        "calendarYear": "2020",
        "period": "Q4",
        "revenue": 55819000,
        "costOfRevenue": 31828000,
        "grossProfit": 23991000,
        "grossProfitRatio": 0.4297998889,
        "researchAndDevelopmentExpenses": 0,
        "generalAndAdministrativeExpenses": 11168000,
        "sellingAndMarketingExpenses": 0,
        "sellingGeneralAndAdministrativeExpenses": 11168000,
        "otherExpenses": 13507000,
        "operatingExpenses": 24675000,
        "costAndExpenses": 56503000,
        "interestIncome": 0,
        "interestExpense": 8523000,
        "depreciationAndAmortization": 14746000,
        "ebitda": 14062000,
        "ebitdaratio": 0.2519213888,
        "operatingIncome": -684000,
        "operatingIncomeRatio": -0.012253892,
        "totalOtherIncomeExpensesNet": -6369000,
        "incomeBeforeTax": -7053000,
        "incomeBeforeTaxRatio": -0.1263548254,
        "incomeTaxExpense": -759000,
        "netIncome": -6294000,
        "netIncomeRatio": -0.1127573049,
        "eps": -0.12,
        "epsdiluted": -0.12,
        "weightedAverageShsOut": 52450437,
        "weightedAverageShsOutDil": 53045510,
        "link": "",
        "finalLink": ""
    },
    {
        "date": "2020-09-30",
        "symbol": "PRM",
        "reportedCurrency": "USD",
        "cik": "0001880319",
        "fillingDate": "2020-09-30",
        "acceptedDate": "2020-09-29 20:00:00",
        "calendarYear": "2020",
        "period": "Q3",
        "revenue": 174259000,
        "costOfRevenue": 76264000,
        "grossProfit": 97995000,
        "grossProfitRatio": 0.5623525901,
        "researchAndDevelopmentExpenses": 0,
        "generalAndAdministrativeExpenses": 8845000,
        "sellingAndMarketingExpenses": 0,
        "sellingGeneralAndAdministrativeExpenses": 8845000,
        "otherExpenses": 13196000,
        "operatingExpenses": 22041000,
        "costAndExpenses": 98305000,
        "interestIncome": 0,
        "interestExpense": 9244000,
        "depreciationAndAmortization": 14592000,
        "ebitda": 90546000,
        "ebitdaratio": 0.519605874,
        "operatingIncome": 75954000,
        "operatingIncomeRatio": 0.4358684487,
        "totalOtherIncomeExpensesNet": -6358000,
        "incomeBeforeTax": 69596000,
        "incomeBeforeTaxRatio": 0.3993825283,
        "incomeTaxExpense": 16966000,
        "netIncome": 52630000,
        "netIncomeRatio": 0.3020217033,
        "eps": 0.33,
        "epsdiluted": 0.33,
        "weightedAverageShsOut": 157137410,
        "weightedAverageShsOutDil": 157137410,
        "link": "",
        "finalLink": ""
    },
    {
        "date": "2020-06-30",
        "symbol": "PRM",
        "reportedCurrency": "USD",
        "cik": "0001880319",
        "fillingDate": "2020-06-30",
        "acceptedDate": "2020-06-29 20:00:00",
        "calendarYear": "2020",
        "period": "Q2",
        "revenue": 54749500,
        "costOfRevenue": 34720000,
        "grossProfit": 20029500,
        "grossProfitRatio": 0.3658389574,
        "researchAndDevelopmentExpenses": 0,
        "generalAndAdministrativeExpenses": 0,
        "sellingAndMarketingExpenses": 0,
        "sellingGeneralAndAdministrativeExpenses": 8867000,
        "otherExpenses": 13059500,
        "operatingExpenses": 21926500,
        "costAndExpenses": 56646500,
        "interestIncome": 0,
        "interestExpense": 12125000,
        "depreciationAndAmortization": 14389500,
        "ebitda": 12492500,
        "ebitdaratio": 0.2281755998,
        "operatingIncome": -1897000,
        "operatingIncomeRatio": -0.0346487183,
        "totalOtherIncomeExpensesNet": -12008500,
        "incomeBeforeTax": -13905500,
        "incomeBeforeTaxRatio": -0.2539840546,
        "incomeTaxExpense": -2862000,
        "netIncome": -11043500,
        "netIncomeRatio": -0.2017096047,
        "eps": -0.21,
        "epsdiluted": -0.21,
        "weightedAverageShsOut": 52588345,
        "weightedAverageShsOutDil": 53045510,
        "link": null,
        "finalLink": null
    },
    {
        "date": "2020-03-31",
        "symbol": "PRM",
        "reportedCurrency": "USD",
        "cik": "0001880319",
        "fillingDate": "2020-03-31",
        "acceptedDate": "2020-03-30 20:00:00",
        "calendarYear": "2020",
        "period": "Q1",
        "revenue": 54749500,
        "costOfRevenue": 34720000,
        "grossProfit": 20029500,
        "grossProfitRatio": 0.3658389574,
        "researchAndDevelopmentExpenses": 0,
        "generalAndAdministrativeExpenses": 0,
        "sellingAndMarketingExpenses": 0,
        "sellingGeneralAndAdministrativeExpenses": 8867000,
        "otherExpenses": 13059500,
        "operatingExpenses": 21926500,
        "costAndExpenses": 56646500,
        "interestIncome": 0,
        "interestExpense": 12125000,
        "depreciationAndAmortization": 14389500,
        "ebitda": 12492500,
        "ebitdaratio": 0.2281755998,
        "operatingIncome": -1897000,
        "operatingIncomeRatio": -0.0346487183,
        "totalOtherIncomeExpensesNet": -12008500,
        "incomeBeforeTax": -13905500,
        "incomeBeforeTaxRatio": -0.2539840546,
        "incomeTaxExpense": -2862000,
        "netIncome": -11043500,
        "netIncomeRatio": -0.2017096047,
        "eps": -0.21,
        "epsdiluted": -0.21,
        "weightedAverageShsOut": 52588345,
        "weightedAverageShsOutDil": 53045510,
        "link": null,
        "finalLink": null
    }
]