[
    {
        "date": "2025-08-03",
        "symbol": "PVH",
        "reportedCurrency": "USD",
        "cik": "0000078239",
        "fillingDate": "2025-09-05",
        "acceptedDate": "2025-09-05 13:21:50",
        "calendarYear": "2025",
        "period": "Q2",
        "revenue": 2167200000,
        "costOfRevenue": 916400000,
        "grossProfit": 1250800000,
        "grossProfitRatio": 0.5771502399,
        "researchAndDevelopmentExpenses": 0,
        "generalAndAdministrativeExpenses": 0,
        "sellingAndMarketingExpenses": 0,
        "sellingGeneralAndAdministrativeExpenses": 1128900000,
        "otherExpenses": 0,
        "operatingExpenses": 1128900000,
        "costAndExpenses": 2045300000,
        "interestIncome": 3800000,
        "interestExpense": 22000000,
        "depreciationAndAmortization": 68700000,
        "ebitda": 201900000,
        "ebitdaratio": 0.0931616833,
        "operatingIncome": 121900000,
        "operatingIncomeRatio": 0.0562476929,
        "totalOtherIncomeExpensesNet": -10700000,
        "incomeBeforeTax": 111200000,
        "incomeBeforeTaxRatio": 0.0513104467,
        "incomeTaxExpense": -113000000,
        "netIncome": 224200000,
        "netIncomeRatio": 0.1034514581,
        "eps": 4.66,
        "epsdiluted": 4.62,
        "weightedAverageShsOut": 48100000,
        "weightedAverageShsOutDil": 48500000,
        "link": "https://www.sec.gov/Archives/edgar/data/78239/000007823925000072/0000078239-25-000072-index.htm",
        "finalLink": "https://www.sec.gov/Archives/edgar/data/78239/000007823925000072/pvh-20250803.htm"
    },
    {
        "date": "2025-05-04",
        "symbol": "PVH",
        "reportedCurrency": "USD",
        "cik": "0000078239",
        "fillingDate": "2025-06-04",
        "acceptedDate": "2025-06-04 16:36:21",
        "calendarYear": "2025",
        "period": "Q1",
        "revenue": 1983600000,
        "costOfRevenue": 821900000,
        "grossProfit": 1161700000,
        "grossProfitRatio": 0.5856523493,
        "researchAndDevelopmentExpenses": 0,
        "generalAndAdministrativeExpenses": 0,
        "sellingAndMarketingExpenses": 0,
        "sellingGeneralAndAdministrativeExpenses": 1023900000,
        "otherExpenses": 0,
        "operatingExpenses": 1023900000,
        "costAndExpenses": 1845800000,
        "interestIncome": 5000000,
        "interestExpense": 22400000,
        "depreciationAndAmortization": 67700000,
        "ebitda": -259500000,
        "ebitdaratio": -0.1308227465,
        "operatingIncome": 137800000,
        "operatingIncomeRatio": 0.0694696511,
        "totalOtherIncomeExpensesNet": -487400000,
        "incomeBeforeTax": -349600000,
        "incomeBeforeTaxRatio": -0.1762452107,
        "incomeTaxExpense": -304800000,
        "netIncome": -44800000,
        "netIncomeRatio": -0.0225851986,
        "eps": -0.88,
        "epsdiluted": -0.88,
        "weightedAverageShsOut": 51100000,
        "weightedAverageShsOutDil": 51100000,
        "link": "https://www.sec.gov/Archives/edgar/data/78239/000007823925000052/0000078239-25-000052-index.htm",
        "finalLink": "https://www.sec.gov/Archives/edgar/data/78239/000007823925000052/pvh-20250504.htm"
    },
    {
        "date": "2025-01-31",
        "symbol": "PVH",
        "reportedCurrency": "USD",
        "cik": "0000078239",
        "fillingDate": "2025-04-01",
        "acceptedDate": "2025-04-01 11:49:35",
        "calendarYear": "2024",
        "period": "Q4",
        "revenue": 2371600000,
        "costOfRevenue": 990300000,
        "grossProfit": 1381300000,
        "grossProfitRatio": 0.5824338,
        "researchAndDevelopmentExpenses": 0,
        "generalAndAdministrativeExpenses": 1016800000,
        "sellingAndMarketingExpenses": -500000,
        "sellingGeneralAndAdministrativeExpenses": 1157200000,
        "otherExpenses": 0,
        "operatingExpenses": 1156700000,
        "costAndExpenses": 2147000000,
        "interestIncome": 7000000,
        "interestExpense": 20700000,
        "depreciationAndAmortization": 70600000,
        "ebitda": 287800000,
        "ebitdaratio": 0.1213526733,
        "operatingIncome": 224600000,
        "operatingIncomeRatio": 0.0947039973,
        "totalOtherIncomeExpensesNet": -28100000,
        "incomeBeforeTax": 196500000,
        "incomeBeforeTaxRatio": 0.0828554562,
        "incomeTaxExpense": 39300000,
        "netIncome": 157200000,
        "netIncomeRatio": 0.066284365,
        "eps": 2.87,
        "epsdiluted": 2.78,
        "weightedAverageShsOut": 54800000,
        "weightedAverageShsOutDil": 55500000,
        "link": "https://www.sec.gov/Archives/edgar/data/78239/000007823925000018/0000078239-25-000018-index.htm",
        "finalLink": "https://www.sec.gov/Archives/edgar/data/78239/000007823925000018/pvh-20250202.htm"
    },
    {
        "date": "2024-11-03",
        "symbol": "PVH",
        "reportedCurrency": "USD",
        "cik": "0000078239",
        "fillingDate": "2024-12-09",
        "acceptedDate": "2024-12-09 15:06:19",
        "calendarYear": "2024",
        "period": "Q3",
        "revenue": 2255100000,
        "costOfRevenue": 938500000,
        "grossProfit": 1316600000,
        "grossProfitRatio": 0.5838322026,
        "researchAndDevelopmentExpenses": 0,
        "generalAndAdministrativeExpenses": 0,
        "sellingAndMarketingExpenses": 0,
        "sellingGeneralAndAdministrativeExpenses": 1154000000,
        "otherExpenses": 0,
        "operatingExpenses": 1154000000,
        "costAndExpenses": 2092500000,
        "interestIncome": 6900000,
        "interestExpense": 23000000,
        "depreciationAndAmortization": 69700000,
        "ebitda": 259700000,
        "ebitdaratio": 0.1151611902,
        "operatingIncome": 162600000,
        "operatingIncomeRatio": 0.0721032327,
        "totalOtherIncomeExpensesNet": 4400000,
        "incomeBeforeTax": 167000000,
        "incomeBeforeTaxRatio": 0.0740543657,
        "incomeTaxExpense": 35100000,
        "netIncome": 131900000,
        "netIncomeRatio": 0.0584896457,
        "eps": 2.36,
        "epsdiluted": 2.34,
        "weightedAverageShsOut": 55800000,
        "weightedAverageShsOutDil": 56300000,
        "link": "https://www.sec.gov/Archives/edgar/data/78239/000007823924000089/0000078239-24-000089-index.htm",
        "finalLink": "https://www.sec.gov/Archives/edgar/data/78239/000007823924000089/pvh-20241103.htm"
    },
    {
        "date": "2024-08-04",
        "symbol": "PVH",
        "reportedCurrency": "USD",
        "cik": "0000078239",
        "fillingDate": "2024-09-09",
        "acceptedDate": "2024-09-09 13:36:56",
        "calendarYear": "2024",
        "period": "Q2",
        "revenue": 2074300000,
        "costOfRevenue": 828400000,
        "grossProfit": 1245900000,
        "grossProfitRatio": 0.6006363593,
        "researchAndDevelopmentExpenses": 0,
        "generalAndAdministrativeExpenses": 0,
        "sellingAndMarketingExpenses": 0,
        "sellingGeneralAndAdministrativeExpenses": 1083300000,
        "otherExpenses": 0,
        "operatingExpenses": 1083300000,
        "costAndExpenses": 1911700000,
        "interestIncome": 3700000,
        "interestExpense": 22800000,
        "depreciationAndAmortization": 69800000,
        "ebitda": 248100000,
        "ebitdaratio": 0.1196066143,
        "operatingIncome": 162600000,
        "operatingIncomeRatio": 0.0783878899,
        "totalOtherIncomeExpensesNet": -7800000,
        "incomeBeforeTax": 154800000,
        "incomeBeforeTaxRatio": 0.0746275852,
        "incomeTaxExpense": -3200000,
        "netIncome": 158000000,
        "netIncomeRatio": 0.0761702743,
        "eps": 2.83,
        "epsdiluted": 2.8,
        "weightedAverageShsOut": 55900000,
        "weightedAverageShsOutDil": 56500000,
        "link": "https://www.sec.gov/Archives/edgar/data/78239/000007823924000074/0000078239-24-000074-index.htm",
        "finalLink": "https://www.sec.gov/Archives/edgar/data/78239/000007823924000074/pvh-20240804.htm"
    },
    {
        "date": "2024-05-05",
        "symbol": "PVH",
        "reportedCurrency": "USD",
        "cik": "0000078239",
        "fillingDate": "2024-06-12",
        "acceptedDate": "2024-06-12 12:11:24",
        "calendarYear": "2024",
        "period": "Q1",
        "revenue": 1951900000,
        "costOfRevenue": 753200000,
        "grossProfit": 1198700000,
        "grossProfitRatio": 0.6141195758,
        "researchAndDevelopmentExpenses": 0,
        "generalAndAdministrativeExpenses": 1016800000,
        "sellingAndMarketingExpenses": 500000,
        "sellingGeneralAndAdministrativeExpenses": 1017300000,
        "otherExpenses": 10000000,
        "operatingExpenses": 1017300000,
        "costAndExpenses": 1770500000,
        "interestIncome": 5600000,
        "interestExpense": 23300000,
        "depreciationAndAmortization": 72100000,
        "ebitda": 253500000,
        "ebitdaratio": 0.1298734566,
        "operatingIncome": 181400000,
        "operatingIncomeRatio": 0.0929350889,
        "totalOtherIncomeExpensesNet": -68900000,
        "incomeBeforeTax": 187400000,
        "incomeBeforeTaxRatio": 0.0960090169,
        "incomeTaxExpense": 36000000,
        "netIncome": 151400000,
        "netIncomeRatio": 0.077565449,
        "eps": 2.63,
        "epsdiluted": 2.59,
        "weightedAverageShsOut": 57500000,
        "weightedAverageShsOutDil": 58400000,
        "link": "https://www.sec.gov/Archives/edgar/data/78239/000007823924000042/0000078239-24-000042-index.htm",
        "finalLink": "https://www.sec.gov/Archives/edgar/data/78239/000007823924000042/pvh-20240505.htm"
    },
    {
        "date": "2024-01-31",
        "symbol": "PVH",
        "reportedCurrency": "USD",
        "cik": "0000078239",
        "fillingDate": "2024-04-02",
        "acceptedDate": "2024-04-02 12:11:52",
        "calendarYear": "2023",
        "period": "Q4",
        "revenue": 2489900000,
        "costOfRevenue": 983300000,
        "grossProfit": 1506600000,
        "grossProfitRatio": 0.6050845415,
        "researchAndDevelopmentExpenses": 0,
        "generalAndAdministrativeExpenses": 618200000,
        "sellingAndMarketingExpenses": 533900000,
        "sellingGeneralAndAdministrativeExpenses": 1152100000,
        "otherExpenses": 0,
        "operatingExpenses": 1152100000,
        "costAndExpenses": 2135400000,
        "interestIncome": 3800000,
        "interestExpense": 23800000,
        "depreciationAndAmortization": 75600000,
        "ebitda": 430100000,
        "ebitdaratio": 0.172737861,
        "operatingIncome": 354500000,
        "operatingIncomeRatio": 0.1423751958,
        "totalOtherIncomeExpensesNet": -17600000,
        "incomeBeforeTax": 336900000,
        "incomeBeforeTaxRatio": 0.1353066388,
        "incomeTaxExpense": 65100000,
        "netIncome": 271800000,
        "netIncomeRatio": 0.1091610105,
        "eps": 4.61,
        "epsdiluted": 4.55,
        "weightedAverageShsOut": 58900000,
        "weightedAverageShsOutDil": 59700000,
        "link": "https://www.sec.gov/Archives/edgar/data/78239/000007823924000013/0000078239-24-000013-index.htm",
        "finalLink": "https://www.sec.gov/Archives/edgar/data/78239/000007823924000013/pvh-20240204.htm"
    },
    {
        "date": "2023-10-29",
        "symbol": "PVH",
        "reportedCurrency": "USD",
        "cik": "0000078239",
        "fillingDate": "2023-12-07",
        "acceptedDate": "2023-12-07 12:41:29",
        "calendarYear": "2023",
        "period": "Q3",
        "revenue": 2362900000,
        "costOfRevenue": 1023500000,
        "grossProfit": 1339400000,
        "grossProfitRatio": 0.566845825,
        "researchAndDevelopmentExpenses": 0,
        "generalAndAdministrativeExpenses": 1123300000,
        "sellingAndMarketingExpenses": 0,
        "sellingGeneralAndAdministrativeExpenses": 1123300000,
        "otherExpenses": 500000,
        "operatingExpenses": 1123300000,
        "costAndExpenses": 2146800000,
        "interestIncome": 2100000,
        "interestExpense": 24300000,
        "depreciationAndAmortization": 75200000,
        "ebitda": 310100000,
        "ebitdaratio": 0.1312370392,
        "operatingIncome": 229800000,
        "operatingIncomeRatio": 0.0972533751,
        "totalOtherIncomeExpensesNet": -8000000,
        "incomeBeforeTax": 207600000,
        "incomeBeforeTaxRatio": 0.0878581404,
        "incomeTaxExpense": 46000000,
        "netIncome": 161600000,
        "netIncomeRatio": 0.0683905371,
        "eps": 2.68,
        "epsdiluted": 2.66,
        "weightedAverageShsOut": 60300000,
        "weightedAverageShsOutDil": 60800000,
        "link": "https://www.sec.gov/Archives/edgar/data/78239/000007823923000135/0000078239-23-000135-index.htm",
        "finalLink": "https://www.sec.gov/Archives/edgar/data/78239/000007823923000135/pvh-20231029.htm"
    },
    {
        "date": "2023-07-30",
        "symbol": "PVH",
        "reportedCurrency": "USD",
        "cik": "0000078239",
        "fillingDate": "2023-09-07",
        "acceptedDate": "2023-09-07 13:06:46",
        "calendarYear": "2023",
        "period": "Q2",
        "revenue": 2207000000,
        "costOfRevenue": 934700000,
        "grossProfit": 1272300000,
        "grossProfitRatio": 0.5764839148,
        "researchAndDevelopmentExpenses": 0,
        "generalAndAdministrativeExpenses": 0,
        "sellingAndMarketingExpenses": 0,
        "sellingGeneralAndAdministrativeExpenses": 1138500000,
        "otherExpenses": 300000,
        "operatingExpenses": 1138500000,
        "costAndExpenses": 2073200000,
        "interestIncome": 2300000,
        "interestExpense": 25900000,
        "depreciationAndAmortization": 75500000,
        "ebitda": 248600000,
        "ebitdaratio": 0.1126415949,
        "operatingIncome": 133800000,
        "operatingIncomeRatio": 0.0606252832,
        "totalOtherIncomeExpensesNet": -14100000,
        "incomeBeforeTax": 119700000,
        "incomeBeforeTaxRatio": 0.0542365202,
        "incomeTaxExpense": 25500000,
        "netIncome": 94200000,
        "netIncomeRatio": 0.0426823743,
        "eps": 1.52,
        "epsdiluted": 1.5,
        "weightedAverageShsOut": 62100000,
        "weightedAverageShsOutDil": 62700000,
        "link": "https://www.sec.gov/Archives/edgar/data/78239/000007823923000117/0000078239-23-000117-index.htm",
        "finalLink": "https://www.sec.gov/Archives/edgar/data/78239/000007823923000117/pvh-20230730.htm"
    },
    {
        "date": "2023-04-30",
        "symbol": "PVH",
        "reportedCurrency": "USD",
        "cik": "0000078239",
        "fillingDate": "2023-06-08",
        "acceptedDate": "2023-06-08 13:11:22",
        "calendarYear": "2023",
        "period": "Q1",
        "revenue": 2157900000,
        "costOfRevenue": 907600000,
        "grossProfit": 1250300000,
        "grossProfitRatio": 0.5794059039,
        "researchAndDevelopmentExpenses": 0,
        "generalAndAdministrativeExpenses": 1063400000,
        "sellingAndMarketingExpenses": 600000,
        "sellingGeneralAndAdministrativeExpenses": 1064000000,
        "otherExpenses": 600000,
        "operatingExpenses": 1064000000,
        "costAndExpenses": 1971600000,
        "interestIncome": 3300000,
        "interestExpense": 25300000,
        "depreciationAndAmortization": 72300000,
        "ebitda": 259200000,
        "ebitdaratio": 0.1201167802,
        "operatingIncome": -708800000,
        "operatingIncomeRatio": -0.3284674915,
        "totalOtherIncomeExpensesNet": -10100000,
        "incomeBeforeTax": 176800000,
        "incomeBeforeTaxRatio": 0.0819315075,
        "incomeTaxExpense": 40800000,
        "netIncome": 136000000,
        "netIncomeRatio": 0.0630242365,
        "eps": 2.17,
        "epsdiluted": 2.14,
        "weightedAverageShsOut": 62700000,
        "weightedAverageShsOutDil": 63500000,
        "link": "https://www.sec.gov/Archives/edgar/data/78239/000007823923000091/0000078239-23-000091-index.htm",
        "finalLink": "https://www.sec.gov/Archives/edgar/data/78239/000007823923000091/pvh-20230430.htm"
    },
    {
        "date": "2023-01-31",
        "symbol": "PVH",
        "reportedCurrency": "USD",
        "cik": "0000078239",
        "fillingDate": "2023-03-28",
        "acceptedDate": "2023-03-28 12:04:19",
        "calendarYear": "2022",
        "period": "Q4",
        "revenue": 2488700000,
        "costOfRevenue": 1098200000,
        "grossProfit": 1390500000,
        "grossProfitRatio": 0.558725439,
        "researchAndDevelopmentExpenses": 0,
        "generalAndAdministrativeExpenses": 0,
        "sellingAndMarketingExpenses": 0,
        "sellingGeneralAndAdministrativeExpenses": 1182600000,
        "otherExpenses": 207900000,
        "operatingExpenses": 1390500000,
        "costAndExpenses": 2488700000,
        "interestIncome": 2100000,
        "interestExpense": 23700000,
        "depreciationAndAmortization": 76200000,
        "ebitda": 375700000,
        "ebitdaratio": 0.1509623498,
        "operatingIncome": 207900000,
        "operatingIncomeRatio": 0.0835375899,
        "totalOtherIncomeExpensesNet": 67900000,
        "incomeBeforeTax": 275800000,
        "incomeBeforeTaxRatio": 0.1108209105,
        "incomeTaxExpense": 137100000,
        "netIncome": 138700000,
        "netIncomeRatio": 0.0557319082,
        "eps": 2.2,
        "epsdiluted": 2.18,
        "weightedAverageShsOut": 63100000,
        "weightedAverageShsOutDil": 63700000,
        "link": "https://www.sec.gov/Archives/edgar/data/78239/000007823923000014/0000078239-23-000014-index.htm",
        "finalLink": "https://www.sec.gov/Archives/edgar/data/78239/000007823923000014/pvh-20230129.htm"
    },
    {
        "date": "2022-10-30",
        "symbol": "PVH",
        "reportedCurrency": "USD",
        "cik": "0000078239",
        "fillingDate": "2022-12-08",
        "acceptedDate": "2022-12-08 13:08:55",
        "calendarYear": "2022",
        "period": "Q3",
        "revenue": 2280800000,
        "costOfRevenue": 1006600000,
        "grossProfit": 1274200000,
        "grossProfitRatio": 0.5586636268,
        "researchAndDevelopmentExpenses": 0,
        "generalAndAdministrativeExpenses": 1085000000,
        "sellingAndMarketingExpenses": 0,
        "sellingGeneralAndAdministrativeExpenses": 1085000000,
        "otherExpenses": 0,
        "operatingExpenses": 1085000000,
        "costAndExpenses": 2091600000,
        "interestIncome": 2300000,
        "interestExpense": 21100000,
        "depreciationAndAmortization": 73100000,
        "ebitda": -138600000,
        "ebitdaratio": -0.0607681515,
        "operatingIncome": 189200000,
        "operatingIncomeRatio": 0.0829533497,
        "totalOtherIncomeExpensesNet": -422000000,
        "incomeBeforeTax": -232800000,
        "incomeBeforeTaxRatio": -0.1020694493,
        "incomeTaxExpense": -46100000,
        "netIncome": -186700000,
        "netIncomeRatio": -0.0818572431,
        "eps": -2.88,
        "epsdiluted": -2.88,
        "weightedAverageShsOut": 64800000,
        "weightedAverageShsOutDil": 64800000,
        "link": "https://www.sec.gov/Archives/edgar/data/78239/000007823922000137/0000078239-22-000137-index.htm",
        "finalLink": "https://www.sec.gov/Archives/edgar/data/78239/000007823922000137/pvh-20221030.htm"
    },
    {
        "date": "2022-07-31",
        "symbol": "PVH",
        "reportedCurrency": "USD",
        "cik": "0000078239",
        "fillingDate": "2022-09-08",
        "acceptedDate": "2022-09-08 11:38:42",
        "calendarYear": "2022",
        "period": "Q2",
        "revenue": 2132000000,
        "costOfRevenue": 912500000,
        "grossProfit": 1219500000,
        "grossProfitRatio": 0.5719981238,
        "researchAndDevelopmentExpenses": 0,
        "generalAndAdministrativeExpenses": 0,
        "sellingAndMarketingExpenses": 0,
        "sellingGeneralAndAdministrativeExpenses": 1070400000,
        "otherExpenses": 3200000,
        "operatingExpenses": 1070400000,
        "costAndExpenses": 1982900000,
        "interestIncome": 1500000,
        "interestExpense": 21800000,
        "depreciationAndAmortization": 75400000,
        "ebitda": 278200000,
        "ebitdaratio": 0.1304878049,
        "operatingIncome": 202800000,
        "operatingIncomeRatio": 0.0951219512,
        "totalOtherIncomeExpensesNet": 7600000,
        "incomeBeforeTax": 156700000,
        "incomeBeforeTaxRatio": 0.0734990619,
        "incomeTaxExpense": 41400000,
        "netIncome": 115300000,
        "netIncomeRatio": 0.0540806754,
        "eps": 1.73,
        "epsdiluted": 1.72,
        "weightedAverageShsOut": 66600000,
        "weightedAverageShsOutDil": 67000000,
        "link": "https://www.sec.gov/Archives/edgar/data/78239/000007823922000119/0000078239-22-000119-index.htm",
        "finalLink": "https://www.sec.gov/Archives/edgar/data/78239/000007823922000119/pvh-20220731.htm"
    },
    {
        "date": "2022-05-01",
        "symbol": "PVH",
        "reportedCurrency": "USD",
        "cik": "0000078239",
        "fillingDate": "2022-06-09",
        "acceptedDate": "2022-06-09 12:44:10",
        "calendarYear": "2022",
        "period": "Q1",
        "revenue": 2122700000,
        "costOfRevenue": 884000000,
        "grossProfit": 1238700000,
        "grossProfitRatio": 0.5835492533,
        "researchAndDevelopmentExpenses": 0,
        "generalAndAdministrativeExpenses": 0,
        "sellingAndMarketingExpenses": 0,
        "sellingGeneralAndAdministrativeExpenses": 1039400000,
        "otherExpenses": 3600000,
        "operatingExpenses": 1039400000,
        "costAndExpenses": 1923400000,
        "interestIncome": 1200000,
        "interestExpense": 23000000,
        "depreciationAndAmortization": 76800000,
        "ebitda": 279700000,
        "ebitdaratio": 0.1317661469,
        "operatingIncome": 133500000,
        "operatingIncomeRatio": 0.0628916003,
        "totalOtherIncomeExpensesNet": -10800000,
        "incomeBeforeTax": 188500000,
        "incomeBeforeTaxRatio": 0.0888019975,
        "incomeTaxExpense": 55400000,
        "netIncome": 133100000,
        "netIncomeRatio": 0.0627031611,
        "eps": 1.96,
        "epsdiluted": 1.94,
        "weightedAverageShsOut": 68000000,
        "weightedAverageShsOutDil": 68700000,
        "link": "https://www.sec.gov/Archives/edgar/data/78239/000007823922000070/0000078239-22-000070-index.htm",
        "finalLink": "https://www.sec.gov/Archives/edgar/data/78239/000007823922000070/pvh-20220501.htm"
    },
    {
        "date": "2022-01-31",
        "symbol": "PVH",
        "reportedCurrency": "USD",
        "cik": "0000078239",
        "fillingDate": "2022-03-30",
        "acceptedDate": "2022-03-30 13:01:21",
        "calendarYear": "2021",
        "period": "Q4",
        "revenue": 2429700000,
        "costOfRevenue": 1013400000,
        "grossProfit": 1416300000,
        "grossProfitRatio": 0.5829114706,
        "researchAndDevelopmentExpenses": 0,
        "generalAndAdministrativeExpenses": 719400000,
        "sellingAndMarketingExpenses": 535800000,
        "sellingGeneralAndAdministrativeExpenses": 1255200000,
        "otherExpenses": 0,
        "operatingExpenses": 1255200000,
        "costAndExpenses": 2268600000,
        "interestIncome": 1000000,
        "interestExpense": 24900000,
        "depreciationAndAmortization": 80100000,
        "ebitda": 304400000,
        "ebitdaratio": 0.1252829567,
        "operatingIncome": 224300000,
        "operatingIncomeRatio": 0.0923159238,
        "totalOtherIncomeExpensesNet": 34900000,
        "incomeBeforeTax": 199400000,
        "incomeBeforeTaxRatio": 0.082067745,
        "incomeTaxExpense": -191400000,
        "netIncome": 390800000,
        "netIncomeRatio": 0.1608429024,
        "eps": 5.61,
        "epsdiluted": 5.53,
        "weightedAverageShsOut": 69600000,
        "weightedAverageShsOutDil": 70600000,
        "link": "https://www.sec.gov/Archives/edgar/data/78239/000007823922000031/0000078239-22-000031-index.htm",
        "finalLink": "https://www.sec.gov/Archives/edgar/data/78239/000007823922000031/pvh-20220130.htm"
    },
    {
        "date": "2021-10-31",
        "symbol": "PVH",
        "reportedCurrency": "USD",
        "cik": "0000078239",
        "fillingDate": "2021-12-08",
        "acceptedDate": "2021-12-08 14:02:48",
        "calendarYear": "2021",
        "period": "Q3",
        "revenue": 2332500000,
        "costOfRevenue": 987400000,
        "grossProfit": 1345100000,
        "grossProfitRatio": 0.5766773848,
        "researchAndDevelopmentExpenses": 0,
        "generalAndAdministrativeExpenses": 0,
        "sellingAndMarketingExpenses": 0,
        "sellingGeneralAndAdministrativeExpenses": 1097300000,
        "otherExpenses": 0,
        "operatingExpenses": 1097300000,
        "costAndExpenses": 2084700000,
        "interestIncome": 1300000,
        "interestExpense": 25900000,
        "depreciationAndAmortization": 77300000,
        "ebitda": 327600000,
        "ebitdaratio": 0.1404501608,
        "operatingIncome": 223200000,
        "operatingIncomeRatio": 0.0956913183,
        "totalOtherIncomeExpensesNet": 104800000,
        "incomeBeforeTax": 352600000,
        "incomeBeforeTaxRatio": 0.1511682744,
        "incomeTaxExpense": 72900000,
        "netIncome": 279700000,
        "netIncomeRatio": 0.1199142551,
        "eps": 3.94,
        "epsdiluted": 3.89,
        "weightedAverageShsOut": 70900000,
        "weightedAverageShsOutDil": 72000000,
        "link": "https://www.sec.gov/Archives/edgar/data/78239/000007823921000087/0000078239-21-000087-index.htm",
        "finalLink": "https://www.sec.gov/Archives/edgar/data/78239/000007823921000087/pvh-20211031.htm"
    },
    {
        "date": "2021-08-01",
        "symbol": "PVH",
        "reportedCurrency": "USD",
        "cik": "0000078239",
        "fillingDate": "2021-09-09",
        "acceptedDate": "2021-09-09 13:14:32",
        "calendarYear": "2021",
        "period": "Q2",
        "revenue": 2313200000,
        "costOfRevenue": 979600000,
        "grossProfit": 1333600000,
        "grossProfitRatio": 0.5765173785,
        "researchAndDevelopmentExpenses": 0,
        "generalAndAdministrativeExpenses": 0,
        "sellingAndMarketingExpenses": 0,
        "sellingGeneralAndAdministrativeExpenses": 1062000000,
        "otherExpenses": 3300000,
        "operatingExpenses": 1062000000,
        "costAndExpenses": 2041600000,
        "interestIncome": 1000000,
        "interestExpense": 27300000,
        "depreciationAndAmortization": 78300000,
        "ebitda": 357500000,
        "ebitdaratio": 0.1545478126,
        "operatingIncome": 271600000,
        "operatingIncomeRatio": 0.1174131074,
        "totalOtherIncomeExpensesNet": -18900000,
        "incomeBeforeTax": 252700000,
        "incomeBeforeTaxRatio": 0.1092426076,
        "incomeTaxExpense": 70900000,
        "netIncome": 181900000,
        "netIncomeRatio": 0.0786356562,
        "eps": 2.55,
        "epsdiluted": 2.51,
        "weightedAverageShsOut": 71400000,
        "weightedAverageShsOutDil": 72500000,
        "link": "https://www.sec.gov/Archives/edgar/data/78239/000007823921000067/0000078239-21-000067-index.htm",
        "finalLink": "https://www.sec.gov/Archives/edgar/data/78239/000007823921000067/pvh-20210801.htm"
    },
    {
        "date": "2021-05-02",
        "symbol": "PVH",
        "reportedCurrency": "USD",
        "cik": "0000078239",
        "fillingDate": "2021-06-10",
        "acceptedDate": "2021-06-10 13:47:16",
        "calendarYear": "2021",
        "period": "Q1",
        "revenue": 2079300000,
        "costOfRevenue": 850200000,
        "grossProfit": 1229100000,
        "grossProfitRatio": 0.5911123936,
        "researchAndDevelopmentExpenses": 0,
        "generalAndAdministrativeExpenses": 0,
        "sellingAndMarketingExpenses": 0,
        "sellingGeneralAndAdministrativeExpenses": 1039400000,
        "otherExpenses": 4000000,
        "operatingExpenses": 1039400000,
        "costAndExpenses": 1889600000,
        "interestIncome": 1100000,
        "interestExpense": 30500000,
        "depreciationAndAmortization": 77600000,
        "ebitda": 275000000,
        "ebitdaratio": 0.1322560477,
        "operatingIncome": 189700000,
        "operatingIncomeRatio": 0.0912326264,
        "totalOtherIncomeExpensesNet": -21700000,
        "incomeBeforeTax": 168000000,
        "incomeBeforeTaxRatio": 0.0807964219,
        "incomeTaxExpense": 68300000,
        "netIncome": 99900000,
        "netIncomeRatio": 0.0480450151,
        "eps": 1.4,
        "epsdiluted": 1.38,
        "weightedAverageShsOut": 71200000,
        "weightedAverageShsOutDil": 72400000,
        "link": "https://www.sec.gov/Archives/edgar/data/78239/000007823921000037/0000078239-21-000037-index.htm",
        "finalLink": "https://www.sec.gov/Archives/edgar/data/78239/000007823921000037/pvh-20210502.htm"
    },
    {
        "date": "2021-01-31",
        "symbol": "PVH",
        "reportedCurrency": "USD",
        "cik": "0000078239",
        "fillingDate": "2021-03-31",
        "acceptedDate": "2021-03-31 11:57:48",
        "calendarYear": "2020",
        "period": "Q4",
        "revenue": 2089800000,
        "costOfRevenue": 963500000,
        "grossProfit": 1126300000,
        "grossProfitRatio": 0.5389510958,
        "researchAndDevelopmentExpenses": 0,
        "generalAndAdministrativeExpenses": 767800000,
        "sellingAndMarketingExpenses": 379000000,
        "sellingGeneralAndAdministrativeExpenses": 1146800000,
        "otherExpenses": 68000000,
        "operatingExpenses": 1173700000,
        "costAndExpenses": 2137200000,
        "interestIncome": 1400000,
        "interestExpense": 35900000,
        "depreciationAndAmortization": 85600000,
        "ebitda": 110200000,
        "ebitdaratio": 0.0527323189,
        "operatingIncome": -47400000,
        "operatingIncomeRatio": -0.0226815963,
        "totalOtherIncomeExpensesNet": 12300000,
        "incomeBeforeTax": -8200000,
        "incomeBeforeTaxRatio": -0.0039238205,
        "incomeTaxExpense": 49900000,
        "netIncome": -57700000,
        "netIncomeRatio": -0.0276102976,
        "eps": -0.81,
        "epsdiluted": -0.81,
        "weightedAverageShsOut": 71100000,
        "weightedAverageShsOutDil": 71100000,
        "link": "https://www.sec.gov/Archives/edgar/data/78239/000007823921000017/0000078239-21-000017-index.htm",
        "finalLink": "https://www.sec.gov/Archives/edgar/data/78239/000007823921000017/pvh-20210131.htm"
    },
    {
        "date": "2020-11-01",
        "symbol": "PVH",
        "reportedCurrency": "USD",
        "cik": "0000078239",
        "fillingDate": "2020-12-10",
        "acceptedDate": "2020-12-10 13:21:58",
        "calendarYear": "2020",
        "period": "Q3",
        "revenue": 2118100000,
        "costOfRevenue": 1016800000,
        "grossProfit": 1101300000,
        "grossProfitRatio": 0.5199471224,
        "researchAndDevelopmentExpenses": 0,
        "generalAndAdministrativeExpenses": 987200000,
        "sellingAndMarketingExpenses": 0,
        "sellingGeneralAndAdministrativeExpenses": 987200000,
        "otherExpenses": 3600000,
        "operatingExpenses": 987200000,
        "costAndExpenses": 2004000000,
        "interestIncome": 900000,
        "interestExpense": 34400000,
        "depreciationAndAmortization": 80200000,
        "ebitda": 189900000,
        "ebitdaratio": 0.0896558236,
        "operatingIncome": 114100000,
        "operatingIncomeRatio": 0.0538690336,
        "totalOtherIncomeExpensesNet": -25500000,
        "incomeBeforeTax": 88600000,
        "incomeBeforeTaxRatio": 0.0418299419,
        "incomeTaxExpense": 19100000,
        "netIncome": 69800000,
        "netIncomeRatio": 0.0329540626,
        "eps": 0.98,
        "epsdiluted": 0.98,
        "weightedAverageShsOut": 71100000,
        "weightedAverageShsOutDil": 71500000,
        "link": "https://www.sec.gov/Archives/edgar/data/78239/000007823920000114/0000078239-20-000114-index.htm",
        "finalLink": "https://www.sec.gov/Archives/edgar/data/78239/000007823920000114/pvh-20201101.htm"
    },
    {
        "date": "2020-08-02",
        "symbol": "PVH",
        "reportedCurrency": "USD",
        "cik": "0000078239",
        "fillingDate": "2020-09-10",
        "acceptedDate": "2020-09-10 15:47:22",
        "calendarYear": "2020",
        "period": "Q2",
        "revenue": 1580700000,
        "costOfRevenue": 697400000,
        "grossProfit": 883300000,
        "grossProfitRatio": 0.5588030619,
        "researchAndDevelopmentExpenses": 0,
        "generalAndAdministrativeExpenses": 882200000,
        "sellingAndMarketingExpenses": 0,
        "sellingGeneralAndAdministrativeExpenses": 882200000,
        "otherExpenses": 700000,
        "operatingExpenses": 882200000,
        "costAndExpenses": 1579600000,
        "interestIncome": 600000,
        "interestExpense": 32700000,
        "depreciationAndAmortization": 78900000,
        "ebitda": 74900000,
        "ebitdaratio": 0.0473840703,
        "operatingIncome": 1100000,
        "operatingIncomeRatio": 0.0006958942,
        "totalOtherIncomeExpensesNet": -34900000,
        "incomeBeforeTax": -33800000,
        "incomeBeforeTaxRatio": -0.0213829316,
        "incomeTaxExpense": 17900000,
        "netIncome": -51400000,
        "netIncomeRatio": -0.0325172392,
        "eps": -0.72,
        "epsdiluted": -0.72,
        "weightedAverageShsOut": 71100000,
        "weightedAverageShsOutDil": 71100000,
        "link": "https://www.sec.gov/Archives/edgar/data/78239/000007823920000095/0000078239-20-000095-index.htm",
        "finalLink": "https://www.sec.gov/Archives/edgar/data/78239/000007823920000095/pvh-20200802.htm"
    },
    {
        "date": "2020-05-03",
        "symbol": "PVH",
        "reportedCurrency": "USD",
        "cik": "0000078239",
        "fillingDate": "2020-06-11",
        "acceptedDate": "2020-06-11 16:48:30",
        "calendarYear": "2020",
        "period": "Q1",
        "revenue": 1344000000,
        "costOfRevenue": 678100000,
        "grossProfit": 665900000,
        "grossProfitRatio": 0.4954613095,
        "researchAndDevelopmentExpenses": 0,
        "generalAndAdministrativeExpenses": 940100000,
        "sellingAndMarketingExpenses": 0,
        "sellingGeneralAndAdministrativeExpenses": 940100000,
        "otherExpenses": 500000,
        "operatingExpenses": 940100000,
        "costAndExpenses": 1618200000,
        "interestIncome": 1300000,
        "interestExpense": 22500000,
        "depreciationAndAmortization": 81100000,
        "ebitda": -1137700000,
        "ebitdaratio": -0.8465029762,
        "operatingIncome": -274200000,
        "operatingIncomeRatio": -0.2040178571,
        "totalOtherIncomeExpensesNet": -965400000,
        "incomeBeforeTax": -1239600000,
        "incomeBeforeTaxRatio": -0.9223214286,
        "incomeTaxExpense": -142400000,
        "netIncome": -1096800000,
        "netIncomeRatio": -0.8160714286,
        "eps": -15.37,
        "epsdiluted": -15.36,
        "weightedAverageShsOut": 71359791,
        "weightedAverageShsOutDil": 71400000,
        "link": "https://www.sec.gov/Archives/edgar/data/78239/000007823920000061/0000078239-20-000061-index.htm",
        "finalLink": "https://www.sec.gov/Archives/edgar/data/78239/000007823920000061/pvh-20200503.htm"
    },
    {
        "date": "2020-01-31",
        "symbol": "PVH",
        "reportedCurrency": "USD",
        "cik": "0000078239",
        "fillingDate": "2020-04-01",
        "acceptedDate": "2020-04-01 16:56:32",
        "calendarYear": "2019",
        "period": "Q4",
        "revenue": 2600800000,
        "costOfRevenue": 1202900000,
        "grossProfit": 1397900000,
        "grossProfitRatio": 0.5374884651,
        "researchAndDevelopmentExpenses": 0,
        "generalAndAdministrativeExpenses": 846200000,
        "sellingAndMarketingExpenses": 509700000,
        "sellingGeneralAndAdministrativeExpenses": 1355900000,
        "otherExpenses": -238100000,
        "operatingExpenses": 1257600000,
        "costAndExpenses": 2460500000,
        "interestIncome": 1500000,
        "interestExpense": 31500000,
        "depreciationAndAmortization": 87300000,
        "ebitda": -7900000,
        "ebitdaratio": -0.0030375269,
        "operatingIncome": 140300000,
        "operatingIncomeRatio": 0.05394494,
        "totalOtherIncomeExpensesNet": -266000000,
        "incomeBeforeTax": -125700000,
        "incomeBeforeTaxRatio": -0.0483312827,
        "incomeTaxExpense": -57200000,
        "netIncome": -67400000,
        "netIncomeRatio": -0.025915103,
        "eps": -0.93,
        "epsdiluted": -0.93,
        "weightedAverageShsOut": 72800000,
        "weightedAverageShsOutDil": 72800000,
        "link": "https://www.sec.gov/Archives/edgar/data/78239/000007823920000023/0000078239-20-000023-index.htm",
        "finalLink": "https://www.sec.gov/Archives/edgar/data/78239/000007823920000023/pvh10k2019.htm"
    },
    {
        "date": "2019-11-03",
        "symbol": "PVH",
        "reportedCurrency": "USD",
        "cik": "0000078239",
        "fillingDate": "2019-12-09",
        "acceptedDate": "2019-12-09 11:51:43",
        "calendarYear": "2019",
        "period": "Q3",
        "revenue": 2587700000,
        "costOfRevenue": 1181500000,
        "grossProfit": 1406200000,
        "grossProfitRatio": 0.543416934,
        "researchAndDevelopmentExpenses": 0,
        "generalAndAdministrativeExpenses": 1141600000,
        "sellingAndMarketingExpenses": 0,
        "sellingGeneralAndAdministrativeExpenses": 1141600000,
        "otherExpenses": 2000000,
        "operatingExpenses": 1141600000,
        "costAndExpenses": 2323100000,
        "interestIncome": 1400000,
        "interestExpense": 29200000,
        "depreciationAndAmortization": 81600000,
        "ebitda": 360300000,
        "ebitdaratio": 0.1392356146,
        "operatingIncome": 264600000,
        "operatingIncomeRatio": 0.102252966,
        "totalOtherIncomeExpensesNet": -22900000,
        "incomeBeforeTax": 241700000,
        "incomeBeforeTaxRatio": 0.0934034084,
        "incomeTaxExpense": 32800000,
        "netIncome": 209200000,
        "netIncomeRatio": 0.0808439927,
        "eps": 2.83,
        "epsdiluted": 2.82,
        "weightedAverageShsOut": 73900000,
        "weightedAverageShsOutDil": 74200000,
        "link": "https://www.sec.gov/Archives/edgar/data/78239/000007823919000066/0000078239-19-000066-index.htm",
        "finalLink": "https://www.sec.gov/Archives/edgar/data/78239/000007823919000066/a10q3q2019.htm"
    },
    {
        "date": "2019-08-04",
        "symbol": "PVH",
        "reportedCurrency": "USD",
        "cik": "0000078239",
        "fillingDate": "2019-09-06",
        "acceptedDate": "2019-09-06 09:50:54",
        "calendarYear": "2019",
        "period": "Q2",
        "revenue": 2364200000,
        "costOfRevenue": 1075800000,
        "grossProfit": 1288400000,
        "grossProfitRatio": 0.5449623551,
        "researchAndDevelopmentExpenses": 0,
        "generalAndAdministrativeExpenses": 1154500000,
        "sellingAndMarketingExpenses": 0,
        "sellingGeneralAndAdministrativeExpenses": 1154500000,
        "otherExpenses": 0,
        "operatingExpenses": 1154500000,
        "costAndExpenses": 2230300000,
        "interestIncome": 1300000,
        "interestExpense": 28300000,
        "depreciationAndAmortization": 78400000,
        "ebitda": 307900000,
        "ebitdaratio": 0.1302343287,
        "operatingIncome": 133900000,
        "operatingIncomeRatio": 0.0566364944,
        "totalOtherIncomeExpensesNet": 88900000,
        "incomeBeforeTax": 222800000,
        "incomeBeforeTaxRatio": 0.0942390661,
        "incomeTaxExpense": 29700000,
        "netIncome": 193500000,
        "netIncomeRatio": 0.0818458675,
        "eps": 2.59,
        "epsdiluted": 2.58,
        "weightedAverageShsOut": 74800000,
        "weightedAverageShsOutDil": 75100000,
        "link": "https://www.sec.gov/Archives/edgar/data/78239/000007823919000053/0000078239-19-000053-index.htm",
        "finalLink": "https://www.sec.gov/Archives/edgar/data/78239/000007823919000053/a10q2q2019.htm"
    },
    {
        "date": "2019-05-05",
        "symbol": "PVH",
        "reportedCurrency": "USD",
        "cik": "0000078239",
        "fillingDate": "2019-06-10",
        "acceptedDate": "2019-06-10 12:08:52",
        "calendarYear": "2019",
        "period": "Q1",
        "revenue": 2356300000,
        "costOfRevenue": 1060400000,
        "grossProfit": 1295900000,
        "grossProfitRatio": 0.5499724144,
        "researchAndDevelopmentExpenses": 0,
        "generalAndAdministrativeExpenses": 1161500000,
        "sellingAndMarketingExpenses": 0,
        "sellingGeneralAndAdministrativeExpenses": 1161500000,
        "otherExpenses": 2200000,
        "operatingExpenses": 1161500000,
        "costAndExpenses": 2221900000,
        "interestIncome": 1100000,
        "interestExpense": 31000000,
        "depreciationAndAmortization": 76500000,
        "ebitda": 351700000,
        "ebitdaratio": 0.1492594322,
        "operatingIncome": 134400000,
        "operatingIncomeRatio": 0.0570385774,
        "totalOtherIncomeExpensesNet": -29200000,
        "incomeBeforeTax": 105200000,
        "incomeBeforeTaxRatio": 0.0446462675,
        "incomeTaxExpense": 23600000,
        "netIncome": 82000000,
        "netIncomeRatio": 0.0348003225,
        "eps": 1.09,
        "epsdiluted": 1.08,
        "weightedAverageShsOut": 75200000,
        "weightedAverageShsOutDil": 75900000,
        "link": "https://www.sec.gov/Archives/edgar/data/78239/000007823919000039/0000078239-19-000039-index.htm",
        "finalLink": "https://www.sec.gov/Archives/edgar/data/78239/000007823919000039/a10q1q2019.htm"
    },
    {
        "date": "2019-01-31",
        "symbol": "PVH",
        "reportedCurrency": "USD",
        "cik": "0000078239",
        "fillingDate": "2019-03-29",
        "acceptedDate": "2019-03-29 11:02:48",
        "calendarYear": "2018",
        "period": "Q4",
        "revenue": 2484000000,
        "costOfRevenue": 1128500000,
        "grossProfit": 1355500000,
        "grossProfitRatio": 0.5456924316,
        "researchAndDevelopmentExpenses": 0,
        "generalAndAdministrativeExpenses": 659100000,
        "sellingAndMarketingExpenses": 526000000,
        "sellingGeneralAndAdministrativeExpenses": 1185100000,
        "otherExpenses": -12900000,
        "operatingExpenses": 1217000000,
        "costAndExpenses": 2345500000,
        "interestIncome": 1600000,
        "interestExpense": 30800000,
        "depreciationAndAmortization": 86800000,
        "ebitda": 222600000,
        "ebitdaratio": 0.0896135266,
        "operatingIncome": 138500000,
        "operatingIncomeRatio": 0.0557568438,
        "totalOtherIncomeExpensesNet": -34000000,
        "incomeBeforeTax": 104500000,
        "incomeBeforeTaxRatio": 0.0420692432,
        "incomeTaxExpense": -53900000,
        "netIncome": 158700000,
        "netIncomeRatio": 0.0638888889,
        "eps": 2.1,
        "epsdiluted": 2.09,
        "weightedAverageShsOut": 75600000,
        "weightedAverageShsOutDil": 76100000,
        "link": "https://www.sec.gov/Archives/edgar/data/78239/000007823919000011/0000078239-19-000011-index.htm",
        "finalLink": "https://www.sec.gov/Archives/edgar/data/78239/000007823919000011/pvh10k2018.htm"
    },
    {
        "date": "2018-11-04",
        "symbol": "PVH",
        "reportedCurrency": "USD",
        "cik": "0000078239",
        "fillingDate": "2018-12-10",
        "acceptedDate": "2018-12-10 13:45:08",
        "calendarYear": "2018",
        "period": "Q3",
        "revenue": 2524500000,
        "costOfRevenue": 1159700000,
        "grossProfit": 1364800000,
        "grossProfitRatio": 0.5406219053,
        "researchAndDevelopmentExpenses": 0,
        "generalAndAdministrativeExpenses": 1091300000,
        "sellingAndMarketingExpenses": 0,
        "sellingGeneralAndAdministrativeExpenses": 1091300000,
        "otherExpenses": 2700000,
        "operatingExpenses": 1091300000,
        "costAndExpenses": 2251000000,
        "interestIncome": 900000,
        "interestExpense": 30300000,
        "depreciationAndAmortization": 81800000,
        "ebitda": 358000000,
        "ebitdaratio": 0.1418102595,
        "operatingIncome": 273500000,
        "operatingIncomeRatio": 0.1083382848,
        "totalOtherIncomeExpensesNet": -20600000,
        "incomeBeforeTax": 252900000,
        "incomeBeforeTaxRatio": 0.1001782531,
        "incomeTaxExpense": 10300000,
        "netIncome": 243100000,
        "netIncomeRatio": 0.0962962963,
        "eps": 3.18,
        "epsdiluted": 3.15,
        "weightedAverageShsOut": 76400000,
        "weightedAverageShsOutDil": 77100000,
        "link": "https://www.sec.gov/Archives/edgar/data/78239/000007823918000037/0000078239-18-000037-index.htm",
        "finalLink": "https://www.sec.gov/Archives/edgar/data/78239/000007823918000037/a10q3q2018.htm"
    },
    {
        "date": "2018-08-05",
        "symbol": "PVH",
        "reportedCurrency": "USD",
        "cik": "0000078239",
        "fillingDate": "2018-09-07",
        "acceptedDate": "2018-09-07 10:28:22",
        "calendarYear": "2018",
        "period": "Q2",
        "revenue": 2333700000,
        "costOfRevenue": 1036700000,
        "grossProfit": 1297000000,
        "grossProfitRatio": 0.5557698076,
        "researchAndDevelopmentExpenses": 0,
        "generalAndAdministrativeExpenses": 1071500000,
        "sellingAndMarketingExpenses": 0,
        "sellingGeneralAndAdministrativeExpenses": 1071500000,
        "otherExpenses": 2600000,
        "operatingExpenses": 1071500000,
        "costAndExpenses": 2108200000,
        "interestIncome": 1200000,
        "interestExpense": 30300000,
        "depreciationAndAmortization": 83000000,
        "ebitda": 311100000,
        "ebitdaratio": 0.1333076231,
        "operatingIncome": 225500000,
        "operatingIncomeRatio": 0.0966276728,
        "totalOtherIncomeExpensesNet": -23200000,
        "incomeBeforeTax": 202300000,
        "incomeBeforeTaxRatio": 0.0866863779,
        "incomeTaxExpense": 37600000,
        "netIncome": 165200000,
        "netIncomeRatio": 0.070788876,
        "eps": 2.15,
        "epsdiluted": 2.12,
        "weightedAverageShsOut": 77000000,
        "weightedAverageShsOutDil": 77900000,
        "link": "https://www.sec.gov/Archives/edgar/data/78239/000007823918000026/0000078239-18-000026-index.htm",
        "finalLink": "https://www.sec.gov/Archives/edgar/data/78239/000007823918000026/a10q2q2018.htm"
    },
    {
        "date": "2018-05-06",
        "symbol": "PVH",
        "reportedCurrency": "USD",
        "cik": "0000078239",
        "fillingDate": "2018-06-11",
        "acceptedDate": "2018-06-11 12:26:49",
        "calendarYear": "2018",
        "period": "Q1",
        "revenue": 2314600000,
        "costOfRevenue": 1023600000,
        "grossProfit": 1291000000,
        "grossProfitRatio": 0.5577637605,
        "researchAndDevelopmentExpenses": 0,
        "generalAndAdministrativeExpenses": 1053000000,
        "sellingAndMarketingExpenses": 0,
        "sellingGeneralAndAdministrativeExpenses": 1053000000,
        "otherExpenses": 2500000,
        "operatingExpenses": 1053000000,
        "costAndExpenses": 2076600000,
        "interestIncome": 1000000,
        "interestExpense": 29400000,
        "depreciationAndAmortization": 83200000,
        "ebitda": 323700000,
        "ebitdaratio": 0.1398513782,
        "operatingIncome": 238000000,
        "operatingIncomeRatio": 0.1028255422,
        "totalOtherIncomeExpensesNet": -22100000,
        "incomeBeforeTax": 215900000,
        "incomeBeforeTaxRatio": 0.0932774561,
        "incomeTaxExpense": 37000000,
        "netIncome": 179400000,
        "netIncomeRatio": 0.0775079927,
        "eps": 2.33,
        "epsdiluted": 2.29,
        "weightedAverageShsOut": 77100000,
        "weightedAverageShsOutDil": 78200000,
        "link": "https://www.sec.gov/Archives/edgar/data/78239/000007823918000014/0000078239-18-000014-index.htm",
        "finalLink": "https://www.sec.gov/Archives/edgar/data/78239/000007823918000014/a10q1q2018.htm"
    },
    {
        "date": "2018-01-31",
        "symbol": "PVH",
        "reportedCurrency": "USD",
        "cik": "0000078239",
        "fillingDate": "2018-03-30",
        "acceptedDate": "2018-03-30 12:55:26",
        "calendarYear": "2017",
        "period": "Q4",
        "revenue": 2498900000,
        "costOfRevenue": 1129900000,
        "grossProfit": 1369000000,
        "grossProfitRatio": 0.5478410501,
        "researchAndDevelopmentExpenses": 0,
        "generalAndAdministrativeExpenses": 786600000,
        "sellingAndMarketingExpenses": 501300000,
        "sellingGeneralAndAdministrativeExpenses": 1287900000,
        "otherExpenses": 0,
        "operatingExpenses": 1291400000,
        "costAndExpenses": 2421300000,
        "interestIncome": 2000000,
        "interestExpense": 34900000,
        "depreciationAndAmortization": 85900000,
        "ebitda": 167000000,
        "ebitdaratio": 0.0668294049,
        "operatingIncome": 77600000,
        "operatingIncomeRatio": 0.0310536636,
        "totalOtherIncomeExpensesNet": -52500000,
        "incomeBeforeTax": 25100000,
        "incomeBeforeTaxRatio": 0.0100444195,
        "incomeTaxExpense": -82800000,
        "netIncome": 108500000,
        "netIncomeRatio": 0.0434191044,
        "eps": 1.4,
        "epsdiluted": 1.39,
        "weightedAverageShsOut": 77600000,
        "weightedAverageShsOutDil": 78600000,
        "link": "https://www.sec.gov/Archives/edgar/data/78239/000007823918000007/0000078239-18-000007-index.htm",
        "finalLink": "https://www.sec.gov/Archives/edgar/data/78239/000007823918000007/pvh10k2017.htm"
    },
    {
        "date": "2017-10-29",
        "symbol": "PVH",
        "reportedCurrency": "USD",
        "cik": "0000078239",
        "fillingDate": "2017-12-05",
        "acceptedDate": "2017-12-05 13:19:28",
        "calendarYear": "2017",
        "period": "Q3",
        "revenue": 2357000000,
        "costOfRevenue": 1059700000,
        "grossProfit": 1297300000,
        "grossProfitRatio": 0.5504030547,
        "researchAndDevelopmentExpenses": 0,
        "generalAndAdministrativeExpenses": 1020300000,
        "sellingAndMarketingExpenses": 0,
        "sellingGeneralAndAdministrativeExpenses": 1020300000,
        "otherExpenses": 0,
        "operatingExpenses": 1020300000,
        "costAndExpenses": 2080000000,
        "interestIncome": 1400000,
        "interestExpense": 32300000,
        "depreciationAndAmortization": 81200000,
        "ebitda": 365800000,
        "ebitdaratio": 0.1551972847,
        "operatingIncome": 277000000,
        "operatingIncomeRatio": 0.1175222741,
        "totalOtherIncomeExpensesNet": -25000000,
        "incomeBeforeTax": 249800000,
        "incomeBeforeTaxRatio": 0.1059821807,
        "incomeTaxExpense": 11100000,
        "netIncome": 239200000,
        "netIncomeRatio": 0.1014849385,
        "eps": 3.09,
        "epsdiluted": 3.05,
        "weightedAverageShsOut": 77300000,
        "weightedAverageShsOutDil": 78500000,
        "link": "https://www.sec.gov/Archives/edgar/data/78239/000007823917000042/0000078239-17-000042-index.htm",
        "finalLink": "https://www.sec.gov/Archives/edgar/data/78239/000007823917000042/a10q3q2017.htm"
    },
    {
        "date": "2017-07-30",
        "symbol": "PVH",
        "reportedCurrency": "USD",
        "cik": "0000078239",
        "fillingDate": "2017-08-31",
        "acceptedDate": "2017-08-31 11:32:01",
        "calendarYear": "2017",
        "period": "Q2",
        "revenue": 2069900000,
        "costOfRevenue": 922600000,
        "grossProfit": 1147300000,
        "grossProfitRatio": 0.5542779844,
        "researchAndDevelopmentExpenses": 0,
        "generalAndAdministrativeExpenses": 968500000,
        "sellingAndMarketingExpenses": 0,
        "sellingGeneralAndAdministrativeExpenses": 968500000,
        "otherExpenses": 0,
        "operatingExpenses": 968500000,
        "costAndExpenses": 1891100000,
        "interestIncome": 1200000,
        "interestExpense": 30900000,
        "depreciationAndAmortization": 80600000,
        "ebitda": 272000000,
        "ebitdaratio": 0.1314073144,
        "operatingIncome": 178800000,
        "operatingIncomeRatio": 0.0863809846,
        "totalOtherIncomeExpensesNet": -25500000,
        "incomeBeforeTax": 150800000,
        "incomeBeforeTaxRatio": 0.0728537611,
        "incomeTaxExpense": 31400000,
        "netIncome": 119700000,
        "netIncomeRatio": 0.0578288806,
        "eps": 1.54,
        "epsdiluted": 1.52,
        "weightedAverageShsOut": 77800000,
        "weightedAverageShsOutDil": 78700000,
        "link": "https://www.sec.gov/Archives/edgar/data/78239/000007823917000037/0000078239-17-000037-index.htm",
        "finalLink": "https://www.sec.gov/Archives/edgar/data/78239/000007823917000037/a10q2q2017.htm"
    },
    {
        "date": "2017-04-30",
        "symbol": "PVH",
        "reportedCurrency": "USD",
        "cik": "0000078239",
        "fillingDate": "2017-06-05",
        "acceptedDate": "2017-06-05 15:17:10",
        "calendarYear": "2017",
        "period": "Q1",
        "revenue": 1989000000,
        "costOfRevenue": 908200000,
        "grossProfit": 1080800000,
        "grossProfitRatio": 0.5433886375,
        "researchAndDevelopmentExpenses": 0,
        "generalAndAdministrativeExpenses": 968000000,
        "sellingAndMarketingExpenses": 0,
        "sellingGeneralAndAdministrativeExpenses": 968000000,
        "otherExpenses": 0,
        "operatingExpenses": 968000000,
        "costAndExpenses": 1876200000,
        "interestIncome": 1700000,
        "interestExpense": 30400000,
        "depreciationAndAmortization": 77200000,
        "ebitda": 253000000,
        "ebitdaratio": 0.1271995978,
        "operatingIncome": 112800000,
        "operatingIncomeRatio": 0.0567119155,
        "totalOtherIncomeExpensesNet": -28300000,
        "incomeBeforeTax": 84500000,
        "incomeBeforeTaxRatio": 0.0424836601,
        "incomeTaxExpense": 14400000,
        "netIncome": 70400000,
        "netIncomeRatio": 0.0353946707,
        "eps": 0.9,
        "epsdiluted": 0.89,
        "weightedAverageShsOut": 78200000,
        "weightedAverageShsOutDil": 79000000,
        "link": "https://www.sec.gov/Archives/edgar/data/78239/000007823917000017/0000078239-17-000017-index.htm",
        "finalLink": "https://www.sec.gov/Archives/edgar/data/78239/000007823917000017/a10q1q2017.htm"
    },
    {
        "date": "2017-01-31",
        "symbol": "PVH",
        "reportedCurrency": "USD",
        "cik": "0000078239",
        "fillingDate": "2017-03-24",
        "acceptedDate": "2017-03-24 13:11:02",
        "calendarYear": "2016",
        "period": "Q4",
        "revenue": 2107700000,
        "costOfRevenue": 969700000,
        "grossProfit": 1138000000,
        "grossProfitRatio": 0.5399250368,
        "researchAndDevelopmentExpenses": 0,
        "generalAndAdministrativeExpenses": 461100000,
        "sellingAndMarketingExpenses": 481600000,
        "sellingGeneralAndAdministrativeExpenses": 942700000,
        "otherExpenses": -4900000,
        "operatingExpenses": 978800000,
        "costAndExpenses": 1948500000,
        "interestIncome": 1900000,
        "interestExpense": 30600000,
        "depreciationAndAmortization": 84200000,
        "ebitda": 279500000,
        "ebitdaratio": 0.1326090051,
        "operatingIncome": 130500000,
        "operatingIncomeRatio": 0.0619158324,
        "totalOtherIncomeExpensesNet": -34200000,
        "incomeBeforeTax": 125000000,
        "incomeBeforeTaxRatio": 0.0593063529,
        "incomeTaxExpense": 24500000,
        "netIncome": 100700000,
        "netIncomeRatio": 0.0477771979,
        "eps": 1.27,
        "epsdiluted": 1.26,
        "weightedAverageShsOut": 79100000,
        "weightedAverageShsOutDil": 79700000,
        "link": "https://www.sec.gov/Archives/edgar/data/78239/000007823917000009/0000078239-17-000009-index.htm",
        "finalLink": "https://www.sec.gov/Archives/edgar/data/78239/000007823917000009/pvh10k2016.htm"
    },
    {
        "date": "2016-10-30",
        "symbol": "PVH",
        "reportedCurrency": "USD",
        "cik": "0000078239",
        "fillingDate": "2016-12-06",
        "acceptedDate": "2016-12-06 14:58:35",
        "calendarYear": "2016",
        "period": "Q3",
        "revenue": 2244300000,
        "costOfRevenue": 1052700000,
        "grossProfit": 1191600000,
        "grossProfitRatio": 0.5309450608,
        "researchAndDevelopmentExpenses": 0,
        "generalAndAdministrativeExpenses": 852500000,
        "sellingAndMarketingExpenses": 65500000,
        "sellingGeneralAndAdministrativeExpenses": 918000000,
        "otherExpenses": 0,
        "operatingExpenses": 918000000,
        "costAndExpenses": 1970700000,
        "interestIncome": 2000000,
        "interestExpense": 31200000,
        "depreciationAndAmortization": 84400000,
        "ebitda": 358000000,
        "ebitdaratio": 0.1595152163,
        "operatingIncome": 273600000,
        "operatingIncomeRatio": 0.1219088357,
        "totalOtherIncomeExpensesNet": -104900000,
        "incomeBeforeTax": 168700000,
        "incomeBeforeTaxRatio": 0.0751682039,
        "incomeTaxExpense": 42600000,
        "netIncome": 126200000,
        "netIncomeRatio": 0.0562313416,
        "eps": 1.58,
        "epsdiluted": 1.56,
        "weightedAverageShsOut": 80000000,
        "weightedAverageShsOutDil": 80700000,
        "link": "https://www.sec.gov/Archives/edgar/data/78239/000007823916000102/0000078239-16-000102-index.htm",
        "finalLink": "https://www.sec.gov/Archives/edgar/data/78239/000007823916000102/a10q3q2016.htm"
    },
    {
        "date": "2016-07-31",
        "symbol": "PVH",
        "reportedCurrency": "USD",
        "cik": "0000078239",
        "fillingDate": "2016-09-01",
        "acceptedDate": "2016-09-01 11:08:00",
        "calendarYear": "2016",
        "period": "Q2",
        "revenue": 1933300000,
        "costOfRevenue": 899500000,
        "grossProfit": 1033800000,
        "grossProfitRatio": 0.5347333575,
        "researchAndDevelopmentExpenses": 0,
        "generalAndAdministrativeExpenses": 813400000,
        "sellingAndMarketingExpenses": 57400000,
        "sellingGeneralAndAdministrativeExpenses": 870800000,
        "otherExpenses": 0,
        "operatingExpenses": 874700000,
        "costAndExpenses": 1774200000,
        "interestIncome": 1100000,
        "interestExpense": 29200000,
        "depreciationAndAmortization": 82600000,
        "ebitda": 245600000,
        "ebitdaratio": 0.127036673,
        "operatingIncome": 159100000,
        "operatingIncomeRatio": 0.0822945223,
        "totalOtherIncomeExpensesNet": -44200000,
        "incomeBeforeTax": 114900000,
        "incomeBeforeTaxRatio": 0.0594320592,
        "incomeTaxExpense": 24400000,
        "netIncome": 90500000,
        "netIncomeRatio": 0.0468111519,
        "eps": 1.12,
        "epsdiluted": 1.11,
        "weightedAverageShsOut": 80700000,
        "weightedAverageShsOutDil": 81300000,
        "link": "https://www.sec.gov/Archives/edgar/data/78239/000007823916000094/0000078239-16-000094-index.htm",
        "finalLink": "https://www.sec.gov/Archives/edgar/data/78239/000007823916000094/a10q2q2016.htm"
    },
    {
        "date": "2016-05-01",
        "symbol": "PVH",
        "reportedCurrency": "USD",
        "cik": "0000078239",
        "fillingDate": "2016-06-06",
        "acceptedDate": "2016-06-06 15:27:58",
        "calendarYear": "2016",
        "period": "Q1",
        "revenue": 1917800000,
        "costOfRevenue": 910900000,
        "grossProfit": 1006900000,
        "grossProfitRatio": 0.5250286787,
        "researchAndDevelopmentExpenses": 0,
        "generalAndAdministrativeExpenses": 865200000,
        "sellingAndMarketingExpenses": 0,
        "sellingGeneralAndAdministrativeExpenses": 865200000,
        "otherExpenses": 0,
        "operatingExpenses": 865200000,
        "costAndExpenses": 1776100000,
        "interestIncome": 900000,
        "interestExpense": 29900000,
        "depreciationAndAmortization": 70600000,
        "ebitda": 223600000,
        "ebitdaratio": 0.1165919283,
        "operatingIncome": 141700000,
        "operatingIncomeRatio": 0.0738867452,
        "totalOtherIncomeExpensesNet": 123900000,
        "incomeBeforeTax": 265600000,
        "incomeBeforeTaxRatio": 0.1384920221,
        "incomeTaxExpense": 34000000,
        "netIncome": 231600000,
        "netIncomeRatio": 0.1207633747,
        "eps": 2.85,
        "epsdiluted": 2.83,
        "weightedAverageShsOut": 81300000,
        "weightedAverageShsOutDil": 81900000,
        "link": "https://www.sec.gov/Archives/edgar/data/78239/000007823916000076/0000078239-16-000076-index.htm",
        "finalLink": "https://www.sec.gov/Archives/edgar/data/78239/000007823916000076/a10q1q2016.htm"
    },
    {
        "date": "2016-01-31",
        "symbol": "PVH",
        "reportedCurrency": "USD",
        "cik": "0000078239",
        "fillingDate": "2016-03-25",
        "acceptedDate": "2016-03-25 12:50:24",
        "calendarYear": "2015",
        "period": "Q4",
        "revenue": 2112500000,
        "costOfRevenue": 1039600000,
        "grossProfit": 1072900000,
        "grossProfitRatio": 0.5078816568,
        "researchAndDevelopmentExpenses": 0,
        "generalAndAdministrativeExpenses": 898500000,
        "sellingAndMarketingExpenses": 0,
        "sellingGeneralAndAdministrativeExpenses": 898500000,
        "otherExpenses": 0,
        "operatingExpenses": 898500000,
        "costAndExpenses": 1938100000,
        "interestIncome": 700000,
        "interestExpense": 28500000,
        "depreciationAndAmortization": 70400000,
        "ebitda": 296500000,
        "ebitdaratio": 0.1403550296,
        "operatingIncome": 174400000,
        "operatingIncomeRatio": 0.082556213,
        "totalOtherIncomeExpensesNet": -26200000,
        "incomeBeforeTax": 148200000,
        "incomeBeforeTaxRatio": 0.0701538462,
        "incomeTaxExpense": 14000000,
        "netIncome": 134200000,
        "netIncomeRatio": 0.0635266272,
        "eps": 1.64,
        "epsdiluted": 1.63,
        "weightedAverageShsOut": 81800000,
        "weightedAverageShsOutDil": 82400000,
        "link": "https://www.sec.gov/Archives/edgar/data/78239/000007823916000062/0000078239-16-000062-index.htm",
        "finalLink": "https://www.sec.gov/Archives/edgar/data/78239/000007823916000062/pvh10k2015.htm"
    },
    {
        "date": "2015-11-01",
        "symbol": "PVH",
        "reportedCurrency": "USD",
        "cik": "0000078239",
        "fillingDate": "2015-12-08",
        "acceptedDate": "2015-12-08 15:02:02",
        "calendarYear": "2015",
        "period": "Q3",
        "revenue": 2164500000,
        "costOfRevenue": 1063500000,
        "grossProfit": 1101000000,
        "grossProfitRatio": 0.5086625087,
        "researchAndDevelopmentExpenses": 0,
        "generalAndAdministrativeExpenses": 853800000,
        "sellingAndMarketingExpenses": 0,
        "sellingGeneralAndAdministrativeExpenses": 853800000,
        "otherExpenses": 0,
        "operatingExpenses": 853800000,
        "costAndExpenses": 1917300000,
        "interestIncome": 1000000,
        "interestExpense": 28400000,
        "depreciationAndAmortization": 63000000,
        "ebitda": 330600000,
        "ebitdaratio": 0.1527373527,
        "operatingIncome": 247200000,
        "operatingIncomeRatio": 0.1142065142,
        "totalOtherIncomeExpensesNet": -21000000,
        "incomeBeforeTax": 226200000,
        "incomeBeforeTaxRatio": 0.1045045045,
        "incomeTaxExpense": 4300000,
        "netIncome": 221900000,
        "netIncomeRatio": 0.1025179025,
        "eps": 2.69,
        "epsdiluted": 2.67,
        "weightedAverageShsOut": 82400000,
        "weightedAverageShsOutDil": 83100000,
        "link": "https://www.sec.gov/Archives/edgar/data/78239/000007823915000053/0000078239-15-000053-index.htm",
        "finalLink": "https://www.sec.gov/Archives/edgar/data/78239/000007823915000053/a10q3q2015.htm"
    },
    {
        "date": "2015-08-02",
        "symbol": "PVH",
        "reportedCurrency": "USD",
        "cik": "0000078239",
        "fillingDate": "2015-09-03",
        "acceptedDate": "2015-09-03 11:55:54",
        "calendarYear": "2015",
        "period": "Q2",
        "revenue": 1864000000,
        "costOfRevenue": 861900000,
        "grossProfit": 1002100000,
        "grossProfitRatio": 0.5376072961,
        "researchAndDevelopmentExpenses": 0,
        "generalAndAdministrativeExpenses": 850500000,
        "sellingAndMarketingExpenses": 0,
        "sellingGeneralAndAdministrativeExpenses": 850500000,
        "otherExpenses": 0,
        "operatingExpenses": 850500000,
        "costAndExpenses": 1712400000,
        "interestIncome": 1200000,
        "interestExpense": 29200000,
        "depreciationAndAmortization": 63000000,
        "ebitda": 229100000,
        "ebitdaratio": 0.1229077253,
        "operatingIncome": 151600000,
        "operatingIncomeRatio": 0.0813304721,
        "totalOtherIncomeExpensesNet": -25500000,
        "incomeBeforeTax": 126100000,
        "incomeBeforeTaxRatio": 0.0676502146,
        "incomeTaxExpense": 23900000,
        "netIncome": 102200000,
        "netIncomeRatio": 0.0548283262,
        "eps": 1.24,
        "epsdiluted": 1.22,
        "weightedAverageShsOut": 82700000,
        "weightedAverageShsOutDil": 83500000,
        "link": "https://www.sec.gov/Archives/edgar/data/78239/000007823915000038/0000078239-15-000038-index.htm",
        "finalLink": "https://www.sec.gov/Archives/edgar/data/78239/000007823915000038/a10q2q2015.htm"
    },
    {
        "date": "2015-05-03",
        "symbol": "PVH",
        "reportedCurrency": "USD",
        "cik": "0000078239",
        "fillingDate": "2015-06-05",
        "acceptedDate": "2015-06-05 14:33:12",
        "calendarYear": "2015",
        "period": "Q1",
        "revenue": 1879300000,
        "costOfRevenue": 893700000,
        "grossProfit": 985600000,
        "grossProfitRatio": 0.5244505933,
        "researchAndDevelopmentExpenses": 0,
        "generalAndAdministrativeExpenses": 814900000,
        "sellingAndMarketingExpenses": 0,
        "sellingGeneralAndAdministrativeExpenses": 814900000,
        "otherExpenses": 0,
        "operatingExpenses": 814900000,
        "costAndExpenses": 1708600000,
        "interestIncome": 1100000,
        "interestExpense": 30900000,
        "depreciationAndAmortization": 61000000,
        "ebitda": 247800000,
        "ebitdaratio": 0.1318576066,
        "operatingIncome": 170700000,
        "operatingIncomeRatio": 0.0908316927,
        "totalOtherIncomeExpensesNet": -23700000,
        "incomeBeforeTax": 147000000,
        "incomeBeforeTaxRatio": 0.0782206141,
        "incomeTaxExpense": 32900000,
        "netIncome": 114100000,
        "netIncomeRatio": 0.0607140957,
        "eps": 1.38,
        "epsdiluted": 1.37,
        "weightedAverageShsOut": 82600000,
        "weightedAverageShsOutDil": 83400000,
        "link": "https://www.sec.gov/Archives/edgar/data/78239/000007823915000024/0000078239-15-000024-index.htm",
        "finalLink": "https://www.sec.gov/Archives/edgar/data/78239/000007823915000024/a10q1q2015.htm"
    },
    {
        "date": "2015-01-31",
        "symbol": "PVH",
        "reportedCurrency": "USD",
        "cik": "0000078239",
        "fillingDate": "2015-04-01",
        "acceptedDate": "2015-04-01 15:22:15",
        "calendarYear": "2014",
        "period": "Q4",
        "revenue": 2068800000,
        "costOfRevenue": 997500000,
        "grossProfit": 1071300000,
        "grossProfitRatio": 0.5178364269,
        "researchAndDevelopmentExpenses": 0,
        "generalAndAdministrativeExpenses": 1065800000,
        "sellingAndMarketingExpenses": 0,
        "sellingGeneralAndAdministrativeExpenses": 1065800000,
        "otherExpenses": 0,
        "operatingExpenses": 1065800000,
        "costAndExpenses": 2063300000,
        "interestIncome": 800000,
        "interestExpense": 32800000,
        "depreciationAndAmortization": 63300000,
        "ebitda": 198400000,
        "ebitdaratio": 0.0959010054,
        "operatingIncome": 5500000,
        "operatingIncomeRatio": 0.002658546,
        "totalOtherIncomeExpensesNet": -31300000,
        "incomeBeforeTax": -25800000,
        "incomeBeforeTaxRatio": -0.0124709977,
        "incomeTaxExpense": -77300000,
        "netIncome": 51500000,
        "netIncomeRatio": 0.0248936582,
        "eps": 0.62,
        "epsdiluted": 0.62,
        "weightedAverageShsOut": 82500000,
        "weightedAverageShsOutDil": 83400000,
        "link": "https://www.sec.gov/Archives/edgar/data/78239/000007823915000008/0000078239-15-000008-index.htm",
        "finalLink": "https://www.sec.gov/Archives/edgar/data/78239/000007823915000008/pvh10k2014.htm"
    },
    {
        "date": "2014-11-02",
        "symbol": "PVH",
        "reportedCurrency": "USD",
        "cik": "0000078239",
        "fillingDate": "2014-12-11",
        "acceptedDate": "2014-12-11 12:05:44",
        "calendarYear": "2014",
        "period": "Q3",
        "revenue": 2233100000,
        "costOfRevenue": 1065600000,
        "grossProfit": 1167500000,
        "grossProfitRatio": 0.5228158166,
        "researchAndDevelopmentExpenses": 0,
        "generalAndAdministrativeExpenses": 892900000,
        "sellingAndMarketingExpenses": 0,
        "sellingGeneralAndAdministrativeExpenses": 892900000,
        "otherExpenses": 0,
        "operatingExpenses": 892900000,
        "costAndExpenses": 1958500000,
        "interestIncome": 1500000,
        "interestExpense": 33600000,
        "depreciationAndAmortization": 60300000,
        "ebitda": 321400000,
        "ebitdaratio": 0.1439254848,
        "operatingIncome": 274600000,
        "operatingIncomeRatio": 0.1229680713,
        "totalOtherIncomeExpensesNet": -26800000,
        "incomeBeforeTax": 247800000,
        "incomeBeforeTaxRatio": 0.1109668174,
        "incomeTaxExpense": 22100000,
        "netIncome": 225700000,
        "netIncomeRatio": 0.1010702611,
        "eps": 2.74,
        "epsdiluted": 2.71,
        "weightedAverageShsOut": 82400000,
        "weightedAverageShsOutDil": 83300000,
        "link": "https://www.sec.gov/Archives/edgar/data/78239/000007823914000041/0000078239-14-000041-index.htm",
        "finalLink": "https://www.sec.gov/Archives/edgar/data/78239/000007823914000041/a10q3q2014.htm"
    },
    {
        "date": "2014-08-03",
        "symbol": "PVH",
        "reportedCurrency": "USD",
        "cik": "0000078239",
        "fillingDate": "2014-09-11",
        "acceptedDate": "2014-09-11 13:37:42",
        "calendarYear": "2014",
        "period": "Q2",
        "revenue": 1975600000,
        "costOfRevenue": 920900000,
        "grossProfit": 1054700000,
        "grossProfitRatio": 0.5338631302,
        "researchAndDevelopmentExpenses": 0,
        "generalAndAdministrativeExpenses": 895800000,
        "sellingAndMarketingExpenses": 0,
        "sellingGeneralAndAdministrativeExpenses": 895800000,
        "otherExpenses": 0,
        "operatingExpenses": 895800000,
        "costAndExpenses": 1816700000,
        "interestIncome": 1200000,
        "interestExpense": 35000000,
        "depreciationAndAmortization": 60400000,
        "ebitda": 217300000,
        "ebitdaratio": 0.1099919012,
        "operatingIncome": 158900000,
        "operatingIncomeRatio": 0.0804312614,
        "totalOtherIncomeExpensesNet": -33400000,
        "incomeBeforeTax": 125500000,
        "incomeBeforeTaxRatio": 0.0635250051,
        "incomeTaxExpense": -1000000,
        "netIncome": 126500000,
        "netIncomeRatio": 0.0640311804,
        "eps": 1.54,
        "epsdiluted": 1.52,
        "weightedAverageShsOut": 82300000,
        "weightedAverageShsOutDil": 83200000,
        "link": "https://www.sec.gov/Archives/edgar/data/78239/000007823914000037/0000078239-14-000037-index.htm",
        "finalLink": "https://www.sec.gov/Archives/edgar/data/78239/000007823914000037/a10q2q2014.htm"
    },
    {
        "date": "2014-05-04",
        "symbol": "PVH",
        "reportedCurrency": "USD",
        "cik": "0000078239",
        "fillingDate": "2014-06-12",
        "acceptedDate": "2014-06-12 16:16:40",
        "calendarYear": "2014",
        "period": "Q1",
        "revenue": 1963700000,
        "costOfRevenue": 930500000,
        "grossProfit": 1033200000,
        "grossProfitRatio": 0.5261496155,
        "researchAndDevelopmentExpenses": 0,
        "generalAndAdministrativeExpenses": 859100000,
        "sellingAndMarketingExpenses": 0,
        "sellingGeneralAndAdministrativeExpenses": 859100000,
        "otherExpenses": 0,
        "operatingExpenses": 859100000,
        "costAndExpenses": 1789600000,
        "interestIncome": 1500000,
        "interestExpense": 42100000,
        "depreciationAndAmortization": 60700000,
        "ebitda": 230700000,
        "ebitdaratio": 0.1174823038,
        "operatingIncome": 174100000,
        "operatingIncomeRatio": 0.0886591638,
        "totalOtherIncomeExpensesNet": -130200000,
        "incomeBeforeTax": 43900000,
        "incomeBeforeTaxRatio": 0.022355757,
        "incomeTaxExpense": 8700000,
        "netIncome": 35300000,
        "netIncomeRatio": 0.0179762693,
        "eps": 0.43,
        "epsdiluted": 0.42,
        "weightedAverageShsOut": 82200000,
        "weightedAverageShsOutDil": 83200000,
        "link": "https://www.sec.gov/Archives/edgar/data/78239/000007823914000027/0000078239-14-000027-index.htm",
        "finalLink": "https://www.sec.gov/Archives/edgar/data/78239/000007823914000027/a10q1q2014.htm"
    },
    {
        "date": "2014-01-31",
        "symbol": "PVH",
        "reportedCurrency": "USD",
        "cik": "0000078239",
        "fillingDate": "2014-04-03",
        "acceptedDate": "2014-04-03 11:03:08",
        "calendarYear": "2013",
        "period": "Q4",
        "revenue": 2052219000,
        "costOfRevenue": 982676000,
        "grossProfit": 1069543000,
        "grossProfitRatio": 0.5211641643,
        "researchAndDevelopmentExpenses": 0,
        "generalAndAdministrativeExpenses": 909539000,
        "sellingAndMarketingExpenses": 0,
        "sellingGeneralAndAdministrativeExpenses": 909539000,
        "otherExpenses": 0,
        "operatingExpenses": 909539000,
        "costAndExpenses": 1892215000,
        "interestIncome": 1508000,
        "interestExpense": 46908000,
        "depreciationAndAmortization": 46578000,
        "ebitda": 232006000,
        "ebitdaratio": 0.1130512874,
        "operatingIncome": 183920000,
        "operatingIncomeRatio": 0.0896200649,
        "totalOtherIncomeExpensesNet": -45400000,
        "incomeBeforeTax": 114604000,
        "incomeBeforeTaxRatio": 0.0558439426,
        "incomeTaxExpense": 152168000,
        "netIncome": -37461000,
        "netIncomeRatio": -0.0182538998,
        "eps": -0.46,
        "epsdiluted": -0.46,
        "weightedAverageShsOut": 81838000,
        "weightedAverageShsOutDil": 81838000,
        "link": "https://www.sec.gov/Archives/edgar/data/78239/000007823914000017/0000078239-14-000017-index.htm",
        "finalLink": "https://www.sec.gov/Archives/edgar/data/78239/000007823914000017/pvh10k2013.htm"
    },
    {
        "date": "2013-11-03",
        "symbol": "PVH",
        "reportedCurrency": "USD",
        "cik": "0000078239",
        "fillingDate": "2013-12-12",
        "acceptedDate": "2013-12-12 15:39:53",
        "calendarYear": "2013",
        "period": "Q3",
        "revenue": 2259125000,
        "costOfRevenue": 1087347000,
        "grossProfit": 1171778000,
        "grossProfitRatio": 0.5186866597,
        "researchAndDevelopmentExpenses": 0,
        "generalAndAdministrativeExpenses": 927370000,
        "sellingAndMarketingExpenses": 0,
        "sellingGeneralAndAdministrativeExpenses": 927370000,
        "otherExpenses": 0,
        "operatingExpenses": 927370000,
        "costAndExpenses": 2014717000,
        "interestIncome": 1884000,
        "interestExpense": 47852000,
        "depreciationAndAmortization": 61668000,
        "ebitda": 244408000,
        "ebitdaratio": 0.1081870193,
        "operatingIncome": 244408000,
        "operatingIncomeRatio": 0.1081870193,
        "totalOtherIncomeExpensesNet": -41108000,
        "incomeBeforeTax": 203356000,
        "incomeBeforeTaxRatio": 0.0900153821,
        "incomeTaxExpense": 6721000,
        "netIncome": 196713000,
        "netIncomeRatio": 0.0870748631,
        "eps": 2.41,
        "epsdiluted": 2.37,
        "weightedAverageShsOut": 81522000,
        "weightedAverageShsOutDil": 82829000,
        "link": "https://www.sec.gov/Archives/edgar/data/78239/000007823913000053/0000078239-13-000053-index.htm",
        "finalLink": "https://www.sec.gov/Archives/edgar/data/78239/000007823913000053/a10q3q2013.htm"
    },
    {
        "date": "2013-08-04",
        "symbol": "PVH",
        "reportedCurrency": "USD",
        "cik": "0000078239",
        "fillingDate": "2013-09-12",
        "acceptedDate": "2013-09-12 15:29:32",
        "calendarYear": "2013",
        "period": "Q2",
        "revenue": 1964847000,
        "costOfRevenue": 938759000,
        "grossProfit": 1026088000,
        "grossProfitRatio": 0.5222228499,
        "researchAndDevelopmentExpenses": 0,
        "generalAndAdministrativeExpenses": 953468000,
        "sellingAndMarketingExpenses": 0,
        "sellingGeneralAndAdministrativeExpenses": 953468000,
        "otherExpenses": 0,
        "operatingExpenses": 953468000,
        "costAndExpenses": 1892227000,
        "interestIncome": 2116000,
        "interestExpense": 49495000,
        "depreciationAndAmortization": 109505000,
        "ebitda": 185000000,
        "ebitdaratio": 0.0941549138,
        "operatingIncome": 72620000,
        "operatingIncomeRatio": 0.0369596208,
        "totalOtherIncomeExpensesNet": -34320000,
        "incomeBeforeTax": 26054000,
        "incomeBeforeTaxRatio": 0.0132600655,
        "incomeTaxExpense": 41963000,
        "netIncome": -15996000,
        "netIncomeRatio": -0.0081410919,
        "eps": -0.2,
        "epsdiluted": -0.2,
        "weightedAverageShsOut": 81337000,
        "weightedAverageShsOutDil": 81337000,
        "link": "https://www.sec.gov/Archives/edgar/data/78239/000007823913000042/0000078239-13-000042-index.htm",
        "finalLink": "https://www.sec.gov/Archives/edgar/data/78239/000007823913000042/a10q2q2013.htm"
    },
    {
        "date": "2013-05-05",
        "symbol": "PVH",
        "reportedCurrency": "USD",
        "cik": "0000078239",
        "fillingDate": "2013-06-13",
        "acceptedDate": "2013-06-13 15:55:17",
        "calendarYear": "2013",
        "period": "Q1",
        "revenue": 1910160000,
        "costOfRevenue": 958299000,
        "grossProfit": 951861000,
        "grossProfitRatio": 0.4983148009,
        "researchAndDevelopmentExpenses": 0,
        "generalAndAdministrativeExpenses": 907008000,
        "sellingAndMarketingExpenses": 0,
        "sellingGeneralAndAdministrativeExpenses": 907008000,
        "otherExpenses": 0,
        "operatingExpenses": 907008000,
        "costAndExpenses": 1865307000,
        "interestIncome": 1995000,
        "interestExpense": 47944000,
        "depreciationAndAmortization": 95843000,
        "ebitda": 145018000,
        "ebitdaratio": 0.0759192947,
        "operatingIncome": 44853000,
        "operatingIncomeRatio": 0.0234812791,
        "totalOtherIncomeExpensesNet": -72353000,
        "incomeBeforeTax": -39164000,
        "incomeBeforeTaxRatio": -0.0205029945,
        "incomeTaxExpense": -19151000,
        "netIncome": -20052000,
        "netIncomeRatio": -0.0104975499,
        "eps": -0.25,
        "epsdiluted": -0.25,
        "weightedAverageShsOut": 79230769,
        "weightedAverageShsOutDil": 80000000,
        "link": "https://www.sec.gov/Archives/edgar/data/78239/000007823913000028/0000078239-13-000028-index.htm",
        "finalLink": "https://www.sec.gov/Archives/edgar/data/78239/000007823913000028/a10q1q2013.htm"
    },
    {
        "date": "2013-01-31",
        "symbol": "PVH",
        "reportedCurrency": "USD",
        "cik": "0000078239",
        "fillingDate": "2013-04-03",
        "acceptedDate": "2013-04-03 17:10:17",
        "calendarYear": "2012",
        "period": "Q4",
        "revenue": 1636200000,
        "costOfRevenue": 755544000,
        "grossProfit": 880656000,
        "grossProfitRatio": 0.5382324899,
        "researchAndDevelopmentExpenses": 0,
        "generalAndAdministrativeExpenses": 771172000,
        "sellingAndMarketingExpenses": 0,
        "sellingGeneralAndAdministrativeExpenses": 771172000,
        "otherExpenses": 0,
        "operatingExpenses": 771172000,
        "costAndExpenses": 1526716000,
        "interestIncome": 651000,
        "interestExpense": 32018000,
        "depreciationAndAmortization": 37812000,
        "ebitda": 159496000,
        "ebitdaratio": 0.0974795257,
        "operatingIncome": 120629000,
        "operatingIncomeRatio": 0.0737250947,
        "totalOtherIncomeExpensesNet": -30963000,
        "incomeBeforeTax": 78521000,
        "incomeBeforeTaxRatio": 0.0479898545,
        "incomeTaxExpense": -2227000,
        "netIncome": 80748000,
        "netIncomeRatio": 0.0493509351,
        "eps": 1.12,
        "epsdiluted": 1.09,
        "weightedAverageShsOut": 72040000,
        "weightedAverageShsOutDil": 74313000,
        "link": "https://www.sec.gov/Archives/edgar/data/78239/000007823913000019/0000078239-13-000019-index.htm",
        "finalLink": "https://www.sec.gov/Archives/edgar/data/78239/000007823913000019/pvh10k2012.htm"
    },
    {
        "date": "2012-10-28",
        "symbol": "PVH",
        "reportedCurrency": "USD",
        "cik": "0000078239",
        "fillingDate": "2012-11-28",
        "acceptedDate": "2012-11-28 16:31:45",
        "calendarYear": "2012",
        "period": "Q3",
        "revenue": 1642770000,
        "costOfRevenue": 773686000,
        "grossProfit": 869084000,
        "grossProfitRatio": 0.5290357141,
        "researchAndDevelopmentExpenses": 0,
        "generalAndAdministrativeExpenses": 634854000,
        "sellingAndMarketingExpenses": 0,
        "sellingGeneralAndAdministrativeExpenses": 634854000,
        "otherExpenses": 0,
        "operatingExpenses": 634854000,
        "costAndExpenses": 1408540000,
        "interestIncome": 376000,
        "interestExpense": 28660000,
        "depreciationAndAmortization": 34752000,
        "ebitda": 276266000,
        "ebitdaratio": 0.1681708334,
        "operatingIncome": 234230000,
        "operatingIncomeRatio": 0.1425823457,
        "totalOtherIncomeExpensesNet": -21376000,
        "incomeBeforeTax": 209139000,
        "incomeBeforeTaxRatio": 0.1273087529,
        "incomeTaxExpense": 43730000,
        "netIncome": 165409000,
        "netIncomeRatio": 0.10068908,
        "eps": 2.34,
        "epsdiluted": 2.24,
        "weightedAverageShsOut": 70586000,
        "weightedAverageShsOutDil": 73985000,
        "link": "https://www.sec.gov/Archives/edgar/data/78239/000007823912000066/0000078239-12-000066-index.htm",
        "finalLink": "https://www.sec.gov/Archives/edgar/data/78239/000007823912000066/a10q3q2012.htm"
    },
    {
        "date": "2012-07-29",
        "symbol": "PVH",
        "reportedCurrency": "USD",
        "cik": "0000078239",
        "fillingDate": "2012-09-06",
        "acceptedDate": "2012-09-06 16:21:54",
        "calendarYear": "2012",
        "period": "Q2",
        "revenue": 1336623000,
        "costOfRevenue": 593962000,
        "grossProfit": 742661000,
        "grossProfitRatio": 0.5556248845,
        "researchAndDevelopmentExpenses": 0,
        "generalAndAdministrativeExpenses": 592929000,
        "sellingAndMarketingExpenses": 0,
        "sellingGeneralAndAdministrativeExpenses": 592929000,
        "otherExpenses": 0,
        "operatingExpenses": 592929000,
        "costAndExpenses": 1186891000,
        "interestIncome": 197000,
        "interestExpense": 28552000,
        "depreciationAndAmortization": 34333000,
        "ebitda": 187784000,
        "ebitdaratio": 0.1404913727,
        "operatingIncome": 149732000,
        "operatingIncomeRatio": 0.1120226122,
        "totalOtherIncomeExpensesNet": -28429000,
        "incomeBeforeTax": 121303000,
        "incomeBeforeTaxRatio": 0.0907533388,
        "incomeTaxExpense": 33601000,
        "netIncome": 87702000,
        "netIncomeRatio": 0.0656146123,
        "eps": 1.25,
        "epsdiluted": 1.19,
        "weightedAverageShsOut": 70403000,
        "weightedAverageShsOutDil": 73603000,
        "link": "https://www.sec.gov/Archives/edgar/data/78239/000007823912000051/0000078239-12-000051-index.htm",
        "finalLink": "https://www.sec.gov/Archives/edgar/data/78239/000007823912000051/a10q2q2012.htm"
    },
    {
        "date": "2012-04-29",
        "symbol": "PVH",
        "reportedCurrency": "USD",
        "cik": "0000078239",
        "fillingDate": "2012-06-07",
        "acceptedDate": "2012-06-07 14:47:50",
        "calendarYear": "2012",
        "period": "Q1",
        "revenue": 1427406000,
        "costOfRevenue": 670577000,
        "grossProfit": 756829000,
        "grossProfitRatio": 0.5302128476,
        "researchAndDevelopmentExpenses": 0,
        "generalAndAdministrativeExpenses": 606505000,
        "sellingAndMarketingExpenses": 0,
        "sellingGeneralAndAdministrativeExpenses": 606505000,
        "otherExpenses": 0,
        "operatingExpenses": 606505000,
        "costAndExpenses": 1277082000,
        "interestIncome": 273000,
        "interestExpense": 29517000,
        "depreciationAndAmortization": 33459000,
        "ebitda": 189814000,
        "ebitdaratio": 0.1329782837,
        "operatingIncome": 150324000,
        "operatingIncomeRatio": 0.1053127141,
        "totalOtherIncomeExpensesNet": -27320000,
        "incomeBeforeTax": 123004000,
        "incomeBeforeTaxRatio": 0.0861731,
        "incomeTaxExpense": 29890000,
        "netIncome": 93114000,
        "netIncomeRatio": 0.0652330171,
        "eps": 1.36,
        "epsdiluted": 1.27,
        "weightedAverageShsOut": 68539000,
        "weightedAverageShsOutDil": 73602000,
        "link": "https://www.sec.gov/Archives/edgar/data/78239/000007823912000036/0000078239-12-000036-index.htm",
        "finalLink": "https://www.sec.gov/Archives/edgar/data/78239/000007823912000036/a10q1q2012.htm"
    },
    {
        "date": "2012-01-31",
        "symbol": "PVH",
        "reportedCurrency": "USD",
        "cik": "0000078239",
        "fillingDate": "2012-03-28",
        "acceptedDate": "2012-03-28 15:00:15",
        "calendarYear": "2011",
        "period": "Q4",
        "revenue": 1532836000,
        "costOfRevenue": 758626000,
        "grossProfit": 774210000,
        "grossProfitRatio": 0.5050833879,
        "researchAndDevelopmentExpenses": 0,
        "generalAndAdministrativeExpenses": 665833000,
        "sellingAndMarketingExpenses": 0,
        "sellingGeneralAndAdministrativeExpenses": 665833000,
        "otherExpenses": 856000,
        "operatingExpenses": 665833000,
        "costAndExpenses": 1424459000,
        "interestIncome": 402000,
        "interestExpense": 32432000,
        "depreciationAndAmortization": 33242000,
        "ebitda": 142532000,
        "ebitdaratio": 0.0929858119,
        "operatingIncome": 107521000,
        "operatingIncomeRatio": 0.0701451427,
        "totalOtherIncomeExpensesNet": -30663000,
        "incomeBeforeTax": 76858000,
        "incomeBeforeTaxRatio": 0.0501410457,
        "incomeTaxExpense": -4388000,
        "netIncome": 81246000,
        "netIncomeRatio": 0.0530037134,
        "eps": 1.2,
        "epsdiluted": 1.11,
        "weightedAverageShsOut": 67478000,
        "weightedAverageShsOutDil": 73268000,
        "link": "https://www.sec.gov/Archives/edgar/data/78239/000007823912000024/0000078239-12-000024-index.htm",
        "finalLink": "https://www.sec.gov/Archives/edgar/data/78239/000007823912000024/pvh10k2011.htm"
    },
    {
        "date": "2011-10-30",
        "symbol": "PVH",
        "reportedCurrency": "USD",
        "cik": "0000078239",
        "fillingDate": "2011-12-08",
        "acceptedDate": "2011-12-08 16:25:55",
        "calendarYear": "2011",
        "period": "Q3",
        "revenue": 1654160000,
        "costOfRevenue": 825192000,
        "grossProfit": 828968000,
        "grossProfitRatio": 0.5011413648,
        "researchAndDevelopmentExpenses": 0,
        "generalAndAdministrativeExpenses": 0,
        "sellingAndMarketingExpenses": 0,
        "sellingGeneralAndAdministrativeExpenses": 632982000,
        "otherExpenses": -856000,
        "operatingExpenses": 632126000,
        "costAndExpenses": 1457318000,
        "interestIncome": 138000,
        "interestExpense": 31680000,
        "depreciationAndAmortization": 32321000,
        "ebitda": 229301000,
        "ebitdaratio": 0.1386208106,
        "operatingIncome": 196842000,
        "operatingIncomeRatio": 0.1189981622,
        "totalOtherIncomeExpensesNet": -30686000,
        "incomeBeforeTax": 165300000,
        "incomeBeforeTaxRatio": 0.0999298738,
        "incomeTaxExpense": 53061000,
        "netIncome": 112239000,
        "netIncomeRatio": 0.0678525657,
        "eps": 1.67,
        "epsdiluted": 1.54,
        "weightedAverageShsOut": 67225000,
        "weightedAverageShsOutDil": 72963000,
        "link": "https://www.sec.gov/Archives/edgar/data/78239/000007823911000077/0000078239-11-000077-index.htm",
        "finalLink": "https://www.sec.gov/Archives/edgar/data/78239/000007823911000077/a10q3q2011.htm"
    },
    {
        "date": "2011-07-31",
        "symbol": "PVH",
        "reportedCurrency": "USD",
        "cik": "0000078239",
        "fillingDate": "2011-09-08",
        "acceptedDate": "2011-09-08 14:21:32",
        "calendarYear": "2011",
        "period": "Q2",
        "revenue": 1334444000,
        "costOfRevenue": 610312000,
        "grossProfit": 724132000,
        "grossProfitRatio": 0.5426469751,
        "researchAndDevelopmentExpenses": 0,
        "generalAndAdministrativeExpenses": 0,
        "sellingAndMarketingExpenses": 0,
        "sellingGeneralAndAdministrativeExpenses": 590653000,
        "otherExpenses": 0,
        "operatingExpenses": 590653000,
        "costAndExpenses": 1200965000,
        "interestIncome": 353000,
        "interestExpense": 31446000,
        "depreciationAndAmortization": 31966000,
        "ebitda": 165798000,
        "ebitdaratio": 0.1242450039,
        "operatingIncome": 133479000,
        "operatingIncomeRatio": 0.1000259284,
        "totalOtherIncomeExpensesNet": -31446000,
        "incomeBeforeTax": 102033000,
        "incomeBeforeTaxRatio": 0.0764610579,
        "incomeTaxExpense": 35304000,
        "netIncome": 66729000,
        "netIncomeRatio": 0.0500050958,
        "eps": 0.99,
        "epsdiluted": 0.92,
        "weightedAverageShsOut": 67129000,
        "weightedAverageShsOutDil": 72869000,
        "link": "https://www.sec.gov/Archives/edgar/data/78239/000007823911000054/0000078239-11-000054-index.htm",
        "finalLink": "https://www.sec.gov/Archives/edgar/data/78239/000007823911000054/pvh10q2q2011.htm"
    },
    {
        "date": "2011-05-01",
        "symbol": "PVH",
        "reportedCurrency": "USD",
        "cik": "0000078239",
        "fillingDate": "2011-06-09",
        "acceptedDate": "2011-06-09 13:44:07",
        "calendarYear": "2011",
        "period": "Q1",
        "revenue": 1369184000,
        "costOfRevenue": 640605000,
        "grossProfit": 728579000,
        "grossProfitRatio": 0.5321264344,
        "researchAndDevelopmentExpenses": 0,
        "generalAndAdministrativeExpenses": 0,
        "sellingAndMarketingExpenses": 0,
        "sellingGeneralAndAdministrativeExpenses": 608135000,
        "otherExpenses": 0,
        "operatingExpenses": 608135000,
        "costAndExpenses": 1248740000,
        "interestIncome": 374000,
        "interestExpense": 33444000,
        "depreciationAndAmortization": 34481000,
        "ebitda": 155299000,
        "ebitdaratio": 0.1134244923,
        "operatingIncome": 120444000,
        "operatingIncomeRatio": 0.0879677238,
        "totalOtherIncomeExpensesNet": -33070000,
        "incomeBeforeTax": 87374000,
        "incomeBeforeTaxRatio": 0.0638146516,
        "incomeTaxExpense": 29707000,
        "netIncome": 57667000,
        "netIncomeRatio": 0.0421177869,
        "eps": 0.81,
        "epsdiluted": 0.79,
        "weightedAverageShsOut": 66798000,
        "weightedAverageShsOutDil": 72592000,
        "link": "https://www.sec.gov/Archives/edgar/data/78239/000007823911000028/0000078239-11-000028-index.htm",
        "finalLink": "https://www.sec.gov/Archives/edgar/data/78239/000007823911000028/tenq1stqtr2011.htm"
    },
    {
        "date": "2011-01-31",
        "symbol": "PVH",
        "reportedCurrency": "USD",
        "cik": "0000078239",
        "fillingDate": "2011-03-30",
        "acceptedDate": "2011-03-30 14:22:54",
        "calendarYear": "2010",
        "period": "Q4",
        "revenue": 1398117000,
        "costOfRevenue": 661907000,
        "grossProfit": 736210000,
        "grossProfitRatio": 0.5265725258,
        "researchAndDevelopmentExpenses": 0,
        "generalAndAdministrativeExpenses": 0,
        "sellingAndMarketingExpenses": 0,
        "sellingGeneralAndAdministrativeExpenses": 644403000,
        "otherExpenses": 0,
        "operatingExpenses": 644403000,
        "costAndExpenses": 1306310000,
        "interestIncome": 642000,
        "interestExpense": 38739000,
        "depreciationAndAmortization": 33527000,
        "ebitda": 125976000,
        "ebitdaratio": 0.0901040471,
        "operatingIncome": 91807000,
        "operatingIncomeRatio": 0.0656647477,
        "totalOtherIncomeExpensesNet": -38097000,
        "incomeBeforeTax": 53710000,
        "incomeBeforeTaxRatio": 0.0384159552,
        "incomeTaxExpense": -1563000,
        "netIncome": 55273000,
        "netIncomeRatio": 0.0395338874,
        "eps": 0.72,
        "epsdiluted": 0.72,
        "weightedAverageShsOut": 72400000,
        "weightedAverageShsOutDil": 72400000,
        "link": "https://www.sec.gov/Archives/edgar/data/78239/000007823911000015/0000078239-11-000015-index.htm",
        "finalLink": "https://www.sec.gov/Archives/edgar/data/78239/000007823911000015/formtenkjan302011.htm"
    },
    {
        "date": "2010-10-31",
        "symbol": "PVH",
        "reportedCurrency": "USD",
        "cik": "0000078239",
        "fillingDate": "2010-12-09",
        "acceptedDate": "2010-12-09 16:00:31",
        "calendarYear": "2010",
        "period": "Q3",
        "revenue": 1516419000,
        "costOfRevenue": 722952000,
        "grossProfit": 793467000,
        "grossProfitRatio": 0.5232505,
        "researchAndDevelopmentExpenses": 0,
        "generalAndAdministrativeExpenses": 0,
        "sellingAndMarketingExpenses": 0,
        "sellingGeneralAndAdministrativeExpenses": 615176000,
        "otherExpenses": 0,
        "operatingExpenses": 615176000,
        "costAndExpenses": 1338128000,
        "interestIncome": 509000,
        "interestExpense": 41225000,
        "depreciationAndAmortization": 51370000,
        "ebitda": 230170000,
        "ebitdaratio": 0.1517852256,
        "operatingIncome": 178291000,
        "operatingIncomeRatio": 0.1175737049,
        "totalOtherIncomeExpensesNet": -41225000,
        "incomeBeforeTax": 137066000,
        "incomeBeforeTaxRatio": 0.0903879469,
        "incomeTaxExpense": 56334000,
        "netIncome": 80732000,
        "netIncomeRatio": 0.0532385838,
        "eps": 1.22,
        "epsdiluted": 1.12,
        "weightedAverageShsOut": 66140000,
        "weightedAverageShsOutDil": 71836000,
        "link": "https://www.sec.gov/Archives/edgar/data/78239/000007823910000085/0000078239-10-000085-index.htm",
        "finalLink": "https://www.sec.gov/Archives/edgar/data/78239/000007823910000085/tenq3rdqtr2010.htm"
    },
    {
        "date": "2010-08-01",
        "symbol": "PVH",
        "reportedCurrency": "USD",
        "cik": "0000078239",
        "fillingDate": "2010-09-10",
        "acceptedDate": "2010-09-10 12:35:20",
        "calendarYear": "2010",
        "period": "Q2",
        "revenue": 1103268000,
        "costOfRevenue": 528027000,
        "grossProfit": 575241000,
        "grossProfitRatio": 0.5213973395,
        "researchAndDevelopmentExpenses": 0,
        "generalAndAdministrativeExpenses": 0,
        "sellingAndMarketingExpenses": 0,
        "sellingGeneralAndAdministrativeExpenses": 524637000,
        "otherExpenses": 0,
        "operatingExpenses": 524637000,
        "costAndExpenses": 1052664000,
        "interestIncome": 481000,
        "interestExpense": 39225000,
        "depreciationAndAmortization": 50174000,
        "ebitda": 6509000,
        "ebitdaratio": 0.0058997451,
        "operatingIncome": -37496000,
        "operatingIncomeRatio": -0.0339863025,
        "totalOtherIncomeExpensesNet": -45875000,
        "incomeBeforeTax": -83371000,
        "incomeBeforeTaxRatio": -0.0755673146,
        "incomeTaxExpense": -28784000,
        "netIncome": -54587000,
        "netIncomeRatio": -0.0494775521,
        "eps": -0.83,
        "epsdiluted": -0.83,
        "weightedAverageShsOut": 65875000,
        "weightedAverageShsOutDil": 65875000,
        "link": "https://www.sec.gov/Archives/edgar/data/78239/000007823910000057/0000078239-10-000057-index.htm",
        "finalLink": "https://www.sec.gov/Archives/edgar/data/78239/000007823910000057/tenq2ndqtr2010final.htm"
    },
    {
        "date": "2010-05-02",
        "symbol": "PVH",
        "reportedCurrency": "USD",
        "cik": "0000078239",
        "fillingDate": "2010-06-10",
        "acceptedDate": "2010-06-10 17:02:25",
        "calendarYear": "2010",
        "period": "Q1",
        "revenue": 619044000,
        "costOfRevenue": 302011000,
        "grossProfit": 317033000,
        "grossProfitRatio": 0.5121332248,
        "researchAndDevelopmentExpenses": 0,
        "generalAndAdministrativeExpenses": 0,
        "sellingAndMarketingExpenses": 0,
        "sellingGeneralAndAdministrativeExpenses": 287200000,
        "otherExpenses": 52390000,
        "operatingExpenses": 339590000,
        "costAndExpenses": 641601000,
        "interestIncome": 107000,
        "interestExpense": 8275000,
        "depreciationAndAmortization": 12066000,
        "ebitda": -10384000,
        "ebitdaratio": -0.0167742519,
        "operatingIncome": -22557000,
        "operatingIncomeRatio": -0.0364384438,
        "totalOtherIncomeExpensesNet": -8275000,
        "incomeBeforeTax": -30832000,
        "incomeBeforeTaxRatio": -0.0498058296,
        "incomeTaxExpense": -3219000,
        "netIncome": -27613000,
        "netIncomeRatio": -0.0446058762,
        "eps": -0.53,
        "epsdiluted": -0.53,
        "weightedAverageShsOut": 52279000,
        "weightedAverageShsOutDil": 52279000,
        "link": "https://www.sec.gov/Archives/edgar/data/78239/000007823910000040/0000078239-10-000040-index.htm",
        "finalLink": "https://www.sec.gov/Archives/edgar/data/78239/000007823910000040/tenq1stqtr2010final.htm"
    },
    {
        "date": "2010-01-31",
        "symbol": "PVH",
        "reportedCurrency": "USD",
        "cik": "0000078239",
        "fillingDate": "2010-03-31",
        "acceptedDate": "2010-03-31 16:45:07",
        "calendarYear": "2009",
        "period": "Q4",
        "revenue": 614583000,
        "costOfRevenue": 307236000,
        "grossProfit": 307347000,
        "grossProfitRatio": 0.5000903051,
        "researchAndDevelopmentExpenses": 0,
        "generalAndAdministrativeExpenses": 0,
        "sellingAndMarketingExpenses": 0,
        "sellingGeneralAndAdministrativeExpenses": 254534000,
        "otherExpenses": 0,
        "operatingExpenses": 254534000,
        "costAndExpenses": 561770000,
        "interestIncome": 159000,
        "interestExpense": 8410000,
        "depreciationAndAmortization": 12193000,
        "ebitda": 65165000,
        "ebitdaratio": 0.1060312439,
        "operatingIncome": 52813000,
        "operatingIncomeRatio": 0.0859330636,
        "totalOtherIncomeExpensesNet": -8251000,
        "incomeBeforeTax": 44562000,
        "incomeBeforeTaxRatio": 0.0725077003,
        "incomeTaxExpense": 17539000,
        "netIncome": 27023000,
        "netIncomeRatio": 0.043969651,
        "eps": 0.51,
        "epsdiluted": 0.51,
        "weightedAverageShsOut": 52900000,
        "weightedAverageShsOutDil": 52900000,
        "link": "https://www.sec.gov/Archives/edgar/data/78239/000007823910000015/0000078239-10-000015-index.htm",
        "finalLink": "https://www.sec.gov/Archives/edgar/data/78239/000007823910000015/tenkjan312010.htm"
    },
    {
        "date": "2009-11-01",
        "symbol": "PVH",
        "reportedCurrency": "USD",
        "cik": "0000078239",
        "fillingDate": "2009-12-10",
        "acceptedDate": "2009-12-10 15:35:52",
        "calendarYear": "2009",
        "period": "Q3",
        "revenue": 697440000,
        "costOfRevenue": 359766000,
        "grossProfit": 337674000,
        "grossProfitRatio": 0.4841620785,
        "researchAndDevelopmentExpenses": 0,
        "generalAndAdministrativeExpenses": 0,
        "sellingAndMarketingExpenses": 0,
        "sellingGeneralAndAdministrativeExpenses": 247238000,
        "otherExpenses": 0,
        "operatingExpenses": 247238000,
        "costAndExpenses": 247238000,
        "interestIncome": 237000,
        "interestExpense": 8133000,
        "depreciationAndAmortization": 12493000,
        "ebitda": 103166000,
        "ebitdaratio": 0.1479209681,
        "operatingIncome": 90436000,
        "operatingIncomeRatio": 0.1296685019,
        "totalOtherIncomeExpensesNet": -8133000,
        "incomeBeforeTax": 82303000,
        "incomeBeforeTaxRatio": 0.1180072838,
        "incomeTaxExpense": -1316000,
        "netIncome": 83619000,
        "netIncomeRatio": 0.1198941844,
        "eps": 1.62,
        "epsdiluted": 1.58,
        "weightedAverageShsOut": 51670000,
        "weightedAverageShsOutDil": 52859000,
        "link": "https://www.sec.gov/Archives/edgar/data/78239/000007823909000039/0000078239-09-000039-index.htm",
        "finalLink": "https://www.sec.gov/Archives/edgar/data/78239/000007823909000039/tenq3rdqtr2009.htm"
    },
    {
        "date": "2009-08-02",
        "symbol": "PVH",
        "reportedCurrency": "USD",
        "cik": "0000078239",
        "fillingDate": "2009-09-10",
        "acceptedDate": "2009-09-10 16:27:18",
        "calendarYear": "2009",
        "period": "Q2",
        "revenue": 560967000,
        "costOfRevenue": 366161000,
        "grossProfit": 194806000,
        "grossProfitRatio": 0.3472681994,
        "researchAndDevelopmentExpenses": 0,
        "generalAndAdministrativeExpenses": 0,
        "sellingAndMarketingExpenses": 0,
        "sellingGeneralAndAdministrativeExpenses": 208974000,
        "otherExpenses": 0,
        "operatingExpenses": 208974000,
        "costAndExpenses": 575135000,
        "interestIncome": 393000,
        "interestExpense": 7985000,
        "depreciationAndAmortization": 12726000,
        "ebitda": 64568000,
        "ebitdaratio": 0.1151012448,
        "operatingIncome": 51449000,
        "operatingIncomeRatio": 0.0917148424,
        "totalOtherIncomeExpensesNet": -7985000,
        "incomeBeforeTax": 49720000,
        "incomeBeforeTaxRatio": 0.0886326647,
        "incomeTaxExpense": 18440000,
        "netIncome": 31280000,
        "netIncomeRatio": 0.0557608558,
        "eps": 0.61,
        "epsdiluted": 0.6,
        "weightedAverageShsOut": 51605000,
        "weightedAverageShsOutDil": 52194000,
        "link": "https://www.sec.gov/Archives/edgar/data/78239/000007823909000035/0000078239-09-000035-index.htm",
        "finalLink": "https://www.sec.gov/Archives/edgar/data/78239/000007823909000035/tenq2ndqtr2009.htm"
    },
    {
        "date": "2009-05-03",
        "symbol": "PVH",
        "reportedCurrency": "USD",
        "cik": "0000078239",
        "fillingDate": "2009-06-11",
        "acceptedDate": "2009-06-11 13:43:04",
        "calendarYear": "2009",
        "period": "Q1",
        "revenue": 557425000,
        "costOfRevenue": 285599000,
        "grossProfit": 271826000,
        "grossProfitRatio": 0.4876458716,
        "researchAndDevelopmentExpenses": 0,
        "generalAndAdministrativeExpenses": 0,
        "sellingAndMarketingExpenses": 0,
        "sellingGeneralAndAdministrativeExpenses": 222712000,
        "otherExpenses": 0,
        "operatingExpenses": 222712000,
        "costAndExpenses": 508311000,
        "interestIncome": 506000,
        "interestExpense": 8366000,
        "depreciationAndAmortization": 12477000,
        "ebitda": 62097000,
        "ebitdaratio": 0.1113997399,
        "operatingIncome": 49114000,
        "operatingIncomeRatio": 0.0881087142,
        "totalOtherIncomeExpensesNet": -7860000,
        "incomeBeforeTax": 41254000,
        "incomeBeforeTaxRatio": 0.0740081625,
        "incomeTaxExpense": 16543000,
        "netIncome": 24711000,
        "netIncomeRatio": 0.0443306274,
        "eps": 0.48,
        "epsdiluted": 0.48,
        "weightedAverageShsOut": 51511000,
        "weightedAverageShsOutDil": 51882000,
        "link": "https://www.sec.gov/Archives/edgar/data/78239/000007823909000019/0000078239-09-000019-index.htm",
        "finalLink": "https://www.sec.gov/Archives/edgar/data/78239/000007823909000019/tenq1stqtr2009.htm"
    },
    {
        "date": "2009-01-31",
        "symbol": "PVH",
        "reportedCurrency": "USD",
        "cik": "0000078239",
        "fillingDate": "2009-04-01",
        "acceptedDate": "2009-04-01 09:45:40",
        "calendarYear": "2008",
        "period": "Q4",
        "revenue": 577786000,
        "costOfRevenue": 318145000,
        "grossProfit": 259641000,
        "grossProfitRatio": 0.4493722589,
        "researchAndDevelopmentExpenses": 0,
        "generalAndAdministrativeExpenses": 0,
        "sellingAndMarketingExpenses": 0,
        "sellingGeneralAndAdministrativeExpenses": 309420000,
        "otherExpenses": -1864000,
        "operatingExpenses": 307556000,
        "costAndExpenses": 625701000,
        "interestIncome": 0,
        "interestExpense": 0,
        "depreciationAndAmortization": 14515000,
        "ebitda": -27205000,
        "ebitdaratio": -0.0470849069,
        "operatingIncome": -47915000,
        "operatingIncomeRatio": -0.0829286276,
        "totalOtherIncomeExpensesNet": -8938000,
        "incomeBeforeTax": -56853000,
        "incomeBeforeTaxRatio": -0.0983980228,
        "incomeTaxExpense": -18918000,
        "netIncome": -37935000,
        "netIncomeRatio": -0.0656557964,
        "eps": -0.74,
        "epsdiluted": -0.74,
        "weightedAverageShsOut": 51500000,
        "weightedAverageShsOutDil": 51500000,
        "link": "https://www.sec.gov/Archives/edgar/data/78239/000007823909000013/0000078239-09-000013-index.htm",
        "finalLink": "https://www.sec.gov/Archives/edgar/data/78239/000007823909000013/tenk020109.htm"
    },
    {
        "date": "2008-11-02",
        "symbol": "PVH",
        "reportedCurrency": "USD",
        "cik": "0000078239",
        "fillingDate": "2008-12-11",
        "acceptedDate": "2008-12-11 15:29:49",
        "calendarYear": "2008",
        "period": "Q3",
        "revenue": 727484000,
        "costOfRevenue": 386184000,
        "grossProfit": 341300000,
        "grossProfitRatio": 0.4691512116,
        "researchAndDevelopmentExpenses": 0,
        "generalAndAdministrativeExpenses": 0,
        "sellingAndMarketingExpenses": 0,
        "sellingGeneralAndAdministrativeExpenses": 254832000,
        "otherExpenses": 0,
        "operatingExpenses": 254832000,
        "costAndExpenses": 641016000,
        "interestIncome": 1455000,
        "interestExpense": 8486000,
        "depreciationAndAmortization": 13661000,
        "ebitda": 101584000,
        "ebitdaratio": 0.1396374353,
        "operatingIncome": 86468000,
        "operatingIncomeRatio": 0.1188589715,
        "totalOtherIncomeExpensesNet": -7031000,
        "incomeBeforeTax": 79437000,
        "incomeBeforeTaxRatio": 0.1091941541,
        "incomeTaxExpense": 25738000,
        "netIncome": 53699000,
        "netIncomeRatio": 0.0738146818,
        "eps": 1.04,
        "epsdiluted": 1.03,
        "weightedAverageShsOut": 51467000,
        "weightedAverageShsOutDil": 52294000,
        "link": "https://www.sec.gov/Archives/edgar/data/78239/000007823908000051/0000078239-08-000051-index.htm",
        "finalLink": "https://www.sec.gov/Archives/edgar/data/78239/000007823908000051/tenq3rdqtr2008.htm"
    },
    {
        "date": "2008-08-03",
        "symbol": "PVH",
        "reportedCurrency": "USD",
        "cik": "0000078239",
        "fillingDate": "2008-09-11",
        "acceptedDate": "2008-09-11 15:44:11",
        "calendarYear": "2008",
        "period": "Q2",
        "revenue": 560967000,
        "costOfRevenue": 272030000,
        "grossProfit": 288937000,
        "grossProfitRatio": 0.5150695139,
        "researchAndDevelopmentExpenses": 0,
        "generalAndAdministrativeExpenses": 0,
        "sellingAndMarketingExpenses": 0,
        "sellingGeneralAndAdministrativeExpenses": 234451000,
        "otherExpenses": 0,
        "operatingExpenses": 234451000,
        "costAndExpenses": 506481000,
        "interestIncome": 1561000,
        "interestExpense": 8388000,
        "depreciationAndAmortization": 13855000,
        "ebitda": 69902000,
        "ebitdaratio": 0.1246098255,
        "operatingIncome": 54486000,
        "operatingIncomeRatio": 0.0971287081,
        "totalOtherIncomeExpensesNet": -6827000,
        "incomeBeforeTax": 47659000,
        "incomeBeforeTaxRatio": 0.0849586518,
        "incomeTaxExpense": 18453000,
        "netIncome": 29206000,
        "netIncomeRatio": 0.0520636686,
        "eps": 0.57,
        "epsdiluted": 0.56,
        "weightedAverageShsOut": 51428000,
        "weightedAverageShsOutDil": 52461000,
        "link": "https://www.sec.gov/Archives/edgar/data/78239/000007823908000045/0000078239-08-000045-index.htm",
        "finalLink": "https://www.sec.gov/Archives/edgar/data/78239/000007823908000045/tenq2ndqtr2008.htm"
    },
    {
        "date": "2008-05-04",
        "symbol": "PVH",
        "reportedCurrency": "USD",
        "cik": "0000078239",
        "fillingDate": "2008-06-13",
        "acceptedDate": "2008-06-13 09:14:33",
        "calendarYear": "2008",
        "period": "Q1",
        "revenue": 625698000,
        "costOfRevenue": 314908000,
        "grossProfit": 310790000,
        "grossProfitRatio": 0.4967092751,
        "researchAndDevelopmentExpenses": 0,
        "generalAndAdministrativeExpenses": 0,
        "sellingAndMarketingExpenses": 0,
        "sellingGeneralAndAdministrativeExpenses": 230081000,
        "otherExpenses": 0,
        "operatingExpenses": 230081000,
        "costAndExpenses": 544989000,
        "interestIncome": 1864000,
        "interestExpense": 8376000,
        "depreciationAndAmortization": 13335000,
        "ebitda": 80709000,
        "ebitdaratio": 0.1289903436,
        "operatingIncome": 80709000,
        "operatingIncomeRatio": 0.1289903436,
        "totalOtherIncomeExpensesNet": -4648000,
        "incomeBeforeTax": 76061000,
        "incomeBeforeTaxRatio": 0.1215618397,
        "incomeTaxExpense": 29260000,
        "netIncome": 46801000,
        "netIncomeRatio": 0.0747980655,
        "eps": 0.91,
        "epsdiluted": 0.9,
        "weightedAverageShsOut": 51429670,
        "weightedAverageShsOutDil": 52001111,
        "link": "https://www.sec.gov/Archives/edgar/data/78239/000007823908000030/0000078239-08-000030-index.htm",
        "finalLink": "https://www.sec.gov/Archives/edgar/data/78239/000007823908000030/tenq1stqtr2008.htm"
    },
    {
        "date": "2008-01-31",
        "symbol": "PVH",
        "reportedCurrency": "USD",
        "cik": "0000078239",
        "fillingDate": "2008-04-03",
        "acceptedDate": "2008-04-03 11:48:01",
        "calendarYear": "2007",
        "period": "Q4",
        "revenue": 584523000,
        "costOfRevenue": 292170000,
        "grossProfit": 292353000,
        "grossProfitRatio": 0.5001565379,
        "researchAndDevelopmentExpenses": 0,
        "generalAndAdministrativeExpenses": 0,
        "sellingAndMarketingExpenses": 0,
        "sellingGeneralAndAdministrativeExpenses": 239636000,
        "otherExpenses": 0,
        "operatingExpenses": 239636000,
        "costAndExpenses": 531806000,
        "interestIncome": 0,
        "interestExpense": 0,
        "depreciationAndAmortization": 12807000,
        "ebitda": 65524000,
        "ebitdaratio": 0.1120982408,
        "operatingIncome": 52717000,
        "operatingIncomeRatio": 0.0901880679,
        "totalOtherIncomeExpensesNet": -4487000,
        "incomeBeforeTax": 48230000,
        "incomeBeforeTaxRatio": 0.0825117232,
        "incomeTaxExpense": 17896000,
        "netIncome": 30334000,
        "netIncomeRatio": 0.0518953061,
        "eps": 0.55,
        "epsdiluted": 0.55,
        "weightedAverageShsOut": 54036000,
        "weightedAverageShsOutDil": 55000000,
        "link": "https://www.sec.gov/Archives/edgar/data/78239/000007823908000010/0000078239-08-000010-index.htm",
        "finalLink": "https://www.sec.gov/Archives/edgar/data/78239/000007823908000010/tenk020308.htm"
    },
    {
        "date": "2007-11-04",
        "symbol": "PVH",
        "reportedCurrency": "USD",
        "cik": "0000078239",
        "fillingDate": "2007-12-14",
        "acceptedDate": "2007-12-14 10:11:03",
        "calendarYear": "2007",
        "period": "Q3",
        "revenue": 696370000,
        "costOfRevenue": 367762000,
        "grossProfit": 328608000,
        "grossProfitRatio": 0.4718870715,
        "researchAndDevelopmentExpenses": 0,
        "generalAndAdministrativeExpenses": 0,
        "sellingAndMarketingExpenses": 0,
        "sellingGeneralAndAdministrativeExpenses": 226310000,
        "otherExpenses": 0,
        "operatingExpenses": 226310000,
        "costAndExpenses": 594072000,
        "interestIncome": 0,
        "interestExpense": 0,
        "depreciationAndAmortization": 11635000,
        "ebitda": 102298000,
        "ebitdaratio": 0.1469017907,
        "operatingIncome": 102298000,
        "operatingIncomeRatio": 0.1469017907,
        "totalOtherIncomeExpensesNet": -4105000,
        "incomeBeforeTax": 98193000,
        "incomeBeforeTaxRatio": 0.141006936,
        "incomeTaxExpense": 37314000,
        "netIncome": 60879000,
        "netIncomeRatio": 0.0874233525,
        "eps": 1.08,
        "epsdiluted": 1.05,
        "weightedAverageShsOut": 56475000,
        "weightedAverageShsOutDil": 57833000,
        "link": "https://www.sec.gov/Archives/edgar/data/78239/000007823907000052/0000078239-07-000052-index.htm",
        "finalLink": "https://www.sec.gov/Archives/edgar/data/78239/000007823907000052/tenq3rdqtr2007.htm"
    },
    {
        "date": "2007-08-05",
        "symbol": "PVH",
        "reportedCurrency": "USD",
        "cik": "0000078239",
        "fillingDate": "2007-09-13",
        "acceptedDate": "2007-09-13 11:57:26",
        "calendarYear": "2007",
        "period": "Q2",
        "revenue": 552376000,
        "costOfRevenue": 274923000,
        "grossProfit": 277453000,
        "grossProfitRatio": 0.5022901067,
        "researchAndDevelopmentExpenses": 0,
        "generalAndAdministrativeExpenses": 0,
        "sellingAndMarketingExpenses": 0,
        "sellingGeneralAndAdministrativeExpenses": 209517000,
        "otherExpenses": 0,
        "operatingExpenses": 209517000,
        "costAndExpenses": 484440000,
        "interestIncome": 0,
        "interestExpense": 0,
        "depreciationAndAmortization": 11223000,
        "ebitda": 67936000,
        "ebitdaratio": 0.1229886889,
        "operatingIncome": 67936000,
        "operatingIncomeRatio": 0.1229886889,
        "totalOtherIncomeExpensesNet": -3943000,
        "incomeBeforeTax": 63993000,
        "incomeBeforeTaxRatio": 0.1158504352,
        "incomeTaxExpense": 24893000,
        "netIncome": 39100000,
        "netIncomeRatio": 0.0707851174,
        "eps": 0.69,
        "epsdiluted": 0.68,
        "weightedAverageShsOut": 56666667,
        "weightedAverageShsOutDil": 57500000,
        "link": "https://www.sec.gov/Archives/edgar/data/78239/000007823907000044/0000078239-07-000044-index.htm",
        "finalLink": "https://www.sec.gov/Archives/edgar/data/78239/000007823907000044/tenq2ndqtr2007.htm"
    },
    {
        "date": "2007-05-06",
        "symbol": "PVH",
        "reportedCurrency": "USD",
        "cik": "0000078239",
        "fillingDate": "2007-06-15",
        "acceptedDate": "2007-06-15 11:30:25",
        "calendarYear": "2007",
        "period": "Q1",
        "revenue": 591906000,
        "costOfRevenue": 299333000,
        "grossProfit": 292573000,
        "grossProfitRatio": 0.4942896338,
        "researchAndDevelopmentExpenses": 0,
        "generalAndAdministrativeExpenses": 0,
        "sellingAndMarketingExpenses": 0,
        "sellingGeneralAndAdministrativeExpenses": 207029000,
        "otherExpenses": 0,
        "operatingExpenses": 207029000,
        "costAndExpenses": 506362000,
        "interestIncome": 0,
        "interestExpense": 0,
        "depreciationAndAmortization": 10925000,
        "ebitda": 85544000,
        "ebitdaratio": 0.1445229479,
        "operatingIncome": 85544000,
        "operatingIncomeRatio": 0.1445229479,
        "totalOtherIncomeExpensesNet": -1139000,
        "incomeBeforeTax": 84405000,
        "incomeBeforeTaxRatio": 0.1425986559,
        "incomeTaxExpense": 31399000,
        "netIncome": 53006000,
        "netIncomeRatio": 0.0895513815,
        "eps": 0.95,
        "epsdiluted": 0.92,
        "weightedAverageShsOut": 55795789,
        "weightedAverageShsOutDil": 57615217,
        "link": "https://www.sec.gov/Archives/edgar/data/78239/000007823907000026/0000078239-07-000026-index.htm",
        "finalLink": "https://www.sec.gov/Archives/edgar/data/78239/000007823907000026/tenq1stqtr2007.htm"
    },
    {
        "date": "2007-01-31",
        "symbol": "PVH",
        "reportedCurrency": "USD",
        "cik": "0000078239",
        "fillingDate": "2007-04-05",
        "acceptedDate": "2007-04-05 14:21:15",
        "calendarYear": "2006",
        "period": "Q4",
        "revenue": 557021000,
        "costOfRevenue": 277409000,
        "grossProfit": 279612000,
        "grossProfitRatio": 0.5019774838,
        "researchAndDevelopmentExpenses": 0,
        "generalAndAdministrativeExpenses": 0,
        "sellingAndMarketingExpenses": 0,
        "sellingGeneralAndAdministrativeExpenses": 232453000,
        "otherExpenses": 0,
        "operatingExpenses": 232453000,
        "costAndExpenses": 509862000,
        "interestIncome": 0,
        "interestExpense": 0,
        "depreciationAndAmortization": 10549000,
        "ebitda": 57708000,
        "ebitdaratio": 0.103601121,
        "operatingIncome": 47159000,
        "operatingIncomeRatio": 0.0846628763,
        "totalOtherIncomeExpensesNet": -2972000,
        "incomeBeforeTax": 44187000,
        "incomeBeforeTaxRatio": 0.0793273503,
        "incomeTaxExpense": 17429000,
        "netIncome": 26758000,
        "netIncomeRatio": 0.0480376862,
        "eps": 0.47,
        "epsdiluted": 0.47,
        "weightedAverageShsOut": 55677000,
        "weightedAverageShsOutDil": 57300000,
        "link": "https://www.sec.gov/Archives/edgar/data/78239/000007823907000011/0000078239-07-000011-index.htm",
        "finalLink": "https://www.sec.gov/Archives/edgar/data/78239/000007823907000011/tenk20407.htm"
    },
    {
        "date": "2006-10-29",
        "symbol": "PVH",
        "reportedCurrency": "USD",
        "cik": "0000078239",
        "fillingDate": "2006-12-08",
        "acceptedDate": "2006-12-08 10:55:05",
        "calendarYear": "2006",
        "period": "Q3",
        "revenue": 568261000,
        "costOfRevenue": 287880000,
        "grossProfit": 280381000,
        "grossProfitRatio": 0.4934017995,
        "researchAndDevelopmentExpenses": 0,
        "generalAndAdministrativeExpenses": 0,
        "sellingAndMarketingExpenses": 0,
        "sellingGeneralAndAdministrativeExpenses": 195738000,
        "otherExpenses": 0,
        "operatingExpenses": 195738000,
        "costAndExpenses": 483618000,
        "interestIncome": 0,
        "interestExpense": 0,
        "depreciationAndAmortization": 9006000,
        "ebitda": 84643000,
        "ebitdaratio": 0.1489509222,
        "operatingIncome": 84643000,
        "operatingIncomeRatio": 0.1489509222,
        "totalOtherIncomeExpensesNet": -3923000,
        "incomeBeforeTax": 80720000,
        "incomeBeforeTaxRatio": 0.1420474043,
        "incomeTaxExpense": 29947000,
        "netIncome": 50773000,
        "netIncomeRatio": 0.0893480285,
        "eps": 0.92,
        "epsdiluted": 0.89,
        "weightedAverageShsOut": 55430000,
        "weightedAverageShsOutDil": 56813000,
        "link": "https://www.sec.gov/Archives/edgar/data/78239/000007823906000094/0000078239-06-000094-index.htm",
        "finalLink": "https://www.sec.gov/Archives/edgar/data/78239/000007823906000094/tenq3rdqtr2006.htm"
    },
    {
        "date": "2006-07-30",
        "symbol": "PVH",
        "reportedCurrency": "USD",
        "cik": "0000078239",
        "fillingDate": "2006-09-08",
        "acceptedDate": "2006-09-08 14:39:55",
        "calendarYear": "2006",
        "period": "Q2",
        "revenue": 458928000,
        "costOfRevenue": 231781000,
        "grossProfit": 227147000,
        "grossProfitRatio": 0.4949512778,
        "researchAndDevelopmentExpenses": 0,
        "generalAndAdministrativeExpenses": 0,
        "sellingAndMarketingExpenses": 0,
        "sellingGeneralAndAdministrativeExpenses": 177381000,
        "otherExpenses": -675000,
        "operatingExpenses": 176706000,
        "costAndExpenses": 408487000,
        "interestIncome": 0,
        "interestExpense": 0,
        "depreciationAndAmortization": 9055000,
        "ebitda": 58821000,
        "ebitdaratio": 0.128170432,
        "operatingIncome": 50441000,
        "operatingIncomeRatio": 0.109910487,
        "totalOtherIncomeExpensesNet": -4410000,
        "incomeBeforeTax": 46031000,
        "incomeBeforeTaxRatio": 0.1003011366,
        "incomeTaxExpense": 17078000,
        "netIncome": 28953000,
        "netIncomeRatio": 0.0630883276,
        "eps": 0.33,
        "epsdiluted": 0.33,
        "weightedAverageShsOut": 43347619,
        "weightedAverageShsOutDil": 52316092,
        "link": "https://www.sec.gov/Archives/edgar/data/78239/000007823906000075/0000078239-06-000075-index.htm",
        "finalLink": "https://www.sec.gov/Archives/edgar/data/78239/000007823906000075/tenq2ndqtr2006.htm"
    },
    {
        "date": "2006-04-30",
        "symbol": "PVH",
        "reportedCurrency": "USD",
        "cik": "0000078239",
        "fillingDate": "2006-06-08",
        "acceptedDate": "2006-06-08 15:08:21",
        "calendarYear": "2006",
        "period": "Q1",
        "revenue": 506438000,
        "costOfRevenue": 263714000,
        "grossProfit": 242724000,
        "grossProfitRatio": 0.4792768315,
        "researchAndDevelopmentExpenses": 0,
        "generalAndAdministrativeExpenses": 0,
        "sellingAndMarketingExpenses": 0,
        "sellingGeneralAndAdministrativeExpenses": 191029000,
        "otherExpenses": 0,
        "operatingExpenses": 191029000,
        "costAndExpenses": 454743000,
        "interestIncome": 0,
        "interestExpense": 0,
        "depreciationAndAmortization": 9292000,
        "ebitda": 51695000,
        "ebitdaratio": 0.1020756736,
        "operatingIncome": 51695000,
        "operatingIncomeRatio": 0.1020756736,
        "totalOtherIncomeExpensesNet": 25800000,
        "incomeBeforeTax": 77495000,
        "incomeBeforeTaxRatio": 0.1530197181,
        "incomeTaxExpense": 28750000,
        "netIncome": 48745000,
        "netIncomeRatio": 0.0962506763,
        "eps": 1.05,
        "epsdiluted": 0.87,
        "weightedAverageShsOut": 43347619,
        "weightedAverageShsOutDil": 52316092,
        "link": "https://www.sec.gov/Archives/edgar/data/78239/000007823906000044/0000078239-06-000044-index.htm",
        "finalLink": "https://www.sec.gov/Archives/edgar/data/78239/000007823906000044/tenq1stqtr2006.htm"
    },
    {
        "date": "2006-01-31",
        "symbol": "PVH",
        "reportedCurrency": "USD",
        "cik": "0000078239",
        "fillingDate": "2006-04-14",
        "acceptedDate": "2006-04-14 16:19:25",
        "calendarYear": "2005",
        "period": "Q4",
        "revenue": 460089000,
        "costOfRevenue": 237830000,
        "grossProfit": 222259000,
        "grossProfitRatio": 0.483078274,
        "researchAndDevelopmentExpenses": 0,
        "generalAndAdministrativeExpenses": 0,
        "sellingAndMarketingExpenses": 0,
        "sellingGeneralAndAdministrativeExpenses": 179772000,
        "otherExpenses": 0,
        "operatingExpenses": 179772000,
        "costAndExpenses": 417602000,
        "interestIncome": 0,
        "interestExpense": 0,
        "depreciationAndAmortization": 9487000,
        "ebitda": 51974000,
        "ebitdaratio": 0.1129651002,
        "operatingIncome": 42487000,
        "operatingIncomeRatio": 0.0923451767,
        "totalOtherIncomeExpensesNet": -6022000,
        "incomeBeforeTax": 36465000,
        "incomeBeforeTaxRatio": 0.0792564047,
        "incomeTaxExpense": 13546000,
        "netIncome": 22919000,
        "netIncomeRatio": 0.0498142751,
        "eps": 0.41,
        "epsdiluted": 0.41,
        "weightedAverageShsOut": 55800000,
        "weightedAverageShsOutDil": 55800000,
        "link": "https://www.sec.gov/Archives/edgar/data/78239/000104746906005175/0001047469-06-005175-index.htm",
        "finalLink": "https://www.sec.gov/Archives/edgar/data/78239/000104746906005175/a2169334z10-k.htm"
    },
    {
        "date": "2005-10-30",
        "symbol": "PVH",
        "reportedCurrency": "USD",
        "cik": "0000078239",
        "fillingDate": "2005-12-09",
        "acceptedDate": "2005-12-08 18:44:24",
        "calendarYear": "2005",
        "period": "Q3",
        "revenue": 533181000,
        "costOfRevenue": 283935000,
        "grossProfit": 249246000,
        "grossProfitRatio": 0.4674697711,
        "researchAndDevelopmentExpenses": 0,
        "generalAndAdministrativeExpenses": 0,
        "sellingAndMarketingExpenses": 0,
        "sellingGeneralAndAdministrativeExpenses": 177638000,
        "otherExpenses": 0,
        "operatingExpenses": 177638000,
        "costAndExpenses": 461573000,
        "interestIncome": 0,
        "interestExpense": 0,
        "depreciationAndAmortization": 8833000,
        "ebitda": 71608000,
        "ebitdaratio": 0.1343033604,
        "operatingIncome": 71608000,
        "operatingIncomeRatio": 0.1343033604,
        "totalOtherIncomeExpensesNet": -7249000,
        "incomeBeforeTax": 64359000,
        "incomeBeforeTaxRatio": 0.1207076021,
        "incomeTaxExpense": 24070000,
        "netIncome": 40289000,
        "netIncomeRatio": 0.0755634578,
        "eps": 0.88,
        "epsdiluted": 0.73,
        "weightedAverageShsOut": 42063000,
        "weightedAverageShsOutDil": 55406000,
        "link": "https://www.sec.gov/Archives/edgar/data/78239/000007823905000037/0000078239-05-000037-index.htm",
        "finalLink": "https://www.sec.gov/Archives/edgar/data/78239/000007823905000037/tenq3rdqtr2005.htm"
    },
    {
        "date": "2005-07-31",
        "symbol": "PVH",
        "reportedCurrency": "USD",
        "cik": "0000078239",
        "fillingDate": "2005-09-08",
        "acceptedDate": "2005-09-08 13:02:14",
        "calendarYear": "2005",
        "period": "Q2",
        "revenue": 443469000,
        "costOfRevenue": 233313000,
        "grossProfit": 210156000,
        "grossProfitRatio": 0.4738910724,
        "researchAndDevelopmentExpenses": 0,
        "generalAndAdministrativeExpenses": 0,
        "sellingAndMarketingExpenses": 0,
        "sellingGeneralAndAdministrativeExpenses": 165034000,
        "otherExpenses": 0,
        "operatingExpenses": 165034000,
        "costAndExpenses": 398347000,
        "interestIncome": 1264000,
        "interestExpense": 8592000,
        "depreciationAndAmortization": 8569000,
        "ebitda": 45122000,
        "ebitdaratio": 0.101747811,
        "operatingIncome": 45122000,
        "operatingIncomeRatio": 0.101747811,
        "totalOtherIncomeExpensesNet": -7328000,
        "incomeBeforeTax": 37794000,
        "incomeBeforeTaxRatio": 0.0852235444,
        "incomeTaxExpense": 14294000,
        "netIncome": 23500000,
        "netIncomeRatio": 0.0529913027,
        "eps": 0.17,
        "epsdiluted": 0.16,
        "weightedAverageShsOut": 32831667,
        "weightedAverageShsOutDil": 42823913,
        "link": "https://www.sec.gov/Archives/edgar/data/78239/000007823905000030/0000078239-05-000030-index.htm",
        "finalLink": "https://www.sec.gov/Archives/edgar/data/78239/000007823905000030/tenq2ndqtr2005.htm"
    },
    {
        "date": "2005-05-01",
        "symbol": "PVH",
        "reportedCurrency": "USD",
        "cik": "0000078239",
        "fillingDate": "2005-06-09",
        "acceptedDate": "2005-06-09 14:09:18",
        "calendarYear": "2005",
        "period": "Q1",
        "revenue": 472109000,
        "costOfRevenue": 262715000,
        "grossProfit": 209394000,
        "grossProfitRatio": 0.4435289308,
        "researchAndDevelopmentExpenses": 0,
        "generalAndAdministrativeExpenses": 0,
        "sellingAndMarketingExpenses": 0,
        "sellingGeneralAndAdministrativeExpenses": 161765000,
        "otherExpenses": 0,
        "operatingExpenses": 161765000,
        "costAndExpenses": 424480000,
        "interestIncome": 0,
        "interestExpense": 0,
        "depreciationAndAmortization": 8592000,
        "ebitda": 47629000,
        "ebitdaratio": 0.1008856006,
        "operatingIncome": 47629000,
        "operatingIncomeRatio": 0.1008856006,
        "totalOtherIncomeExpensesNet": -7978000,
        "incomeBeforeTax": 39651000,
        "incomeBeforeTaxRatio": 0.0839869606,
        "incomeTaxExpense": 14671000,
        "netIncome": 24980000,
        "netIncomeRatio": 0.0529115098,
        "eps": 0.6,
        "epsdiluted": 0.46,
        "weightedAverageShsOut": 32831667,
        "weightedAverageShsOutDil": 42823913,
        "link": "https://www.sec.gov/Archives/edgar/data/78239/000007823905000015/0000078239-05-000015-index.htm",
        "finalLink": "https://www.sec.gov/Archives/edgar/data/78239/000007823905000015/tenq1stqtr2005edg.htm"
    },
    {
        "date": "2005-01-31",
        "symbol": "PVH",
        "reportedCurrency": "USD",
        "cik": "0000078239",
        "fillingDate": "2005-04-14",
        "acceptedDate": "2005-04-14 15:34:43",
        "calendarYear": "2004",
        "period": "Q4",
        "revenue": 413810000,
        "costOfRevenue": 216020000,
        "grossProfit": 197790000,
        "grossProfitRatio": 0.4779729828,
        "researchAndDevelopmentExpenses": 0,
        "generalAndAdministrativeExpenses": 0,
        "sellingAndMarketingExpenses": 0,
        "sellingGeneralAndAdministrativeExpenses": 166972000,
        "otherExpenses": 0,
        "operatingExpenses": 166972000,
        "costAndExpenses": 382992000,
        "interestIncome": 0,
        "interestExpense": 0,
        "depreciationAndAmortization": 11377000,
        "ebitda": 42195000,
        "ebitdaratio": 0.1019670863,
        "operatingIncome": 30818000,
        "operatingIncomeRatio": 0.0744737923,
        "totalOtherIncomeExpensesNet": -7371000,
        "incomeBeforeTax": 23447000,
        "incomeBeforeTaxRatio": 0.0566612697,
        "incomeTaxExpense": 6156000,
        "netIncome": 17291000,
        "netIncomeRatio": 0.0417848771,
        "eps": 0.33,
        "epsdiluted": 0.33,
        "weightedAverageShsOut": 31244167,
        "weightedAverageShsOutDil": 52900000,
        "link": "https://www.sec.gov/Archives/edgar/data/78239/000007823905000009/0000078239-05-000009-index.htm",
        "finalLink": "https://www.sec.gov/Archives/edgar/data/78239/000007823905000009/tenk1302005edgar.htm"
    },
    {
        "date": "2004-10-31",
        "symbol": "PVH",
        "reportedCurrency": "USD",
        "cik": "0000078239",
        "fillingDate": "2004-12-10",
        "acceptedDate": "2004-12-10 09:21:01",
        "calendarYear": "2004",
        "period": "Q3",
        "revenue": 473456000,
        "costOfRevenue": 263544000,
        "grossProfit": 209912000,
        "grossProfitRatio": 0.4433611571,
        "researchAndDevelopmentExpenses": 0,
        "generalAndAdministrativeExpenses": 0,
        "sellingAndMarketingExpenses": 0,
        "sellingGeneralAndAdministrativeExpenses": 160408000,
        "otherExpenses": 0,
        "operatingExpenses": 160408000,
        "costAndExpenses": 423952000,
        "interestIncome": 0,
        "interestExpense": 0,
        "depreciationAndAmortization": 6539000,
        "ebitda": 49504000,
        "ebitdaratio": 0.1045588186,
        "operatingIncome": 49504000,
        "operatingIncomeRatio": 0.1045588186,
        "totalOtherIncomeExpensesNet": -8365000,
        "incomeBeforeTax": 41139000,
        "incomeBeforeTaxRatio": 0.0868908621,
        "incomeTaxExpense": 14398000,
        "netIncome": 26741000,
        "netIncomeRatio": 0.0564804332,
        "eps": 0.69,
        "epsdiluted": 0.52,
        "weightedAverageShsOut": 31102899,
        "weightedAverageShsOutDil": 31102899,
        "link": "https://www.sec.gov/Archives/edgar/data/78239/000007823904000043/0000078239-04-000043-index.htm",
        "finalLink": "https://www.sec.gov/Archives/edgar/data/78239/000007823904000043/tenq3rdqtr2004.htm"
    },
    {
        "date": "2004-08-01",
        "symbol": "PVH",
        "reportedCurrency": "USD",
        "cik": "0000078239",
        "fillingDate": "2004-09-09",
        "acceptedDate": "2004-09-09 13:48:43",
        "calendarYear": "2004",
        "period": "Q2",
        "revenue": 375924000,
        "costOfRevenue": 202921000,
        "grossProfit": 173003000,
        "grossProfitRatio": 0.4602073823,
        "researchAndDevelopmentExpenses": 0,
        "generalAndAdministrativeExpenses": 0,
        "sellingAndMarketingExpenses": 0,
        "sellingGeneralAndAdministrativeExpenses": 144483000,
        "otherExpenses": 0,
        "operatingExpenses": 144483000,
        "costAndExpenses": 347404000,
        "interestIncome": 0,
        "interestExpense": 0,
        "depreciationAndAmortization": 7050000,
        "ebitda": 28520000,
        "ebitdaratio": 0.0758663985,
        "operatingIncome": 28520000,
        "operatingIncomeRatio": 0.0758663985,
        "totalOtherIncomeExpensesNet": -8535000,
        "incomeBeforeTax": 19985000,
        "incomeBeforeTaxRatio": 0.0531623413,
        "incomeTaxExpense": 6995000,
        "netIncome": 12990000,
        "netIncomeRatio": 0.0345548568,
        "eps": 0.25,
        "epsdiluted": 0.24,
        "weightedAverageShsOut": 30840000,
        "weightedAverageShsOutDil": 32125000,
        "link": "https://www.sec.gov/Archives/edgar/data/78239/000007823904000037/0000078239-04-000037-index.htm",
        "finalLink": "https://www.sec.gov/Archives/edgar/data/78239/000007823904000037/tenq2ndqtr2004.htm"
    },
    {
        "date": "2004-05-02",
        "symbol": "PVH",
        "reportedCurrency": "USD",
        "cik": "0000078239",
        "fillingDate": "2004-06-10",
        "acceptedDate": "2004-06-10 09:26:43",
        "calendarYear": "2004",
        "period": "Q1",
        "revenue": 381283000,
        "costOfRevenue": 207951000,
        "grossProfit": 173332000,
        "grossProfitRatio": 0.4546019623,
        "researchAndDevelopmentExpenses": 0,
        "generalAndAdministrativeExpenses": 0,
        "sellingAndMarketingExpenses": 0,
        "sellingGeneralAndAdministrativeExpenses": 153038000,
        "otherExpenses": 0,
        "operatingExpenses": 153038000,
        "costAndExpenses": 360989000,
        "interestIncome": 0,
        "interestExpense": 0,
        "depreciationAndAmortization": 7056000,
        "ebitda": 20294000,
        "ebitdaratio": 0.0532255569,
        "operatingIncome": 20294000,
        "operatingIncomeRatio": 0.0532255569,
        "totalOtherIncomeExpensesNet": -17843000,
        "incomeBeforeTax": 2451000,
        "incomeBeforeTaxRatio": 0.006428296,
        "incomeTaxExpense": 858000,
        "netIncome": 1593000,
        "netIncomeRatio": 0.004177999,
        "eps": -0.12,
        "epsdiluted": -0.12,
        "weightedAverageShsOut": 30773425,
        "weightedAverageShsOutDil": 30773425,
        "link": "https://www.sec.gov/Archives/edgar/data/78239/000007823904000026/0000078239-04-000026-index.htm",
        "finalLink": "https://www.sec.gov/Archives/edgar/data/78239/000007823904000026/tenq1stqt2004.htm"
    },
    {
        "date": "2004-01-31",
        "symbol": "PVH",
        "reportedCurrency": "USD",
        "cik": "0000078239",
        "fillingDate": "2004-04-15",
        "acceptedDate": "2004-04-15 15:54:45",
        "calendarYear": "2003",
        "period": "Q4",
        "revenue": 374606000,
        "costOfRevenue": 205847000,
        "grossProfit": 168759000,
        "grossProfitRatio": 0.4504973225,
        "researchAndDevelopmentExpenses": 0,
        "generalAndAdministrativeExpenses": 0,
        "sellingAndMarketingExpenses": 0,
        "sellingGeneralAndAdministrativeExpenses": 174001000,
        "otherExpenses": 3496000,
        "operatingExpenses": 177497000,
        "costAndExpenses": 383344000,
        "interestIncome": 0,
        "interestExpense": 0,
        "depreciationAndAmortization": 8027000,
        "ebitda": -711000,
        "ebitdaratio": -0.0018979942,
        "operatingIncome": -8738000,
        "operatingIncomeRatio": -0.023325841,
        "totalOtherIncomeExpensesNet": -5466000,
        "incomeBeforeTax": -14204000,
        "incomeBeforeTaxRatio": -0.0379171716,
        "incomeTaxExpense": -5052000,
        "netIncome": -9152000,
        "netIncomeRatio": -0.0244310022,
        "eps": -0.3,
        "epsdiluted": -0.3,
        "weightedAverageShsOut": 30600000,
        "weightedAverageShsOutDil": 30600000,
        "link": "https://www.sec.gov/Archives/edgar/data/78239/000007823904000021/0000078239-04-000021-index.htm",
        "finalLink": "https://www.sec.gov/Archives/edgar/data/78239/000007823904000021/tenk2104.htm"
    },
    {
        "date": "2003-11-02",
        "symbol": "PVH",
        "reportedCurrency": "USD",
        "cik": "0000078239",
        "fillingDate": "2003-12-17",
        "acceptedDate": "2003-12-17 08:13:02",
        "calendarYear": "2003",
        "period": "Q3",
        "revenue": 453291000,
        "costOfRevenue": 275272000,
        "grossProfit": 178019000,
        "grossProfitRatio": 0.3927256442,
        "researchAndDevelopmentExpenses": 0,
        "generalAndAdministrativeExpenses": 0,
        "sellingAndMarketingExpenses": 0,
        "sellingGeneralAndAdministrativeExpenses": 142349000,
        "otherExpenses": 0,
        "operatingExpenses": 142349000,
        "costAndExpenses": 417621000,
        "interestIncome": 168000,
        "interestExpense": 9352000,
        "depreciationAndAmortization": 6872000,
        "ebitda": 35670000,
        "ebitdaratio": 0.0786911719,
        "operatingIncome": 35670000,
        "operatingIncomeRatio": 0.0786911719,
        "totalOtherIncomeExpensesNet": -9184000,
        "incomeBeforeTax": 26486000,
        "incomeBeforeTaxRatio": 0.0584304564,
        "incomeTaxExpense": 9452000,
        "netIncome": 17034000,
        "netIncomeRatio": 0.0375785092,
        "eps": 0.39,
        "epsdiluted": 0.34,
        "weightedAverageShsOut": 30398000,
        "weightedAverageShsOutDil": 49726000,
        "link": "https://www.sec.gov/Archives/edgar/data/78239/000007823903000055/0000078239-03-000055-index.htm",
        "finalLink": "https://www.sec.gov/Archives/edgar/data/78239/000007823903000055/tenq3rdqtr2003.htm"
    },
    {
        "date": "2003-08-03",
        "symbol": "PVH",
        "reportedCurrency": "USD",
        "cik": "0000078239",
        "fillingDate": "2003-09-17",
        "acceptedDate": "2003-09-17 10:10:07",
        "calendarYear": "2003",
        "period": "Q2",
        "revenue": 377085000,
        "costOfRevenue": 221296000,
        "grossProfit": 155789000,
        "grossProfitRatio": 0.4131402734,
        "researchAndDevelopmentExpenses": 0,
        "generalAndAdministrativeExpenses": 0,
        "sellingAndMarketingExpenses": 0,
        "sellingGeneralAndAdministrativeExpenses": 135737000,
        "otherExpenses": 0,
        "operatingExpenses": 135737000,
        "costAndExpenses": 357033000,
        "interestIncome": 403000,
        "interestExpense": 10065000,
        "depreciationAndAmortization": 6895000,
        "ebitda": 20052000,
        "ebitdaratio": 0.0531763396,
        "operatingIncome": 20052000,
        "operatingIncomeRatio": 0.0531763396,
        "totalOtherIncomeExpensesNet": -6166000,
        "incomeBeforeTax": 10065000,
        "incomeBeforeTaxRatio": 0.0266915947,
        "incomeTaxExpense": 4909000,
        "netIncome": 8977000,
        "netIncomeRatio": 0.0238063036,
        "eps": 0.13,
        "epsdiluted": 0.13,
        "weightedAverageShsOut": 30007692,
        "weightedAverageShsOutDil": 30007692,
        "link": "https://www.sec.gov/Archives/edgar/data/78239/000007823903000035/0000078239-03-000035-index.htm",
        "finalLink": "https://www.sec.gov/Archives/edgar/data/78239/000007823903000035/tenq2ndqtr2003.htm"
    },
    {
        "date": "2003-05-04",
        "symbol": "PVH",
        "reportedCurrency": "USD",
        "cik": "0000078239",
        "fillingDate": "2003-06-18",
        "acceptedDate": "2003-06-18 10:39:50",
        "calendarYear": "2003",
        "period": "Q1",
        "revenue": 377029000,
        "costOfRevenue": 222062000,
        "grossProfit": 154967000,
        "grossProfitRatio": 0.4110214334,
        "researchAndDevelopmentExpenses": 0,
        "generalAndAdministrativeExpenses": 0,
        "sellingAndMarketingExpenses": 0,
        "sellingGeneralAndAdministrativeExpenses": 149665000,
        "otherExpenses": 0,
        "operatingExpenses": 149665000,
        "costAndExpenses": 371727000,
        "interestIncome": 0,
        "interestExpense": 0,
        "depreciationAndAmortization": 6776000,
        "ebitda": 5302000,
        "ebitdaratio": 0.0140625787,
        "operatingIncome": 5302000,
        "operatingIncomeRatio": 0.0140625787,
        "totalOtherIncomeExpensesNet": -8564000,
        "incomeBeforeTax": -3262000,
        "incomeBeforeTaxRatio": -0.0086518544,
        "incomeTaxExpense": -1109000,
        "netIncome": -2153000,
        "netIncomeRatio": -0.0057104361,
        "eps": -0.071,
        "epsdiluted": -0.071,
        "weightedAverageShsOut": 30324716,
        "weightedAverageShsOutDil": 30324716,
        "link": "https://www.sec.gov/Archives/edgar/data/78239/000007823903000015/0000078239-03-000015-index.htm",
        "finalLink": "https://www.sec.gov/Archives/edgar/data/78239/000007823903000015/tenq1stqt2003.htm"
    },
    {
        "date": "2003-01-31",
        "symbol": "PVH",
        "reportedCurrency": "USD",
        "cik": "0000078239",
        "fillingDate": "2003-04-21",
        "acceptedDate": "2003-04-21 17:25:45",
        "calendarYear": "2002",
        "period": "Q4",
        "revenue": 315257000,
        "costOfRevenue": 183067000,
        "grossProfit": 132190000,
        "grossProfitRatio": 0.419308691,
        "researchAndDevelopmentExpenses": 0,
        "generalAndAdministrativeExpenses": 0,
        "sellingAndMarketingExpenses": 0,
        "sellingGeneralAndAdministrativeExpenses": 117524000,
        "otherExpenses": 0,
        "operatingExpenses": 117524000,
        "costAndExpenses": 300591000,
        "interestIncome": 0,
        "interestExpense": 0,
        "depreciationAndAmortization": 7012000,
        "ebitda": 21678000,
        "ebitdaratio": 0.0687629458,
        "operatingIncome": 14666000,
        "operatingIncomeRatio": 0.0465207751,
        "totalOtherIncomeExpensesNet": -5800000,
        "incomeBeforeTax": 8866000,
        "incomeBeforeTaxRatio": 0.0281230869,
        "incomeTaxExpense": 3140000,
        "netIncome": 5726000,
        "netIncomeRatio": 0.0181629591,
        "eps": 0.2,
        "epsdiluted": 0.2,
        "weightedAverageShsOut": 27412057,
        "weightedAverageShsOutDil": 28100000,
        "link": "https://www.sec.gov/Archives/edgar/data/78239/000095013603000893/0000950136-03-000893-index.htm",
        "finalLink": "https://www.sec.gov/Archives/edgar/data/78239/000095013603000893/file001.txt"
    },
    {
        "date": "2002-11-03",
        "symbol": "PVH",
        "reportedCurrency": "USD",
        "cik": "0000078239",
        "fillingDate": "2002-12-13",
        "acceptedDate": "2002-12-13 11:15:33",
        "calendarYear": "2002",
        "period": "Q3",
        "revenue": 409103000,
        "costOfRevenue": 258603000,
        "grossProfit": 150500000,
        "grossProfitRatio": 0.367878016,
        "researchAndDevelopmentExpenses": 0,
        "generalAndAdministrativeExpenses": 0,
        "sellingAndMarketingExpenses": 0,
        "sellingGeneralAndAdministrativeExpenses": 118332000,
        "otherExpenses": 0,
        "operatingExpenses": 118332000,
        "costAndExpenses": 376935000,
        "interestIncome": 0,
        "interestExpense": 0,
        "depreciationAndAmortization": 6160000,
        "ebitda": 32168000,
        "ebitdaratio": 0.0786305649,
        "operatingIncome": 32168000,
        "operatingIncomeRatio": 0.0786305649,
        "totalOtherIncomeExpensesNet": -5700000,
        "incomeBeforeTax": 26468000,
        "incomeBeforeTaxRatio": 0.0646976434,
        "incomeTaxExpense": 8779000,
        "netIncome": 17689000,
        "netIncomeRatio": 0.0432384998,
        "eps": 0.64,
        "epsdiluted": 0.63,
        "weightedAverageShsOut": 27811910,
        "weightedAverageShsOutDil": 28088374,
        "link": "https://www.sec.gov/Archives/edgar/data/78239/000007823902000023/0000078239-02-000023-index.htm",
        "finalLink": "https://www.sec.gov/Archives/edgar/data/78239/000007823902000023/tenq3rdqtr2002.htm"
    },
    {
        "date": "2002-08-04",
        "symbol": "PVH",
        "reportedCurrency": "USD",
        "cik": "0000078239",
        "fillingDate": "2002-09-17",
        "acceptedDate": "2002-09-17 14:50:41",
        "calendarYear": "2002",
        "period": "Q2",
        "revenue": 331192000,
        "costOfRevenue": 201532000,
        "grossProfit": 129660000,
        "grossProfitRatio": 0.3914949636,
        "researchAndDevelopmentExpenses": 0,
        "generalAndAdministrativeExpenses": 0,
        "sellingAndMarketingExpenses": 0,
        "sellingGeneralAndAdministrativeExpenses": 111885000,
        "otherExpenses": 0,
        "operatingExpenses": 111885000,
        "costAndExpenses": 313417000,
        "interestIncome": 0,
        "interestExpense": 0,
        "depreciationAndAmortization": 6298000,
        "ebitda": 24073000,
        "ebitdaratio": 0.0726859344,
        "operatingIncome": 17775000,
        "operatingIncomeRatio": 0.0536697746,
        "totalOtherIncomeExpensesNet": -5505000,
        "incomeBeforeTax": 12270000,
        "incomeBeforeTaxRatio": 0.0370479963,
        "incomeTaxExpense": 4417000,
        "netIncome": 7853000,
        "netIncomeRatio": 0.0237113215,
        "eps": 0.28,
        "epsdiluted": 0.28,
        "weightedAverageShsOut": 28046429,
        "weightedAverageShsOutDil": 28046429,
        "link": "https://www.sec.gov/Archives/edgar/data/78239/000007823902000020/0000078239-02-000020-index.htm",
        "finalLink": "https://www.sec.gov/Archives/edgar/data/78239/000007823902000020/tenq2ndqtr02.htm"
    },
    {
        "date": "2002-05-05",
        "symbol": "PVH",
        "reportedCurrency": "USD",
        "cik": "0000078239",
        "fillingDate": "2002-06-17",
        "acceptedDate": "2002-06-17 14:26:42",
        "calendarYear": "2002",
        "period": "Q1",
        "revenue": 349421000,
        "costOfRevenue": 230541000,
        "grossProfit": 118880000,
        "grossProfitRatio": 0.3402199639,
        "researchAndDevelopmentExpenses": 0,
        "generalAndAdministrativeExpenses": 0,
        "sellingAndMarketingExpenses": 0,
        "sellingGeneralAndAdministrativeExpenses": 114454000,
        "otherExpenses": 0,
        "operatingExpenses": 114454000,
        "costAndExpenses": 344995000,
        "interestIncome": 0,
        "interestExpense": 0,
        "depreciationAndAmortization": 6208000,
        "ebitda": 10634000,
        "ebitdaratio": 0.0304332024,
        "operatingIncome": 4426000,
        "operatingIncomeRatio": 0.0126666686,
        "totalOtherIncomeExpensesNet": -5724000,
        "incomeBeforeTax": -1298000,
        "incomeBeforeTaxRatio": -0.0037147166,
        "incomeTaxExpense": -467000,
        "netIncome": -831000,
        "netIncomeRatio": -0.00237822,
        "eps": -0.03,
        "epsdiluted": -0.03,
        "weightedAverageShsOut": 27700000,
        "weightedAverageShsOutDil": 27700000,
        "link": "https://www.sec.gov/Archives/edgar/data/78239/000007823902000008/0000078239-02-000008-index.htm",
        "finalLink": "https://www.sec.gov/Archives/edgar/data/78239/000007823902000008/tenq102.htm"
    },
    {
        "date": "2002-01-31",
        "symbol": "PVH",
        "reportedCurrency": "USD",
        "cik": "0000078239",
        "fillingDate": "2002-04-26",
        "acceptedDate": "2002-04-26 00:00:00",
        "calendarYear": "2001",
        "period": "Q4",
        "revenue": 325589000,
        "costOfRevenue": 204605000,
        "grossProfit": 120984000,
        "grossProfitRatio": 0.3715850351,
        "researchAndDevelopmentExpenses": 0,
        "generalAndAdministrativeExpenses": 0,
        "sellingAndMarketingExpenses": 0,
        "sellingGeneralAndAdministrativeExpenses": 130244000,
        "otherExpenses": 0,
        "operatingExpenses": 130244000,
        "costAndExpenses": 334849000,
        "interestIncome": 0,
        "interestExpense": 0,
        "depreciationAndAmortization": 6992000,
        "ebitda": -2268000,
        "ebitdaratio": -0.0069658373,
        "operatingIncome": -9260000,
        "operatingIncomeRatio": -0.0284407643,
        "totalOtherIncomeExpensesNet": -5530000,
        "incomeBeforeTax": -14790000,
        "incomeBeforeTaxRatio": -0.0454253676,
        "incomeTaxExpense": -5325000,
        "netIncome": -9465000,
        "netIncomeRatio": -0.0290703924,
        "eps": -0.35,
        "epsdiluted": -0.34,
        "weightedAverageShsOut": 26803739,
        "weightedAverageShsOutDil": 27600000,
        "link": "https://www.sec.gov/Archives/edgar/data/78239/000007823902000006/0000078239-02-000006-index.htm",
        "finalLink": "https://www.sec.gov/Archives/edgar/data/78239/000007823902000006/ten01k.htm"
    },
    {
        "date": "2001-11-04",
        "symbol": "PVH",
        "reportedCurrency": "USD",
        "cik": "0000078239",
        "fillingDate": "2001-12-18",
        "acceptedDate": "2001-12-18 00:00:00",
        "calendarYear": "2001",
        "period": "Q3",
        "revenue": 405002000,
        "costOfRevenue": 261248000,
        "grossProfit": 143754000,
        "grossProfitRatio": 0.3549463953,
        "researchAndDevelopmentExpenses": 0,
        "generalAndAdministrativeExpenses": 0,
        "sellingAndMarketingExpenses": 0,
        "sellingGeneralAndAdministrativeExpenses": 117770000,
        "otherExpenses": 0,
        "operatingExpenses": 117770000,
        "costAndExpenses": 379018000,
        "interestIncome": 0,
        "interestExpense": 0,
        "depreciationAndAmortization": 6948000,
        "ebitda": 32932000,
        "ebitdaratio": 0.0813131787,
        "operatingIncome": 25984000,
        "operatingIncomeRatio": 0.0641577079,
        "totalOtherIncomeExpensesNet": -6284000,
        "incomeBeforeTax": 19700000,
        "incomeBeforeTaxRatio": 0.0486417351,
        "incomeTaxExpense": 7093000,
        "netIncome": 12607000,
        "netIncomeRatio": 0.0311282413,
        "eps": 0.46,
        "epsdiluted": 0.45,
        "weightedAverageShsOut": 27644811,
        "weightedAverageShsOutDil": 27840399,
        "link": "https://www.sec.gov/Archives/edgar/data/78239/000007823901500021/0000078239-01-500021-index.htm",
        "finalLink": "https://www.sec.gov/Archives/edgar/data/78239/000007823901500021/tenq301.htm"
    },
    {
        "date": "2001-08-05",
        "symbol": "PVH",
        "reportedCurrency": "USD",
        "cik": "0000078239",
        "fillingDate": "2001-09-18",
        "acceptedDate": "2001-09-18 00:00:00",
        "calendarYear": "2001",
        "period": "Q2",
        "revenue": 334378000,
        "costOfRevenue": 214594000,
        "grossProfit": 119784000,
        "grossProfitRatio": 0.3582293093,
        "researchAndDevelopmentExpenses": 0,
        "generalAndAdministrativeExpenses": 0,
        "sellingAndMarketingExpenses": 0,
        "sellingGeneralAndAdministrativeExpenses": 102742000,
        "otherExpenses": 0,
        "operatingExpenses": 102742000,
        "costAndExpenses": 317336000,
        "interestIncome": 0,
        "interestExpense": 0,
        "depreciationAndAmortization": 5892000,
        "ebitda": 22934000,
        "ebitdaratio": 0.0685870482,
        "operatingIncome": 17042000,
        "operatingIncomeRatio": 0.0509662717,
        "totalOtherIncomeExpensesNet": -6145000,
        "incomeBeforeTax": 10897000,
        "incomeBeforeTaxRatio": 0.0325888665,
        "incomeTaxExpense": 3923000,
        "netIncome": 6974000,
        "netIncomeRatio": 0.0208566353,
        "eps": 0.25,
        "epsdiluted": 0.25,
        "weightedAverageShsOut": 27621000,
        "weightedAverageShsOutDil": 28351000,
        "link": "https://www.sec.gov/Archives/edgar/data/78239/000007823901500018/0000078239-01-500018-index.htm",
        "finalLink": "https://www.sec.gov/Archives/edgar/data/78239/000007823901500018/tenq2qt2001.htm"
    },
    {
        "date": "2001-05-06",
        "symbol": "PVH",
        "reportedCurrency": "USD",
        "cik": "0000078239",
        "fillingDate": "2001-06-15",
        "acceptedDate": "2001-06-15 00:00:00",
        "calendarYear": "2001",
        "period": "Q1",
        "revenue": 366923000,
        "costOfRevenue": 245215000,
        "grossProfit": 121708000,
        "grossProfitRatio": 0.3316990213,
        "researchAndDevelopmentExpenses": 0,
        "generalAndAdministrativeExpenses": 0,
        "sellingAndMarketingExpenses": 0,
        "sellingGeneralAndAdministrativeExpenses": 114335000,
        "otherExpenses": 0,
        "operatingExpenses": 114335000,
        "costAndExpenses": 359550000,
        "interestIncome": 0,
        "interestExpense": 0,
        "depreciationAndAmortization": 5902000,
        "ebitda": 5902000,
        "ebitdaratio": 0.0160851187,
        "operatingIncome": 7373000,
        "operatingIncomeRatio": 0.0200941342,
        "totalOtherIncomeExpensesNet": -6492000,
        "incomeBeforeTax": 881000,
        "incomeBeforeTaxRatio": 0.0024010487,
        "incomeTaxExpense": 317000,
        "netIncome": 564000,
        "netIncomeRatio": 0.0015371072,
        "eps": 0.02,
        "epsdiluted": 0.02,
        "weightedAverageShsOut": 28200000,
        "weightedAverageShsOutDil": 28200000,
        "link": "https://www.sec.gov/Archives/edgar/data/78239/000007823901500010/0000078239-01-500010-index.htm",
        "finalLink": "https://www.sec.gov/Archives/edgar/data/78239/000007823901500010/tenq12001.htm"
    },
    {
        "date": "2001-01-31",
        "symbol": "PVH",
        "reportedCurrency": "USD",
        "cik": "0000078239",
        "fillingDate": "2001-04-26",
        "acceptedDate": "2001-04-26 00:00:00",
        "calendarYear": "2000",
        "period": "Q4",
        "revenue": 374032000,
        "costOfRevenue": 235273000,
        "grossProfit": 138759000,
        "grossProfitRatio": 0.3709816272,
        "researchAndDevelopmentExpenses": 0,
        "generalAndAdministrativeExpenses": 0,
        "sellingAndMarketingExpenses": 0,
        "sellingGeneralAndAdministrativeExpenses": 117608000,
        "otherExpenses": 5463000,
        "operatingExpenses": 123071000,
        "costAndExpenses": 358344000,
        "interestIncome": 0,
        "interestExpense": 0,
        "depreciationAndAmortization": 5463000,
        "ebitda": 21151000,
        "ebitdaratio": 0.0565486375,
        "operatingIncome": 15688000,
        "operatingIncomeRatio": 0.0419429354,
        "totalOtherIncomeExpensesNet": -5439000,
        "incomeBeforeTax": 10249000,
        "incomeBeforeTaxRatio": 0.0274013988,
        "incomeTaxExpense": 3687000,
        "netIncome": 6562000,
        "netIncomeRatio": 0.0175439535,
        "eps": 0.24,
        "epsdiluted": 0.24,
        "weightedAverageShsOut": 27291539,
        "weightedAverageShsOutDil": 27700000,
        "link": "https://www.sec.gov/Archives/edgar/data/78239/000007823901500008/0000078239-01-500008-index.htm",
        "finalLink": "https://www.sec.gov/Archives/edgar/data/78239/000007823901500008/pvhtenk.htm"
    },
    {
        "date": "2000-10-29",
        "symbol": "PVH",
        "reportedCurrency": "USD",
        "cik": "0000078239",
        "fillingDate": "2000-12-13",
        "acceptedDate": "2000-12-13 00:00:00",
        "calendarYear": "2000",
        "period": "Q3",
        "revenue": 443374000,
        "costOfRevenue": 288644000,
        "grossProfit": 154730000,
        "grossProfitRatio": 0.3489830256,
        "researchAndDevelopmentExpenses": 0,
        "generalAndAdministrativeExpenses": 0,
        "sellingAndMarketingExpenses": 0,
        "sellingGeneralAndAdministrativeExpenses": 111854000,
        "otherExpenses": 4998000,
        "operatingExpenses": 116852000,
        "costAndExpenses": 405496000,
        "interestIncome": 0,
        "interestExpense": 0,
        "depreciationAndAmortization": 4998000,
        "ebitda": 42876000,
        "ebitdaratio": 0.0967039114,
        "operatingIncome": 37878000,
        "operatingIncomeRatio": 0.0854312612,
        "totalOtherIncomeExpensesNet": -6521000,
        "incomeBeforeTax": 31357000,
        "incomeBeforeTaxRatio": 0.0707235878,
        "incomeTaxExpense": 11917000,
        "netIncome": 19440000,
        "netIncomeRatio": 0.0438456021,
        "eps": 0.71,
        "epsdiluted": 0.71,
        "weightedAverageShsOut": 27293580,
        "weightedAverageShsOutDil": 27382504,
        "link": "https://www.sec.gov/Archives/edgar/data/78239/000007823900500010/0000078239-00-500010-index.htm",
        "finalLink": "https://www.sec.gov/Archives/edgar/data/78239/000007823900500010/tenq3rdqtr.htm"
    },
    {
        "date": "2000-07-30",
        "symbol": "PVH",
        "reportedCurrency": "USD",
        "cik": "0000078239",
        "fillingDate": "2000-09-11",
        "acceptedDate": "2000-09-11 00:00:00",
        "calendarYear": "2000",
        "period": "Q2",
        "revenue": 327832000,
        "costOfRevenue": 206938000,
        "grossProfit": 120894000,
        "grossProfitRatio": 0.3687681495,
        "researchAndDevelopmentExpenses": 0,
        "generalAndAdministrativeExpenses": 0,
        "sellingAndMarketingExpenses": 0,
        "sellingGeneralAndAdministrativeExpenses": 101175000,
        "otherExpenses": 4793000,
        "operatingExpenses": 105968000,
        "costAndExpenses": 312906000,
        "interestIncome": 0,
        "interestExpense": 0,
        "depreciationAndAmortization": 4793000,
        "ebitda": 19719000,
        "ebitdaratio": 0.0601497108,
        "operatingIncome": 14926000,
        "operatingIncomeRatio": 0.0455294175,
        "totalOtherIncomeExpensesNet": -5235000,
        "incomeBeforeTax": 9691000,
        "incomeBeforeTaxRatio": 0.0295608726,
        "incomeTaxExpense": 3682000,
        "netIncome": 6009000,
        "netIncomeRatio": 0.0183295102,
        "eps": 0.22,
        "epsdiluted": 0.22,
        "weightedAverageShsOut": 27313636,
        "weightedAverageShsOutDil": 27313636,
        "link": "https://www.sec.gov/Archives/edgar/data/78239/000007823900500005/0000078239-00-500005-index.htm",
        "finalLink": "https://www.sec.gov/Archives/edgar/data/78239/000007823900500005/tenq2nd.htm"
    },
    {
        "date": "2000-04-30",
        "symbol": "PVH",
        "reportedCurrency": "USD",
        "cik": "0000078239",
        "fillingDate": "2000-06-07",
        "acceptedDate": "2000-06-07 00:00:00",
        "calendarYear": "2000",
        "period": "Q1",
        "revenue": 310310000,
        "costOfRevenue": 199270000,
        "grossProfit": 111040000,
        "grossProfitRatio": 0.3578357127,
        "researchAndDevelopmentExpenses": 0,
        "generalAndAdministrativeExpenses": 0,
        "sellingAndMarketingExpenses": 0,
        "sellingGeneralAndAdministrativeExpenses": 104198000,
        "otherExpenses": 4797000,
        "operatingExpenses": 108995000,
        "costAndExpenses": 308265000,
        "interestIncome": 0,
        "interestExpense": 0,
        "depreciationAndAmortization": 4797000,
        "ebitda": 6842000,
        "ebitdaratio": 0.0220489188,
        "operatingIncome": 2045000,
        "operatingIncomeRatio": 0.006590184,
        "totalOtherIncomeExpensesNet": -5127000,
        "incomeBeforeTax": -3082000,
        "incomeBeforeTaxRatio": -0.0099320035,
        "incomeTaxExpense": -1171000,
        "netIncome": -1911000,
        "netIncomeRatio": -0.0061583578,
        "eps": -0.07,
        "epsdiluted": -0.07,
        "weightedAverageShsOut": 27300000,
        "weightedAverageShsOutDil": 27300000,
        "link": "https://www.sec.gov/Archives/edgar/data/78239/000007823900000006/0000078239-00-000006-index.htm",
        "finalLink": "https://www.sec.gov/Archives/edgar/data/78239/000007823900000006/0000078239-00-000006-0001.htm"
    },
    {
        "date": "2000-01-31",
        "symbol": "PVH",
        "reportedCurrency": "USD",
        "cik": "0000078239",
        "fillingDate": "2000-04-19",
        "acceptedDate": "2000-04-19 00:00:00",
        "calendarYear": "1999",
        "period": "Q4",
        "revenue": 296990000,
        "costOfRevenue": 182447000,
        "grossProfit": 114543000,
        "grossProfitRatio": 0.3856796525,
        "researchAndDevelopmentExpenses": 0,
        "generalAndAdministrativeExpenses": 0,
        "sellingAndMarketingExpenses": 0,
        "sellingGeneralAndAdministrativeExpenses": 98516000,
        "otherExpenses": 4917000,
        "operatingExpenses": 103433000,
        "costAndExpenses": 285880000,
        "interestIncome": 0,
        "interestExpense": 0,
        "depreciationAndAmortization": 4917000,
        "ebitda": 16027000,
        "ebitdaratio": 0.05396478,
        "operatingIncome": 11110000,
        "operatingIncomeRatio": 0.037408667,
        "totalOtherIncomeExpensesNet": -6830000,
        "incomeBeforeTax": 4280000,
        "incomeBeforeTaxRatio": 0.0144112596,
        "incomeTaxExpense": 1607000,
        "netIncome": 2673000,
        "netIncomeRatio": 0.009000303,
        "eps": 0.0956,
        "epsdiluted": 0.0956,
        "weightedAverageShsOut": 26934988,
        "weightedAverageShsOutDil": 27200000,
        "link": "https://www.sec.gov/Archives/edgar/data/78239/000007823900000004/0000078239-00-000004-index.html",
        "finalLink": "https://www.sec.gov/Archives/edgar/data/78239/000007823900000004/0000078239-00-000004-d1.html"
    },
    {
        "date": "1999-10-31",
        "symbol": "PVH",
        "reportedCurrency": "USD",
        "cik": "0000078239",
        "fillingDate": "1999-12-10",
        "acceptedDate": "1999-12-10 00:00:00",
        "calendarYear": "1999",
        "period": "Q3",
        "revenue": 368000000,
        "costOfRevenue": 234400000,
        "grossProfit": 133600000,
        "grossProfitRatio": 0.3630434783,
        "researchAndDevelopmentExpenses": 0,
        "generalAndAdministrativeExpenses": 0,
        "sellingAndMarketingExpenses": 0,
        "sellingGeneralAndAdministrativeExpenses": 98100000,
        "otherExpenses": 4800000,
        "operatingExpenses": 102900000,
        "costAndExpenses": 337300000,
        "interestIncome": 0,
        "interestExpense": 0,
        "depreciationAndAmortization": 4800000,
        "ebitda": 33500000,
        "ebitdaratio": 0.0910326087,
        "operatingIncome": 30700000,
        "operatingIncomeRatio": 0.083423913,
        "totalOtherIncomeExpensesNet": -5700000,
        "incomeBeforeTax": 23000000,
        "incomeBeforeTaxRatio": 0.0625,
        "incomeTaxExpense": 7700000,
        "netIncome": 15300000,
        "netIncomeRatio": 0.041576087,
        "eps": 0.56,
        "epsdiluted": 0.56,
        "weightedAverageShsOut": 27321429,
        "weightedAverageShsOutDil": 27321429,
        "link": "https://www.sec.gov/Archives/edgar/data/78239/000007823999000015/0000078239-99-000015-index.html",
        "finalLink": "https://www.sec.gov/Archives/edgar/data/78239/000007823999000015/"
    },
    {
        "date": "1999-08-01",
        "symbol": "PVH",
        "reportedCurrency": "USD",
        "cik": "0000078239",
        "fillingDate": "1999-08-26",
        "acceptedDate": "1999-08-26 00:00:00",
        "calendarYear": "1999",
        "period": "Q2",
        "revenue": 316800000,
        "costOfRevenue": 200100000,
        "grossProfit": 116700000,
        "grossProfitRatio": 0.3683712121,
        "researchAndDevelopmentExpenses": 0,
        "generalAndAdministrativeExpenses": 0,
        "sellingAndMarketingExpenses": 0,
        "sellingGeneralAndAdministrativeExpenses": 98200000,
        "otherExpenses": 4900000,
        "operatingExpenses": 103100000,
        "costAndExpenses": 303200000,
        "interestIncome": 0,
        "interestExpense": 0,
        "depreciationAndAmortization": 4900000,
        "ebitda": 18500000,
        "ebitdaratio": 0.0583964646,
        "operatingIncome": 13600000,
        "operatingIncomeRatio": 0.0429292929,
        "totalOtherIncomeExpensesNet": -8800000,
        "incomeBeforeTax": 4800000,
        "incomeBeforeTaxRatio": 0.0151515152,
        "incomeTaxExpense": 1200000,
        "netIncome": 3600000,
        "netIncomeRatio": 0.0113636364,
        "eps": 0.13,
        "epsdiluted": 0.13,
        "weightedAverageShsOut": 27692308,
        "weightedAverageShsOutDil": 27692308,
        "link": "https://www.sec.gov/Archives/edgar/data/78239/000007823999000010/0000078239-99-000010-index.html",
        "finalLink": "https://www.sec.gov/Archives/edgar/data/78239/000007823999000010/"
    },
    {
        "date": "1999-05-02",
        "symbol": "PVH",
        "reportedCurrency": "USD",
        "cik": "0000078239",
        "fillingDate": "1999-05-21",
        "acceptedDate": "1999-05-21 00:00:00",
        "calendarYear": "1999",
        "period": "Q1",
        "revenue": 289700000,
        "costOfRevenue": 184100000,
        "grossProfit": 105600000,
        "grossProfitRatio": 0.3645150155,
        "researchAndDevelopmentExpenses": 0,
        "generalAndAdministrativeExpenses": 0,
        "sellingAndMarketingExpenses": 0,
        "sellingGeneralAndAdministrativeExpenses": 99400000,
        "otherExpenses": 4800000,
        "operatingExpenses": 104200000,
        "costAndExpenses": 288300000,
        "interestIncome": 0,
        "interestExpense": 0,
        "depreciationAndAmortization": 4800000,
        "ebitda": 4774000,
        "ebitdaratio": 0.0164791163,
        "operatingIncome": 1400000,
        "operatingIncomeRatio": 0.0048325854,
        "totalOtherIncomeExpensesNet": -6143000,
        "incomeBeforeTax": -6100000,
        "incomeBeforeTaxRatio": -0.0210562651,
        "incomeTaxExpense": -1500000,
        "netIncome": -4600000,
        "netIncomeRatio": -0.015878495,
        "eps": -0.17,
        "epsdiluted": -0.17,
        "weightedAverageShsOut": 27289869,
        "weightedAverageShsOutDil": 27289869,
        "link": "https://www.sec.gov/Archives/edgar/data/78239/000007823999000006/0000078239-99-000006-index.html",
        "finalLink": "https://www.sec.gov/Archives/edgar/data/78239/"
    },
    {
        "date": "1999-01-31",
        "symbol": "PVH",
        "reportedCurrency": "USD",
        "cik": "0000078239",
        "fillingDate": "1999-04-28",
        "acceptedDate": "1999-04-28 00:00:00",
        "calendarYear": "1998",
        "period": "Q4",
        "revenue": 326600000,
        "costOfRevenue": 213100000,
        "grossProfit": 113500000,
        "grossProfitRatio": 0.347519902,
        "researchAndDevelopmentExpenses": 0,
        "generalAndAdministrativeExpenses": 0,
        "sellingAndMarketingExpenses": 0,
        "sellingGeneralAndAdministrativeExpenses": 98300000,
        "otherExpenses": 6200000,
        "operatingExpenses": 104500000,
        "costAndExpenses": 317600000,
        "interestIncome": 0,
        "interestExpense": 0,
        "depreciationAndAmortization": 6200000,
        "ebitda": 15200000,
        "ebitdaratio": 0.0465401102,
        "operatingIncome": 9000000,
        "operatingIncomeRatio": 0.0275566442,
        "totalOtherIncomeExpensesNet": -8800000,
        "incomeBeforeTax": 200000,
        "incomeBeforeTaxRatio": 0.0006123699,
        "incomeTaxExpense": -400000,
        "netIncome": 600000,
        "netIncomeRatio": 0.0018371096,
        "eps": 0.0221,
        "epsdiluted": 0.0221,
        "weightedAverageShsOut": 27200000,
        "weightedAverageShsOutDil": 27200000,
        "link": "https://www.sec.gov/Archives/edgar/data/78239/000007823999000004/0000078239-99-000004-index.html",
        "finalLink": "https://www.sec.gov/Archives/edgar/data/78239/"
    },
    {
        "date": "1998-11-01",
        "symbol": "PVH",
        "reportedCurrency": "USD",
        "cik": "0000078239",
        "fillingDate": "1998-12-14",
        "acceptedDate": "1998-12-14 00:00:00",
        "calendarYear": "1998",
        "period": "Q3",
        "revenue": 374400000,
        "costOfRevenue": 240600000,
        "grossProfit": 133800000,
        "grossProfitRatio": 0.3573717949,
        "researchAndDevelopmentExpenses": 0,
        "generalAndAdministrativeExpenses": 0,
        "sellingAndMarketingExpenses": 0,
        "sellingGeneralAndAdministrativeExpenses": 98800000,
        "otherExpenses": 5700000,
        "operatingExpenses": 104500000,
        "costAndExpenses": 345100000,
        "interestIncome": 0,
        "interestExpense": 0,
        "depreciationAndAmortization": 5700000,
        "ebitda": 35000000,
        "ebitdaratio": 0.093482906,
        "operatingIncome": 29300000,
        "operatingIncomeRatio": 0.078258547,
        "totalOtherIncomeExpensesNet": -9600000,
        "incomeBeforeTax": 19700000,
        "incomeBeforeTaxRatio": 0.0526175214,
        "incomeTaxExpense": 5700000,
        "netIncome": 14000000,
        "netIncomeRatio": 0.0373931624,
        "eps": 0.51,
        "epsdiluted": 0.51,
        "weightedAverageShsOut": 27450980,
        "weightedAverageShsOutDil": 27450980,
        "link": "https://www.sec.gov/Archives/edgar/data/78239/000007823998000013/0000078239-98-000013-index.html",
        "finalLink": "https://www.sec.gov/Archives/edgar/data/78239/"
    },
    {
        "date": "1998-08-02",
        "symbol": "PVH",
        "reportedCurrency": "USD",
        "cik": "0000078239",
        "fillingDate": "1998-09-15",
        "acceptedDate": "1998-09-15 00:00:00",
        "calendarYear": "1998",
        "period": "Q2",
        "revenue": 306400000,
        "costOfRevenue": 190600000,
        "grossProfit": 115800000,
        "grossProfitRatio": 0.3779373368,
        "researchAndDevelopmentExpenses": 0,
        "generalAndAdministrativeExpenses": 0,
        "sellingAndMarketingExpenses": 0,
        "sellingGeneralAndAdministrativeExpenses": 95800000,
        "otherExpenses": 6700000,
        "operatingExpenses": 102500000,
        "costAndExpenses": 293100000,
        "interestIncome": 0,
        "interestExpense": 0,
        "depreciationAndAmortization": 6700000,
        "ebitda": 20000000,
        "ebitdaratio": 0.0652741514,
        "operatingIncome": 13300000,
        "operatingIncomeRatio": 0.0434073107,
        "totalOtherIncomeExpensesNet": -8900000,
        "incomeBeforeTax": 4400000,
        "incomeBeforeTaxRatio": 0.0143603133,
        "incomeTaxExpense": 1700000,
        "netIncome": 2700000,
        "netIncomeRatio": 0.0088120104,
        "eps": 0.1,
        "epsdiluted": 0.1,
        "weightedAverageShsOut": 27000000,
        "weightedAverageShsOutDil": 27000000,
        "link": "https://www.sec.gov/Archives/edgar/data/78239/000007823998000009/0000078239-98-000009-index.html",
        "finalLink": "https://www.sec.gov/Archives/edgar/data/78239/"
    },
    {
        "date": "1998-05-03",
        "symbol": "PVH",
        "reportedCurrency": "USD",
        "cik": "0000078239",
        "fillingDate": "1998-06-16",
        "acceptedDate": "1998-06-16 00:00:00",
        "calendarYear": "1998",
        "period": "Q1",
        "revenue": 295800000,
        "costOfRevenue": 186500000,
        "grossProfit": 109300000,
        "grossProfitRatio": 0.3695064233,
        "researchAndDevelopmentExpenses": 0,
        "generalAndAdministrativeExpenses": 0,
        "sellingAndMarketingExpenses": 0,
        "sellingGeneralAndAdministrativeExpenses": 102000000,
        "otherExpenses": 6800000,
        "operatingExpenses": 108800000,
        "costAndExpenses": 295300000,
        "interestIncome": 0,
        "interestExpense": 0,
        "depreciationAndAmortization": 6800000,
        "ebitda": 7300000,
        "ebitdaratio": 0.0246788371,
        "operatingIncome": 500000,
        "operatingIncomeRatio": 0.0016903313,
        "totalOtherIncomeExpensesNet": -7400000,
        "incomeBeforeTax": -6900000,
        "incomeBeforeTaxRatio": -0.023326572,
        "incomeTaxExpense": -2400000,
        "netIncome": -5600000,
        "netIncomeRatio": -0.0189317106,
        "eps": -0.2,
        "epsdiluted": -0.2,
        "weightedAverageShsOut": 28000000,
        "weightedAverageShsOutDil": 28000000,
        "link": "https://www.sec.gov/Archives/edgar/data/78239/000007823998000007/0000078239-98-000007-index.html",
        "finalLink": "https://www.sec.gov/Archives/edgar/data/78239/"
    },
    {
        "date": "1998-01-31",
        "symbol": "PVH",
        "reportedCurrency": "USD",
        "cik": "0000078239",
        "fillingDate": "1998-04-15",
        "acceptedDate": "1998-04-15 00:00:00",
        "calendarYear": "1997",
        "period": "Q4",
        "revenue": 337000000,
        "costOfRevenue": 249500000,
        "grossProfit": 87500000,
        "grossProfitRatio": 0.2596439169,
        "researchAndDevelopmentExpenses": 0,
        "generalAndAdministrativeExpenses": 0,
        "sellingAndMarketingExpenses": 0,
        "sellingGeneralAndAdministrativeExpenses": 184100000,
        "otherExpenses": 9500000,
        "operatingExpenses": 193600000,
        "costAndExpenses": 443100000,
        "interestIncome": 0,
        "interestExpense": 0,
        "depreciationAndAmortization": 9500000,
        "ebitda": -96600000,
        "ebitdaratio": -0.2866468843,
        "operatingIncome": -106100000,
        "operatingIncomeRatio": -0.3148367953,
        "totalOtherIncomeExpensesNet": 36800000,
        "incomeBeforeTax": -69300000,
        "incomeBeforeTaxRatio": -0.2056379822,
        "incomeTaxExpense": -26000000,
        "netIncome": -43300000,
        "netIncomeRatio": -0.1284866469,
        "eps": -1.6,
        "epsdiluted": -1.59,
        "weightedAverageShsOut": 27013613,
        "weightedAverageShsOutDil": 27200000,
        "link": "https://www.sec.gov/Archives/edgar/data/78239/000007823998000003/0000078239-98-000003-index.html",
        "finalLink": "https://www.sec.gov/Archives/edgar/data/78239/"
    },
    {
        "date": "1997-11-02",
        "symbol": "PVH",
        "reportedCurrency": "USD",
        "cik": "0000078239",
        "fillingDate": "1997-12-17",
        "acceptedDate": "1997-12-17 00:00:00",
        "calendarYear": "1997",
        "period": "Q3",
        "revenue": 413600000,
        "costOfRevenue": 268700000,
        "grossProfit": 144900000,
        "grossProfitRatio": 0.3503384913,
        "researchAndDevelopmentExpenses": 0,
        "generalAndAdministrativeExpenses": 0,
        "sellingAndMarketingExpenses": 0,
        "sellingGeneralAndAdministrativeExpenses": 113800000,
        "otherExpenses": 5200000,
        "operatingExpenses": 119000000,
        "costAndExpenses": 387700000,
        "interestIncome": 0,
        "interestExpense": 0,
        "depreciationAndAmortization": 5200000,
        "ebitda": 31100000,
        "ebitdaratio": 0.0751934236,
        "operatingIncome": 25900000,
        "operatingIncomeRatio": 0.0626208897,
        "totalOtherIncomeExpensesNet": -5800000,
        "incomeBeforeTax": 20100000,
        "incomeBeforeTaxRatio": 0.0485976789,
        "incomeTaxExpense": 5500000,
        "netIncome": 14600000,
        "netIncomeRatio": 0.0352998066,
        "eps": 0.54,
        "epsdiluted": 0.53,
        "weightedAverageShsOut": 27037037,
        "weightedAverageShsOutDil": 27547170,
        "link": "https://www.sec.gov/Archives/edgar/data/78239/000007823997000009/0000078239-97-000009-index.html",
        "finalLink": "https://www.sec.gov/Archives/edgar/data/78239/"
    },
    {
        "date": "1997-08-03",
        "symbol": "PVH",
        "reportedCurrency": "USD",
        "cik": "0000078239",
        "fillingDate": "1997-09-16",
        "acceptedDate": "1997-09-16 00:00:00",
        "calendarYear": "1997",
        "period": "Q2",
        "revenue": 313500000,
        "costOfRevenue": 214300000,
        "grossProfit": 99200000,
        "grossProfitRatio": 0.3164274322,
        "researchAndDevelopmentExpenses": 0,
        "generalAndAdministrativeExpenses": 0,
        "sellingAndMarketingExpenses": 0,
        "sellingGeneralAndAdministrativeExpenses": 99600000,
        "otherExpenses": 5000000,
        "operatingExpenses": 104600000,
        "costAndExpenses": 318900000,
        "interestIncome": 0,
        "interestExpense": 0,
        "depreciationAndAmortization": 5000000,
        "ebitda": -400000,
        "ebitdaratio": -0.0012759171,
        "operatingIncome": -5400000,
        "operatingIncomeRatio": -0.0172248804,
        "totalOtherIncomeExpensesNet": -46500000,
        "incomeBeforeTax": -51900000,
        "incomeBeforeTaxRatio": -0.1655502392,
        "incomeTaxExpense": -18600000,
        "netIncome": -33300000,
        "netIncomeRatio": -0.1062200957,
        "eps": -1.23,
        "epsdiluted": -1.23,
        "weightedAverageShsOut": 27073171,
        "weightedAverageShsOutDil": 27073171,
        "link": "https://www.sec.gov/Archives/edgar/data/78239/000007823997000007/0000078239-97-000007-index.html",
        "finalLink": "https://www.sec.gov/Archives/edgar/data/78239/"
    },
    {
        "date": "1997-05-04",
        "symbol": "PVH",
        "reportedCurrency": "USD",
        "cik": "0000078239",
        "fillingDate": "1997-06-09",
        "acceptedDate": "1997-06-09 00:00:00",
        "calendarYear": "1997",
        "period": "Q1",
        "revenue": 285900000,
        "costOfRevenue": 181400000,
        "grossProfit": 104500000,
        "grossProfitRatio": 0.3655124169,
        "researchAndDevelopmentExpenses": 0,
        "generalAndAdministrativeExpenses": 0,
        "sellingAndMarketingExpenses": 0,
        "sellingGeneralAndAdministrativeExpenses": 100700000,
        "otherExpenses": 5600000,
        "operatingExpenses": 106300000,
        "costAndExpenses": 287700000,
        "interestIncome": 0,
        "interestExpense": 0,
        "depreciationAndAmortization": 5600000,
        "ebitda": 3800000,
        "ebitdaratio": 0.0132913606,
        "operatingIncome": -1800000,
        "operatingIncomeRatio": -0.0062959077,
        "totalOtherIncomeExpensesNet": -4800000,
        "incomeBeforeTax": -6600000,
        "incomeBeforeTaxRatio": -0.0230849948,
        "incomeTaxExpense": -2100000,
        "netIncome": -4500000,
        "netIncomeRatio": -0.0157397692,
        "eps": -0.17,
        "epsdiluted": -0.17,
        "weightedAverageShsOut": 26470588,
        "weightedAverageShsOutDil": 26470588,
        "link": "https://www.sec.gov/Archives/edgar/data/78239/000007823997000004/0000078239-97-000004-index.html",
        "finalLink": "https://www.sec.gov/Archives/edgar/data/78239/"
    },
    {
        "date": "1997-01-31",
        "symbol": "PVH",
        "reportedCurrency": "USD",
        "cik": "0000078239",
        "fillingDate": "1997-04-30",
        "acceptedDate": "1997-04-30 00:00:00",
        "calendarYear": "1996",
        "period": "Q4",
        "revenue": 380900000,
        "costOfRevenue": 254400000,
        "grossProfit": 126500000,
        "grossProfitRatio": 0.3321081649,
        "researchAndDevelopmentExpenses": 0,
        "generalAndAdministrativeExpenses": 0,
        "sellingAndMarketingExpenses": 0,
        "sellingGeneralAndAdministrativeExpenses": 105800000,
        "otherExpenses": 5600000,
        "operatingExpenses": 111400000,
        "costAndExpenses": 365800000,
        "interestIncome": 0,
        "interestExpense": 0,
        "depreciationAndAmortization": 5600000,
        "ebitda": 20700000,
        "ebitdaratio": 0.0543449724,
        "operatingIncome": 15100000,
        "operatingIncomeRatio": 0.0396429509,
        "totalOtherIncomeExpensesNet": -5200000,
        "incomeBeforeTax": 9900000,
        "incomeBeforeTaxRatio": 0.0259910738,
        "incomeTaxExpense": 2000000,
        "netIncome": 7900000,
        "netIncomeRatio": 0.0207403518,
        "eps": 0.29,
        "epsdiluted": 0.29,
        "weightedAverageShsOut": 27100000,
        "weightedAverageShsOutDil": 27100000,
        "link": "https://www.sec.gov/Archives/edgar/data/78239/000007823997000002/0000078239-97-000002-index.html",
        "finalLink": "https://www.sec.gov/Archives/edgar/data/78239/"
    },
    {
        "date": "1996-10-27",
        "symbol": "PVH",
        "reportedCurrency": "USD",
        "cik": "0000078239",
        "fillingDate": "1996-12-10",
        "acceptedDate": "1996-12-10 00:00:00",
        "calendarYear": "1996",
        "period": "Q3",
        "revenue": 391200000,
        "costOfRevenue": 255700000,
        "grossProfit": 135500000,
        "grossProfitRatio": 0.3463701431,
        "researchAndDevelopmentExpenses": 0,
        "generalAndAdministrativeExpenses": 0,
        "sellingAndMarketingExpenses": 0,
        "sellingGeneralAndAdministrativeExpenses": 102800000,
        "otherExpenses": 5800000,
        "operatingExpenses": 108600000,
        "costAndExpenses": 364300000,
        "interestIncome": 0,
        "interestExpense": 0,
        "depreciationAndAmortization": 5800000,
        "ebitda": 32700000,
        "ebitdaratio": 0.0835889571,
        "operatingIncome": 26900000,
        "operatingIncomeRatio": 0.0687627812,
        "totalOtherIncomeExpensesNet": -6000000,
        "incomeBeforeTax": 20900000,
        "incomeBeforeTaxRatio": 0.0534253579,
        "incomeTaxExpense": 5900000,
        "netIncome": 15000000,
        "netIncomeRatio": 0.0383435583,
        "eps": 0.56,
        "epsdiluted": 0.56,
        "weightedAverageShsOut": 26785714,
        "weightedAverageShsOutDil": 26785714,
        "link": "https://www.sec.gov/Archives/edgar/data/78239/000007823996000009/0000078239-96-000009-index.html",
        "finalLink": "https://www.sec.gov/Archives/edgar/data/78239/"
    },
    {
        "date": "1996-07-28",
        "symbol": "PVH",
        "reportedCurrency": "USD",
        "cik": "0000078239",
        "fillingDate": "1996-09-10",
        "acceptedDate": "1996-09-10 00:00:00",
        "calendarYear": "1996",
        "period": "Q2",
        "revenue": 313800000,
        "costOfRevenue": 202800000,
        "grossProfit": 111000000,
        "grossProfitRatio": 0.3537284895,
        "researchAndDevelopmentExpenses": 0,
        "generalAndAdministrativeExpenses": 0,
        "sellingAndMarketingExpenses": 0,
        "sellingGeneralAndAdministrativeExpenses": 96400000,
        "otherExpenses": 5700000,
        "operatingExpenses": 102100000,
        "costAndExpenses": 304900000,
        "interestIncome": 0,
        "interestExpense": 0,
        "depreciationAndAmortization": 5700000,
        "ebitda": 14600000,
        "ebitdaratio": 0.04652645,
        "operatingIncome": 8900000,
        "operatingIncomeRatio": 0.028362014,
        "totalOtherIncomeExpensesNet": -5900000,
        "incomeBeforeTax": 3000000,
        "incomeBeforeTaxRatio": 0.0095602294,
        "incomeTaxExpense": 900000,
        "netIncome": 2100000,
        "netIncomeRatio": 0.0066921606,
        "eps": 0.08,
        "epsdiluted": 0.08,
        "weightedAverageShsOut": 26250000,
        "weightedAverageShsOutDil": 26250000,
        "link": "https://www.sec.gov/Archives/edgar/data/78239/000007823996000007/0000078239-96-000007-index.html",
        "finalLink": "https://www.sec.gov/Archives/edgar/data/78239/"
    },
    {
        "date": "1996-04-28",
        "symbol": "PVH",
        "reportedCurrency": "USD",
        "cik": "0000078239",
        "fillingDate": "1996-06-11",
        "acceptedDate": "1996-06-11 00:00:00",
        "calendarYear": "1996",
        "period": "Q1",
        "revenue": 273700000,
        "costOfRevenue": 174400000,
        "grossProfit": 99300000,
        "grossProfitRatio": 0.362805992,
        "researchAndDevelopmentExpenses": 0,
        "generalAndAdministrativeExpenses": 0,
        "sellingAndMarketingExpenses": 0,
        "sellingGeneralAndAdministrativeExpenses": 96400000,
        "otherExpenses": 6200000,
        "operatingExpenses": 102600000,
        "costAndExpenses": 277000000,
        "interestIncome": 0,
        "interestExpense": 0,
        "depreciationAndAmortization": 6200000,
        "ebitda": 2900000,
        "ebitdaratio": 0.0105955426,
        "operatingIncome": -3300000,
        "operatingIncomeRatio": -0.0120569967,
        "totalOtherIncomeExpensesNet": -6200000,
        "incomeBeforeTax": -9500000,
        "incomeBeforeTaxRatio": -0.034709536,
        "incomeTaxExpense": -2900000,
        "netIncome": -6600000,
        "netIncomeRatio": -0.0241139934,
        "eps": -0.24,
        "epsdiluted": -0.24,
        "weightedAverageShsOut": 27500000,
        "weightedAverageShsOutDil": 27500000,
        "link": "https://www.sec.gov/Archives/edgar/data/78239/000007823996000005/0000078239-96-000005-index.html",
        "finalLink": "https://www.sec.gov/Archives/edgar/data/78239/"
    },
    {
        "date": "1996-01-31",
        "symbol": "PVH",
        "reportedCurrency": "USD",
        "cik": "0000078239",
        "fillingDate": "1996-04-26",
        "acceptedDate": "1996-04-26 00:00:00",
        "calendarYear": "1995",
        "period": "Q4",
        "revenue": 383600000,
        "costOfRevenue": 260500000,
        "grossProfit": 123100000,
        "grossProfitRatio": 0.320907195,
        "researchAndDevelopmentExpenses": 0,
        "generalAndAdministrativeExpenses": 0,
        "sellingAndMarketingExpenses": 0,
        "sellingGeneralAndAdministrativeExpenses": 81400000,
        "otherExpenses": 3000000,
        "operatingExpenses": 84400000,
        "costAndExpenses": 344900000,
        "interestIncome": 0,
        "interestExpense": 0,
        "depreciationAndAmortization": 3000000,
        "ebitda": 41700000,
        "ebitdaratio": 0.1087069864,
        "operatingIncome": 38700000,
        "operatingIncomeRatio": 0.1008863399,
        "totalOtherIncomeExpensesNet": -32900000,
        "incomeBeforeTax": 5800000,
        "incomeBeforeTaxRatio": 0.0151199166,
        "incomeTaxExpense": 1700000,
        "netIncome": 4100000,
        "netIncomeRatio": 0.0106882169,
        "eps": 0.14,
        "epsdiluted": 0.14,
        "weightedAverageShsOut": 28300000,
        "weightedAverageShsOutDil": 28300000,
        "link": "https://www.sec.gov/Archives/edgar/data/78239/000007823996000003/0000078239-96-000003-index.html",
        "finalLink": "https://www.sec.gov/Archives/edgar/data/78239/"
    },
    {
        "date": "1995-10-29",
        "symbol": "PVH",
        "reportedCurrency": "USD",
        "cik": "0000078239",
        "fillingDate": "1995-12-13",
        "acceptedDate": "1995-12-13 00:00:00",
        "calendarYear": "1995",
        "period": "Q3",
        "revenue": 448000000,
        "costOfRevenue": 302000000,
        "grossProfit": 146000000,
        "grossProfitRatio": 0.3258928571,
        "researchAndDevelopmentExpenses": 0,
        "generalAndAdministrativeExpenses": 0,
        "sellingAndMarketingExpenses": 0,
        "sellingGeneralAndAdministrativeExpenses": 141700000,
        "otherExpenses": 7000000,
        "operatingExpenses": 148700000,
        "costAndExpenses": 450700000,
        "interestIncome": 0,
        "interestExpense": 0,
        "depreciationAndAmortization": 7900000,
        "ebitda": 5200000,
        "ebitdaratio": 0.0116071429,
        "operatingIncome": -2700000,
        "operatingIncomeRatio": -0.0060267857,
        "totalOtherIncomeExpensesNet": -6600000,
        "incomeBeforeTax": -9300000,
        "incomeBeforeTaxRatio": -0.0207589286,
        "incomeTaxExpense": -4900000,
        "netIncome": -4400000,
        "netIncomeRatio": -0.0098214286,
        "eps": -0.16,
        "epsdiluted": -0.16,
        "weightedAverageShsOut": 27500000,
        "weightedAverageShsOutDil": 27500000,
        "link": "https://www.sec.gov/Archives/edgar/data/78239/000007823995000020/0000078239-95-000020-index.html",
        "finalLink": "https://www.sec.gov/Archives/edgar/data/78239/"
    },
    {
        "date": "1995-07-30",
        "symbol": "PVH",
        "reportedCurrency": "USD",
        "cik": "0000078239",
        "fillingDate": "1995-09-13",
        "acceptedDate": "1995-09-13 00:00:00",
        "calendarYear": "1995",
        "period": "Q2",
        "revenue": 349500000,
        "costOfRevenue": 222600000,
        "grossProfit": 126900000,
        "grossProfitRatio": 0.3630901288,
        "researchAndDevelopmentExpenses": 0,
        "generalAndAdministrativeExpenses": 0,
        "sellingAndMarketingExpenses": 0,
        "sellingGeneralAndAdministrativeExpenses": 107700000,
        "otherExpenses": 7300000,
        "operatingExpenses": 115000000,
        "costAndExpenses": 337600000,
        "interestIncome": 0,
        "interestExpense": 0,
        "depreciationAndAmortization": 6400000,
        "ebitda": 19200000,
        "ebitdaratio": 0.0549356223,
        "operatingIncome": 11900000,
        "operatingIncomeRatio": 0.0340486409,
        "totalOtherIncomeExpensesNet": -5900000,
        "incomeBeforeTax": 6000000,
        "incomeBeforeTaxRatio": 0.017167382,
        "incomeTaxExpense": 2100000,
        "netIncome": 3900000,
        "netIncomeRatio": 0.0111587983,
        "eps": 0.15,
        "epsdiluted": 0.15,
        "weightedAverageShsOut": 26000000,
        "weightedAverageShsOutDil": 26000000,
        "link": "https://www.sec.gov/Archives/edgar/data/78239/000007823995000018/0000078239-95-000018-index.html",
        "finalLink": "https://www.sec.gov/Archives/edgar/data/78239/"
    },
    {
        "date": "1995-04-30",
        "symbol": "PVH",
        "reportedCurrency": "USD",
        "cik": "0000078239",
        "fillingDate": "1995-06-14",
        "acceptedDate": "1995-06-14 00:00:00",
        "calendarYear": "1995",
        "period": "Q1",
        "revenue": 283000000,
        "costOfRevenue": 177400000,
        "grossProfit": 105600000,
        "grossProfitRatio": 0.3731448763,
        "researchAndDevelopmentExpenses": 0,
        "generalAndAdministrativeExpenses": 0,
        "sellingAndMarketingExpenses": 0,
        "sellingGeneralAndAdministrativeExpenses": 97800000,
        "otherExpenses": 8200000,
        "operatingExpenses": 106000000,
        "costAndExpenses": 283400000,
        "interestIncome": 0,
        "interestExpense": 0,
        "depreciationAndAmortization": 8200000,
        "ebitda": 7800000,
        "ebitdaratio": 0.0275618375,
        "operatingIncome": -400000,
        "operatingIncomeRatio": -0.0014134276,
        "totalOtherIncomeExpensesNet": -4800000,
        "incomeBeforeTax": -5200000,
        "incomeBeforeTaxRatio": -0.0183745583,
        "incomeTaxExpense": -1800000,
        "netIncome": -3400000,
        "netIncomeRatio": -0.0120141343,
        "eps": -0.13,
        "epsdiluted": -0.13,
        "weightedAverageShsOut": 26153846,
        "weightedAverageShsOutDil": 26153846,
        "link": "https://www.sec.gov/Archives/edgar/data/78239/000007823995000015/0000078239-95-000015-index.html",
        "finalLink": "https://www.sec.gov/Archives/edgar/data/78239/"
    },
    {
        "date": "1995-01-31",
        "symbol": "PVH",
        "reportedCurrency": "USD",
        "cik": "0000078239",
        "fillingDate": "1995-05-01",
        "acceptedDate": "1995-05-01 00:00:00",
        "calendarYear": "1994",
        "period": "Q4",
        "revenue": 353400000,
        "costOfRevenue": 231800000,
        "grossProfit": 121600000,
        "grossProfitRatio": 0.3440860215,
        "researchAndDevelopmentExpenses": 0,
        "generalAndAdministrativeExpenses": 0,
        "sellingAndMarketingExpenses": 0,
        "sellingGeneralAndAdministrativeExpenses": 104800000,
        "otherExpenses": 7000000,
        "operatingExpenses": 111800000,
        "costAndExpenses": 343600000,
        "interestIncome": 0,
        "interestExpense": 0,
        "depreciationAndAmortization": 7000000,
        "ebitda": 16800000,
        "ebitdaratio": 0.0475382003,
        "operatingIncome": 9800000,
        "operatingIncomeRatio": 0.0277306169,
        "totalOtherIncomeExpensesNet": -2800000,
        "incomeBeforeTax": 7000000,
        "incomeBeforeTaxRatio": 0.0198075835,
        "incomeTaxExpense": -2900000,
        "netIncome": 9900000,
        "netIncomeRatio": 0.0280135823,
        "eps": 0.37,
        "epsdiluted": 0.37,
        "weightedAverageShsOut": 26900000,
        "weightedAverageShsOutDil": 26900000,
        "link": "https://www.sec.gov/Archives/edgar/data/78239/000007823995000012/0000078239-95-000012-index.html",
        "finalLink": "https://www.sec.gov/Archives/edgar/data/78239/"
    },
    {
        "date": "1994-10-30",
        "symbol": "PVH",
        "reportedCurrency": "USD",
        "cik": "0000078239",
        "fillingDate": "1994-12-14",
        "acceptedDate": "1994-12-14 00:00:00",
        "calendarYear": "1994",
        "period": "Q3",
        "revenue": 379400000,
        "costOfRevenue": 252300000,
        "grossProfit": 127100000,
        "grossProfitRatio": 0.3350026357,
        "researchAndDevelopmentExpenses": 0,
        "generalAndAdministrativeExpenses": 0,
        "sellingAndMarketingExpenses": 0,
        "sellingGeneralAndAdministrativeExpenses": 91500000,
        "otherExpenses": 5800000,
        "operatingExpenses": 97300000,
        "costAndExpenses": 349600000,
        "interestIncome": 0,
        "interestExpense": 0,
        "depreciationAndAmortization": 5800000,
        "ebitda": 35600000,
        "ebitdaratio": 0.0938323669,
        "operatingIncome": 29800000,
        "operatingIncomeRatio": 0.0785450712,
        "totalOtherIncomeExpensesNet": -3300000,
        "incomeBeforeTax": 26500000,
        "incomeBeforeTaxRatio": 0.069847127,
        "incomeTaxExpense": 8600000,
        "netIncome": 17900000,
        "netIncomeRatio": 0.0471797575,
        "eps": 0.66,
        "epsdiluted": 0.66,
        "weightedAverageShsOut": 27121212,
        "weightedAverageShsOutDil": 27121212,
        "link": "https://www.sec.gov/Archives/edgar/data/78239/000007823994000031/0000078239-94-000031-index.html",
        "finalLink": "https://www.sec.gov/Archives/edgar/data/78239/"
    },
    {
        "date": "1994-07-31",
        "symbol": "PVH",
        "reportedCurrency": "USD",
        "cik": "0000078239",
        "fillingDate": "1994-09-12",
        "acceptedDate": "1994-09-12 00:00:00",
        "calendarYear": "1994",
        "period": "Q2",
        "revenue": 283800000,
        "costOfRevenue": 183300000,
        "grossProfit": 100500000,
        "grossProfitRatio": 0.3541226216,
        "researchAndDevelopmentExpenses": 0,
        "generalAndAdministrativeExpenses": 0,
        "sellingAndMarketingExpenses": 0,
        "sellingGeneralAndAdministrativeExpenses": 82500000,
        "otherExpenses": 5700000,
        "operatingExpenses": 88200000,
        "costAndExpenses": 271500000,
        "interestIncome": 0,
        "interestExpense": 0,
        "depreciationAndAmortization": 5700000,
        "ebitda": 18000000,
        "ebitdaratio": 0.0634249471,
        "operatingIncome": 12300000,
        "operatingIncomeRatio": 0.0433403805,
        "totalOtherIncomeExpensesNet": -3400000,
        "incomeBeforeTax": 8900000,
        "incomeBeforeTaxRatio": 0.0313601128,
        "incomeTaxExpense": 3200000,
        "netIncome": 5700000,
        "netIncomeRatio": 0.0200845666,
        "eps": 0.21,
        "epsdiluted": 0.21,
        "weightedAverageShsOut": 27142857,
        "weightedAverageShsOutDil": 27142857,
        "link": "https://www.sec.gov/Archives/edgar/data/78239/000007823994000018/0000078239-94-000018-index.html",
        "finalLink": "https://www.sec.gov/Archives/edgar/data/78239/"
    },
    {
        "date": "1994-05-01",
        "symbol": "PVH",
        "reportedCurrency": "USD",
        "cik": "0000078239",
        "fillingDate": "1994-06-15",
        "acceptedDate": "1994-06-15 00:00:00",
        "calendarYear": "1994",
        "period": "Q1",
        "revenue": 238900000,
        "costOfRevenue": 153900000,
        "grossProfit": 85000000,
        "grossProfitRatio": 0.3557974048,
        "researchAndDevelopmentExpenses": 0,
        "generalAndAdministrativeExpenses": 0,
        "sellingAndMarketingExpenses": 0,
        "sellingGeneralAndAdministrativeExpenses": 81400000,
        "otherExpenses": 5800000,
        "operatingExpenses": 87200000,
        "costAndExpenses": 241100000,
        "interestIncome": 0,
        "interestExpense": 0,
        "depreciationAndAmortization": 5800000,
        "ebitda": 3600000,
        "ebitdaratio": 0.0150690666,
        "operatingIncome": -2200000,
        "operatingIncomeRatio": -0.009208874,
        "totalOtherIncomeExpensesNet": -3300000,
        "incomeBeforeTax": -5500000,
        "incomeBeforeTaxRatio": -0.023022185,
        "incomeTaxExpense": -2000000,
        "netIncome": -3500000,
        "netIncomeRatio": -0.0146504814,
        "eps": -0.13,
        "epsdiluted": -0.13,
        "weightedAverageShsOut": 26923077,
        "weightedAverageShsOutDil": 26923077,
        "link": "https://www.sec.gov/Archives/edgar/data/78239/000007823994000014/0000078239-94-000014-index.html",
        "finalLink": "https://www.sec.gov/Archives/edgar/data/78239/"
    },
    {
        "date": "1994-01-31",
        "symbol": "PVH",
        "reportedCurrency": "USD",
        "cik": "0000078239",
        "fillingDate": "1994-04-29",
        "acceptedDate": "1994-04-29 00:00:00",
        "calendarYear": "1993",
        "period": "Q4",
        "revenue": 309100000,
        "costOfRevenue": 192500000,
        "grossProfit": 116600000,
        "grossProfitRatio": 0.3772241993,
        "researchAndDevelopmentExpenses": 0,
        "generalAndAdministrativeExpenses": 0,
        "sellingAndMarketingExpenses": 0,
        "sellingGeneralAndAdministrativeExpenses": 89800000,
        "otherExpenses": 5500000,
        "operatingExpenses": 95300000,
        "costAndExpenses": 287800000,
        "interestIncome": 0,
        "interestExpense": 0,
        "depreciationAndAmortization": 5500000,
        "ebitda": 26800000,
        "ebitdaratio": 0.0867033323,
        "operatingIncome": 21300000,
        "operatingIncomeRatio": 0.0689097379,
        "totalOtherIncomeExpensesNet": -1700000,
        "incomeBeforeTax": 19600000,
        "incomeBeforeTaxRatio": 0.0634098997,
        "incomeTaxExpense": 6400000,
        "netIncome": 1800000,
        "netIncomeRatio": 0.0058233581,
        "eps": 0.0669,
        "epsdiluted": 0.0669,
        "weightedAverageShsOut": 26923077,
        "weightedAverageShsOutDil": 26923077,
        "link": "https://www.sec.gov/Archives/edgar/data/78239/000007823994000008/0000078239-94-000008-index.html",
        "finalLink": "https://www.sec.gov/Archives/edgar/data/78239/"
    },
    {
        "date": "1993-10-31",
        "symbol": "PVH",
        "reportedCurrency": "USD",
        "cik": "0000078239",
        "fillingDate": "1993-10-31",
        "acceptedDate": "1993-10-31 00:00:00",
        "calendarYear": "1993",
        "period": "Q3",
        "revenue": 357400000,
        "costOfRevenue": 226500000,
        "grossProfit": 130900000,
        "grossProfitRatio": 0.3662562955,
        "researchAndDevelopmentExpenses": 0,
        "generalAndAdministrativeExpenses": 0,
        "sellingAndMarketingExpenses": 0,
        "sellingGeneralAndAdministrativeExpenses": 84500000,
        "otherExpenses": 4500000,
        "operatingExpenses": 89000000,
        "costAndExpenses": 315500000,
        "interestIncome": 0,
        "interestExpense": 0,
        "depreciationAndAmortization": 4400000,
        "ebitda": 46400000,
        "ebitdaratio": 0.1298265249,
        "operatingIncome": 41900000,
        "operatingIncomeRatio": 0.1172355904,
        "totalOtherIncomeExpensesNet": -5900000,
        "incomeBeforeTax": 36000000,
        "incomeBeforeTaxRatio": 0.1007274762,
        "incomeTaxExpense": 11500000,
        "netIncome": 24500000,
        "netIncomeRatio": 0.0685506435,
        "eps": 0.91,
        "epsdiluted": 0.91,
        "weightedAverageShsOut": 26923077,
        "weightedAverageShsOutDil": 26923077,
        "link": null,
        "finalLink": null
    },
    {
        "date": "1993-07-31",
        "symbol": "PVH",
        "reportedCurrency": "USD",
        "cik": "0000078239",
        "fillingDate": "1993-07-31",
        "acceptedDate": "1993-07-31 00:00:00",
        "calendarYear": "1993",
        "period": "Q2",
        "revenue": 264000000,
        "costOfRevenue": 162400000,
        "grossProfit": 101600000,
        "grossProfitRatio": 0.3848484848,
        "researchAndDevelopmentExpenses": 0,
        "generalAndAdministrativeExpenses": 0,
        "sellingAndMarketingExpenses": 0,
        "sellingGeneralAndAdministrativeExpenses": 81100000,
        "otherExpenses": 4600000,
        "operatingExpenses": 85700000,
        "costAndExpenses": 248100000,
        "interestIncome": 0,
        "interestExpense": 0,
        "depreciationAndAmortization": 4600000,
        "ebitda": 20500000,
        "ebitdaratio": 0.0776515152,
        "operatingIncome": 15900000,
        "operatingIncomeRatio": 0.0602272727,
        "totalOtherIncomeExpensesNet": -4600000,
        "incomeBeforeTax": 11300000,
        "incomeBeforeTaxRatio": 0.0428030303,
        "incomeTaxExpense": 3500000,
        "netIncome": 7800000,
        "netIncomeRatio": 0.0295454545,
        "eps": 0.29,
        "epsdiluted": 0.29,
        "weightedAverageShsOut": 26896552,
        "weightedAverageShsOutDil": 26896552,
        "link": null,
        "finalLink": null
    },
    {
        "date": "1993-04-30",
        "symbol": "PVH",
        "reportedCurrency": "USD",
        "cik": "0000078239",
        "fillingDate": "1993-04-30",
        "acceptedDate": "1993-04-30 00:00:00",
        "calendarYear": "1993",
        "period": "Q1",
        "revenue": 221900000,
        "costOfRevenue": 139200000,
        "grossProfit": 82700000,
        "grossProfitRatio": 0.3726904011,
        "researchAndDevelopmentExpenses": 0,
        "generalAndAdministrativeExpenses": 0,
        "sellingAndMarketingExpenses": 0,
        "sellingGeneralAndAdministrativeExpenses": 76900000,
        "otherExpenses": 4600000,
        "operatingExpenses": 81500000,
        "costAndExpenses": 220700000,
        "interestIncome": 0,
        "interestExpense": 0,
        "depreciationAndAmortization": 4600000,
        "ebitda": 5800000,
        "ebitdaratio": 0.0261379,
        "operatingIncome": 1200000,
        "operatingIncomeRatio": 0.0054078414,
        "totalOtherIncomeExpensesNet": -4400000,
        "incomeBeforeTax": -3200000,
        "incomeBeforeTaxRatio": -0.0144209103,
        "incomeTaxExpense": -1000000,
        "netIncome": -2200000,
        "netIncomeRatio": -0.0099143758,
        "eps": -0.08,
        "epsdiluted": -0.08,
        "weightedAverageShsOut": 27500000,
        "weightedAverageShsOutDil": 27500000,
        "link": null,
        "finalLink": null
    },
    {
        "date": "1993-01-31",
        "symbol": "PVH",
        "reportedCurrency": "USD",
        "cik": "0000078239",
        "fillingDate": "1993-01-31",
        "acceptedDate": "1993-01-31 00:00:00",
        "calendarYear": "1992",
        "period": "Q4",
        "revenue": 272500000,
        "costOfRevenue": 164800000,
        "grossProfit": 107700000,
        "grossProfitRatio": 0.3952293578,
        "researchAndDevelopmentExpenses": 0,
        "generalAndAdministrativeExpenses": 0,
        "sellingAndMarketingExpenses": 0,
        "sellingGeneralAndAdministrativeExpenses": 85600000,
        "otherExpenses": 4400000,
        "operatingExpenses": 90000000,
        "costAndExpenses": 254800000,
        "interestIncome": 0,
        "interestExpense": 0,
        "depreciationAndAmortization": 4400000,
        "ebitda": 22100000,
        "ebitdaratio": 0.0811009174,
        "operatingIncome": 17700000,
        "operatingIncomeRatio": 0.0649541284,
        "totalOtherIncomeExpensesNet": -5200000,
        "incomeBeforeTax": 12500000,
        "incomeBeforeTaxRatio": 0.0458715596,
        "incomeTaxExpense": 2800000,
        "netIncome": 9700000,
        "netIncomeRatio": 0.0355963303,
        "eps": 0.36,
        "epsdiluted": 0.36,
        "weightedAverageShsOut": 27037037,
        "weightedAverageShsOutDil": 27037037,
        "link": null,
        "finalLink": null
    },
    {
        "date": "1992-10-31",
        "symbol": "PVH",
        "reportedCurrency": "USD",
        "cik": "0000078239",
        "fillingDate": "1992-10-31",
        "acceptedDate": "1992-10-31 00:00:00",
        "calendarYear": "1992",
        "period": "Q3",
        "revenue": 322300000,
        "costOfRevenue": 201700000,
        "grossProfit": 120600000,
        "grossProfitRatio": 0.3741855414,
        "researchAndDevelopmentExpenses": 0,
        "generalAndAdministrativeExpenses": 0,
        "sellingAndMarketingExpenses": 0,
        "sellingGeneralAndAdministrativeExpenses": 80400000,
        "otherExpenses": 3500000,
        "operatingExpenses": 83900000,
        "costAndExpenses": 285600000,
        "interestIncome": 0,
        "interestExpense": 0,
        "depreciationAndAmortization": 3500000,
        "ebitda": 40200000,
        "ebitdaratio": 0.1247285138,
        "operatingIncome": 36700000,
        "operatingIncomeRatio": 0.1138690661,
        "totalOtherIncomeExpensesNet": -4100000,
        "incomeBeforeTax": 32600000,
        "incomeBeforeTaxRatio": 0.1011479988,
        "incomeTaxExpense": 10700000,
        "netIncome": 21900000,
        "netIncomeRatio": 0.0679491157,
        "eps": 0.81,
        "epsdiluted": 0.81,
        "weightedAverageShsOut": 27037037,
        "weightedAverageShsOutDil": 27037037,
        "link": null,
        "finalLink": null
    },
    {
        "date": "1992-07-31",
        "symbol": "PVH",
        "reportedCurrency": "USD",
        "cik": "0000078239",
        "fillingDate": "1992-07-31",
        "acceptedDate": "1992-07-31 00:00:00",
        "calendarYear": "1992",
        "period": "Q2",
        "revenue": 239500000,
        "costOfRevenue": 147200000,
        "grossProfit": 92300000,
        "grossProfitRatio": 0.3853862213,
        "researchAndDevelopmentExpenses": 0,
        "generalAndAdministrativeExpenses": 0,
        "sellingAndMarketingExpenses": 0,
        "sellingGeneralAndAdministrativeExpenses": 75300000,
        "otherExpenses": 3400000,
        "operatingExpenses": 78700000,
        "costAndExpenses": 225900000,
        "interestIncome": 0,
        "interestExpense": 0,
        "depreciationAndAmortization": 3400000,
        "ebitda": 17000000,
        "ebitdaratio": 0.0709812109,
        "operatingIncome": 13600000,
        "operatingIncomeRatio": 0.0567849687,
        "totalOtherIncomeExpensesNet": -3900000,
        "incomeBeforeTax": 9700000,
        "incomeBeforeTaxRatio": 0.0405010438,
        "incomeTaxExpense": 3200000,
        "netIncome": 6500000,
        "netIncomeRatio": 0.0271398747,
        "eps": 0.24,
        "epsdiluted": 0.24,
        "weightedAverageShsOut": 26666667,
        "weightedAverageShsOutDil": 26666667,
        "link": null,
        "finalLink": null
    },
    {
        "date": "1992-04-30",
        "symbol": "PVH",
        "reportedCurrency": "USD",
        "cik": "0000078239",
        "fillingDate": "1992-04-30",
        "acceptedDate": "1992-04-30 00:00:00",
        "calendarYear": "1992",
        "period": "Q1",
        "revenue": 208300000,
        "costOfRevenue": 128300000,
        "grossProfit": 80000000,
        "grossProfitRatio": 0.3840614498,
        "researchAndDevelopmentExpenses": 0,
        "generalAndAdministrativeExpenses": 0,
        "sellingAndMarketingExpenses": 0,
        "sellingGeneralAndAdministrativeExpenses": 71200000,
        "otherExpenses": 3700000,
        "operatingExpenses": 74900000,
        "costAndExpenses": 203200000,
        "interestIncome": 0,
        "interestExpense": 0,
        "depreciationAndAmortization": 3700000,
        "ebitda": 8800000,
        "ebitdaratio": 0.0422467595,
        "operatingIncome": 5100000,
        "operatingIncomeRatio": 0.0244839174,
        "totalOtherIncomeExpensesNet": -5300000,
        "incomeBeforeTax": -200000,
        "incomeBeforeTaxRatio": -0.0009601536,
        "incomeTaxExpense": -100000,
        "netIncome": -100000,
        "netIncomeRatio": -0.0004800768,
        "eps": -0.0057,
        "epsdiluted": -0.0057,
        "weightedAverageShsOut": 17500000,
        "weightedAverageShsOutDil": 17500000,
        "link": null,
        "finalLink": null
    },
    {
        "date": "1992-01-31",
        "symbol": "PVH",
        "reportedCurrency": "USD",
        "cik": "0000078239",
        "fillingDate": "1992-01-31",
        "acceptedDate": "1992-01-31 00:00:00",
        "calendarYear": "1991",
        "period": "Q4",
        "revenue": 232100000,
        "costOfRevenue": 146000000,
        "grossProfit": 86100000,
        "grossProfitRatio": 0.3709607928,
        "researchAndDevelopmentExpenses": 0,
        "generalAndAdministrativeExpenses": 0,
        "sellingAndMarketingExpenses": 0,
        "sellingGeneralAndAdministrativeExpenses": 68200000,
        "otherExpenses": 3500000,
        "operatingExpenses": 71700000,
        "costAndExpenses": 217700000,
        "interestIncome": 0,
        "interestExpense": 0,
        "depreciationAndAmortization": 3500000,
        "ebitda": 17900000,
        "ebitdaratio": 0.0771219302,
        "operatingIncome": 14400000,
        "operatingIncomeRatio": 0.0620422232,
        "totalOtherIncomeExpensesNet": -4100000,
        "incomeBeforeTax": 10300000,
        "incomeBeforeTaxRatio": 0.0443774235,
        "incomeTaxExpense": 1800000,
        "netIncome": 8500000,
        "netIncomeRatio": 0.0366221456,
        "eps": 0.42,
        "epsdiluted": 0.42,
        "weightedAverageShsOut": 20129870,
        "weightedAverageShsOutDil": 20129870,
        "link": null,
        "finalLink": null
    },
    {
        "date": "1991-10-31",
        "symbol": "PVH",
        "reportedCurrency": "USD",
        "cik": "0000078239",
        "fillingDate": "1991-10-31",
        "acceptedDate": "1991-10-31 00:00:00",
        "calendarYear": "1991",
        "period": "Q3",
        "revenue": 286300000,
        "costOfRevenue": 183800000,
        "grossProfit": 102500000,
        "grossProfitRatio": 0.3580160671,
        "researchAndDevelopmentExpenses": 0,
        "generalAndAdministrativeExpenses": 0,
        "sellingAndMarketingExpenses": 0,
        "sellingGeneralAndAdministrativeExpenses": 68500000,
        "otherExpenses": 2800000,
        "operatingExpenses": 71300000,
        "costAndExpenses": 255100000,
        "interestIncome": 0,
        "interestExpense": 0,
        "depreciationAndAmortization": 2800000,
        "ebitda": 34000000,
        "ebitdaratio": 0.1187565491,
        "operatingIncome": 31200000,
        "operatingIncomeRatio": 0.108976598,
        "totalOtherIncomeExpensesNet": -5100000,
        "incomeBeforeTax": 26100000,
        "incomeBeforeTaxRatio": 0.0911631156,
        "incomeTaxExpense": 8600000,
        "netIncome": 17500000,
        "netIncomeRatio": 0.0611246944,
        "eps": 0.77,
        "epsdiluted": 0.69,
        "weightedAverageShsOut": 20129870,
        "weightedAverageShsOutDil": 22463768,
        "link": null,
        "finalLink": null
    },
    {
        "date": "1991-07-31",
        "symbol": "PVH",
        "reportedCurrency": "USD",
        "cik": "0000078239",
        "fillingDate": "1991-07-31",
        "acceptedDate": "1991-07-31 00:00:00",
        "calendarYear": "1991",
        "period": "Q2",
        "revenue": 205300000,
        "costOfRevenue": 126300000,
        "grossProfit": 79000000,
        "grossProfitRatio": 0.3848027277,
        "researchAndDevelopmentExpenses": 0,
        "generalAndAdministrativeExpenses": 0,
        "sellingAndMarketingExpenses": 0,
        "sellingGeneralAndAdministrativeExpenses": 62700000,
        "otherExpenses": 2800000,
        "operatingExpenses": 65500000,
        "costAndExpenses": 191800000,
        "interestIncome": 0,
        "interestExpense": 0,
        "depreciationAndAmortization": 2800000,
        "ebitda": 16300000,
        "ebitdaratio": 0.0793960058,
        "operatingIncome": 13500000,
        "operatingIncomeRatio": 0.0657574282,
        "totalOtherIncomeExpensesNet": -4600000,
        "incomeBeforeTax": 8900000,
        "incomeBeforeTaxRatio": 0.0433511934,
        "incomeTaxExpense": 2900000,
        "netIncome": 6000000,
        "netIncomeRatio": 0.0292255236,
        "eps": 0.2,
        "epsdiluted": 0.2,
        "weightedAverageShsOut": 20000000,
        "weightedAverageShsOutDil": 20000000,
        "link": null,
        "finalLink": null
    },
    {
        "date": "1991-04-30",
        "symbol": "PVH",
        "reportedCurrency": "USD",
        "cik": "0000078239",
        "fillingDate": "1991-04-30",
        "acceptedDate": "1991-04-30 00:00:00",
        "calendarYear": "1991",
        "period": "Q1",
        "revenue": 180400000,
        "costOfRevenue": 115200000,
        "grossProfit": 65200000,
        "grossProfitRatio": 0.3614190687,
        "researchAndDevelopmentExpenses": 0,
        "generalAndAdministrativeExpenses": 0,
        "sellingAndMarketingExpenses": 0,
        "sellingGeneralAndAdministrativeExpenses": 58900000,
        "otherExpenses": 3000000,
        "operatingExpenses": 61900000,
        "costAndExpenses": 177100000,
        "interestIncome": 0,
        "interestExpense": 0,
        "depreciationAndAmortization": 3000000,
        "ebitda": 6300000,
        "ebitdaratio": 0.0349223947,
        "operatingIncome": 3300000,
        "operatingIncomeRatio": 0.0182926829,
        "totalOtherIncomeExpensesNet": -4600000,
        "incomeBeforeTax": -1300000,
        "incomeBeforeTaxRatio": -0.0072062084,
        "incomeTaxExpense": -400000,
        "netIncome": -900000,
        "netIncomeRatio": -0.0049889135,
        "eps": -0.0466,
        "epsdiluted": -0.0466,
        "weightedAverageShsOut": 19333333,
        "weightedAverageShsOutDil": 19333333,
        "link": null,
        "finalLink": null
    },
    {
        "date": "1991-01-31",
        "symbol": "PVH",
        "reportedCurrency": "USD",
        "cik": "0000078239",
        "fillingDate": "1991-01-31",
        "acceptedDate": "1991-01-31 00:00:00",
        "calendarYear": "1990",
        "period": "Q4",
        "revenue": 218300000,
        "costOfRevenue": 140900000,
        "grossProfit": 77400000,
        "grossProfitRatio": 0.3545579478,
        "researchAndDevelopmentExpenses": 0,
        "generalAndAdministrativeExpenses": 0,
        "sellingAndMarketingExpenses": 0,
        "sellingGeneralAndAdministrativeExpenses": 61500000,
        "otherExpenses": 2800000,
        "operatingExpenses": 64300000,
        "costAndExpenses": 205200000,
        "interestIncome": 0,
        "interestExpense": 0,
        "depreciationAndAmortization": 2800000,
        "ebitda": 15900000,
        "ebitdaratio": 0.0728355474,
        "operatingIncome": 13100000,
        "operatingIncomeRatio": 0.0600091617,
        "totalOtherIncomeExpensesNet": -7300000,
        "incomeBeforeTax": 5800000,
        "incomeBeforeTaxRatio": 0.0265689418,
        "incomeTaxExpense": 600000,
        "netIncome": 5200000,
        "netIncomeRatio": 0.0238204306,
        "eps": 0.27,
        "epsdiluted": 0.27,
        "weightedAverageShsOut": 18970588,
        "weightedAverageShsOutDil": 18970588,
        "link": null,
        "finalLink": null
    },
    {
        "date": "1990-10-31",
        "symbol": "PVH",
        "reportedCurrency": "USD",
        "cik": "0000078239",
        "fillingDate": "1990-10-31",
        "acceptedDate": "1990-10-31 00:00:00",
        "calendarYear": "1990",
        "period": "Q3",
        "revenue": 241500000,
        "costOfRevenue": 154400000,
        "grossProfit": 87100000,
        "grossProfitRatio": 0.3606625259,
        "researchAndDevelopmentExpenses": 0,
        "generalAndAdministrativeExpenses": 0,
        "sellingAndMarketingExpenses": 0,
        "sellingGeneralAndAdministrativeExpenses": 59200000,
        "otherExpenses": 2300000,
        "operatingExpenses": 61500000,
        "costAndExpenses": 215900000,
        "interestIncome": 0,
        "interestExpense": 0,
        "depreciationAndAmortization": 2300000,
        "ebitda": 27900000,
        "ebitdaratio": 0.1155279503,
        "operatingIncome": 25600000,
        "operatingIncomeRatio": 0.1060041408,
        "totalOtherIncomeExpensesNet": -5000000,
        "incomeBeforeTax": 20600000,
        "incomeBeforeTaxRatio": 0.085300207,
        "incomeTaxExpense": 5700000,
        "netIncome": 14900000,
        "netIncomeRatio": 0.0616977226,
        "eps": 0.68,
        "epsdiluted": 0.68,
        "weightedAverageShsOut": 18970588,
        "weightedAverageShsOutDil": 18970588,
        "link": null,
        "finalLink": null
    },
    {
        "date": "1990-07-31",
        "symbol": "PVH",
        "reportedCurrency": "USD",
        "cik": "0000078239",
        "fillingDate": "1990-07-31",
        "acceptedDate": "1990-07-31 00:00:00",
        "calendarYear": "1990",
        "period": "Q2",
        "revenue": 191100000,
        "costOfRevenue": 121000000,
        "grossProfit": 70100000,
        "grossProfitRatio": 0.3668236525,
        "researchAndDevelopmentExpenses": 0,
        "generalAndAdministrativeExpenses": 0,
        "sellingAndMarketingExpenses": 0,
        "sellingGeneralAndAdministrativeExpenses": 55200000,
        "otherExpenses": 2300000,
        "operatingExpenses": 57500000,
        "costAndExpenses": 178500000,
        "interestIncome": 0,
        "interestExpense": 0,
        "depreciationAndAmortization": 2300000,
        "ebitda": 14900000,
        "ebitdaratio": 0.0779696494,
        "operatingIncome": 12600000,
        "operatingIncomeRatio": 0.0659340659,
        "totalOtherIncomeExpensesNet": -4700000,
        "incomeBeforeTax": 7900000,
        "incomeBeforeTaxRatio": 0.0413396128,
        "incomeTaxExpense": 2200000,
        "netIncome": 5700000,
        "netIncomeRatio": 0.0298273155,
        "eps": 0.19,
        "epsdiluted": 0.19,
        "weightedAverageShsOut": 19473684,
        "weightedAverageShsOutDil": 19473684,
        "link": null,
        "finalLink": null
    },
    {
        "date": "1990-04-30",
        "symbol": "PVH",
        "reportedCurrency": "USD",
        "cik": "0000078239",
        "fillingDate": "1990-04-30",
        "acceptedDate": "1990-04-30 00:00:00",
        "calendarYear": "1990",
        "period": "Q1",
        "revenue": 155400000,
        "costOfRevenue": 96000000,
        "grossProfit": 59400000,
        "grossProfitRatio": 0.3822393822,
        "researchAndDevelopmentExpenses": 0,
        "generalAndAdministrativeExpenses": 0,
        "sellingAndMarketingExpenses": 0,
        "sellingGeneralAndAdministrativeExpenses": 52000000,
        "otherExpenses": 2400000,
        "operatingExpenses": 54400000,
        "costAndExpenses": 150400000,
        "interestIncome": 0,
        "interestExpense": 0,
        "depreciationAndAmortization": 2400000,
        "ebitda": 7400000,
        "ebitdaratio": 0.0476190476,
        "operatingIncome": 5000000,
        "operatingIncomeRatio": 0.0321750322,
        "totalOtherIncomeExpensesNet": -4100000,
        "incomeBeforeTax": 900000,
        "incomeBeforeTaxRatio": 0.0057915058,
        "incomeTaxExpense": 300000,
        "netIncome": 600000,
        "netIncomeRatio": 0.0038610039,
        "eps": -0.08,
        "epsdiluted": -0.08,
        "weightedAverageShsOut": 17500000,
        "weightedAverageShsOutDil": 17500000,
        "link": null,
        "finalLink": null
    },
    {
        "date": "1990-01-31",
        "symbol": "PVH",
        "reportedCurrency": "USD",
        "cik": "0000078239",
        "fillingDate": "1990-01-31",
        "acceptedDate": "1990-01-31 00:00:00",
        "calendarYear": "1989",
        "period": "Q4",
        "revenue": 185900000,
        "costOfRevenue": 122300000,
        "grossProfit": 63600000,
        "grossProfitRatio": 0.342119419,
        "researchAndDevelopmentExpenses": 0,
        "generalAndAdministrativeExpenses": 0,
        "sellingAndMarketingExpenses": 0,
        "sellingGeneralAndAdministrativeExpenses": 52400000,
        "otherExpenses": 1700000,
        "operatingExpenses": 54100000,
        "costAndExpenses": 176400000,
        "interestIncome": 0,
        "interestExpense": 0,
        "depreciationAndAmortization": 1700000,
        "ebitda": 11200000,
        "ebitdaratio": 0.0602474449,
        "operatingIncome": 9500000,
        "operatingIncomeRatio": 0.0511027434,
        "totalOtherIncomeExpensesNet": -6200000,
        "incomeBeforeTax": 3300000,
        "incomeBeforeTaxRatio": 0.0177514793,
        "incomeTaxExpense": 700000,
        "netIncome": 2600000,
        "netIncomeRatio": 0.013986014,
        "eps": 0.12,
        "epsdiluted": 0.12,
        "weightedAverageShsOut": 22424242,
        "weightedAverageShsOutDil": 22424242,
        "link": null,
        "finalLink": null
    },
    {
        "date": "1989-10-31",
        "symbol": "PVH",
        "reportedCurrency": "USD",
        "cik": "0000078239",
        "fillingDate": "1989-10-31",
        "acceptedDate": "1989-10-31 00:00:00",
        "calendarYear": "1989",
        "period": "Q3",
        "revenue": 232500000,
        "costOfRevenue": 154000000,
        "grossProfit": 78500000,
        "grossProfitRatio": 0.3376344086,
        "researchAndDevelopmentExpenses": 0,
        "generalAndAdministrativeExpenses": 0,
        "sellingAndMarketingExpenses": 0,
        "sellingGeneralAndAdministrativeExpenses": 51800000,
        "otherExpenses": 1900000,
        "operatingExpenses": 53700000,
        "costAndExpenses": 207700000,
        "interestIncome": 0,
        "interestExpense": 0,
        "depreciationAndAmortization": 1900000,
        "ebitda": 26700000,
        "ebitdaratio": 0.1148387097,
        "operatingIncome": 24800000,
        "operatingIncomeRatio": 0.1066666667,
        "totalOtherIncomeExpensesNet": -4700000,
        "incomeBeforeTax": 20100000,
        "incomeBeforeTaxRatio": 0.0864516129,
        "incomeTaxExpense": 5300000,
        "netIncome": 14800000,
        "netIncomeRatio": 0.063655914,
        "eps": 0.66,
        "epsdiluted": 0.6,
        "weightedAverageShsOut": 22424242,
        "weightedAverageShsOutDil": 22424242,
        "link": null,
        "finalLink": null
    },
    {
        "date": "1989-07-31",
        "symbol": "PVH",
        "reportedCurrency": "USD",
        "cik": "0000078239",
        "fillingDate": "1989-07-31",
        "acceptedDate": "1989-07-30 20:00:00",
        "calendarYear": "1989",
        "period": "Q2",
        "revenue": 166400000,
        "costOfRevenue": 111600000,
        "grossProfit": 54800000,
        "grossProfitRatio": 0.3293269231,
        "researchAndDevelopmentExpenses": 0,
        "generalAndAdministrativeExpenses": 0,
        "sellingAndMarketingExpenses": 0,
        "sellingGeneralAndAdministrativeExpenses": 43000000,
        "otherExpenses": 1900000,
        "operatingExpenses": 44900000,
        "costAndExpenses": 156500000,
        "interestIncome": 0,
        "interestExpense": 0,
        "depreciationAndAmortization": 1900000,
        "ebitda": 11800000,
        "ebitdaratio": 0.0709134615,
        "operatingIncome": 9900000,
        "operatingIncomeRatio": 0.0594951923,
        "totalOtherIncomeExpensesNet": -4600000,
        "incomeBeforeTax": 5300000,
        "incomeBeforeTaxRatio": 0.0318509615,
        "incomeTaxExpense": 1500000,
        "netIncome": 3800000,
        "netIncomeRatio": 0.0228365385,
        "eps": 0.09,
        "epsdiluted": 0.09,
        "weightedAverageShsOut": 18143000,
        "weightedAverageShsOutDil": 18143000,
        "link": "",
        "finalLink": ""
    },
    {
        "date": "1989-04-30",
        "symbol": "PVH",
        "reportedCurrency": "USD",
        "cik": "0000078239",
        "fillingDate": "1989-04-30",
        "acceptedDate": "1989-04-29 20:00:00",
        "calendarYear": "1989",
        "period": "Q1",
        "revenue": 148100000,
        "costOfRevenue": 0,
        "grossProfit": 148100000,
        "grossProfitRatio": 1,
        "researchAndDevelopmentExpenses": 0,
        "generalAndAdministrativeExpenses": 0,
        "sellingAndMarketingExpenses": 0,
        "sellingGeneralAndAdministrativeExpenses": 0,
        "otherExpenses": 0,
        "operatingExpenses": 0,
        "costAndExpenses": 0,
        "interestIncome": 0,
        "interestExpense": 0,
        "depreciationAndAmortization": 0,
        "ebitda": 148100000,
        "ebitdaratio": 1,
        "operatingIncome": 148100000,
        "operatingIncomeRatio": 1,
        "totalOtherIncomeExpensesNet": -148100000,
        "incomeBeforeTax": 0,
        "incomeBeforeTaxRatio": 0,
        "incomeTaxExpense": 0,
        "netIncome": 3000000,
        "netIncomeRatio": 0.0202565834,
        "eps": 0.05,
        "epsdiluted": 0.05,
        "weightedAverageShsOut": 18094000,
        "weightedAverageShsOutDil": 18094000,
        "link": "",
        "finalLink": ""
    },
    {
        "date": "1989-01-31",
        "symbol": "PVH",
        "reportedCurrency": "USD",
        "cik": "0000078239",
        "fillingDate": "1989-01-31",
        "acceptedDate": "1989-01-30 19:00:00",
        "calendarYear": "1988",
        "period": "Q4",
        "revenue": 164100000,
        "costOfRevenue": 0,
        "grossProfit": 164100000,
        "grossProfitRatio": 1,
        "researchAndDevelopmentExpenses": 0,
        "generalAndAdministrativeExpenses": 0,
        "sellingAndMarketingExpenses": 0,
        "sellingGeneralAndAdministrativeExpenses": 0,
        "otherExpenses": -595300000,
        "operatingExpenses": -595300000,
        "costAndExpenses": -595300000,
        "interestIncome": 0,
        "interestExpense": 0,
        "depreciationAndAmortization": 0,
        "ebitda": -431200000,
        "ebitdaratio": -2.6276660573,
        "operatingIncome": -431200000,
        "operatingIncomeRatio": -2.6276660573,
        "totalOtherIncomeExpensesNet": 431200000,
        "incomeBeforeTax": 0,
        "incomeBeforeTaxRatio": 0,
        "incomeTaxExpense": 0,
        "netIncome": 3400000,
        "netIncomeRatio": 0.0207190737,
        "eps": 0.08,
        "epsdiluted": 0.07,
        "weightedAverageShsOut": 18090000,
        "weightedAverageShsOutDil": 18090000,
        "link": "",
        "finalLink": ""
    },
    {
        "date": "1988-10-31",
        "symbol": "PVH",
        "reportedCurrency": "USD",
        "cik": "0000078239",
        "fillingDate": "1988-10-31",
        "acceptedDate": "1988-10-30 19:00:00",
        "calendarYear": "1988",
        "period": "Q3",
        "revenue": 210400000,
        "costOfRevenue": 0,
        "grossProfit": 210400000,
        "grossProfitRatio": 1,
        "researchAndDevelopmentExpenses": 0,
        "generalAndAdministrativeExpenses": 0,
        "sellingAndMarketingExpenses": 0,
        "sellingGeneralAndAdministrativeExpenses": 0,
        "otherExpenses": 0,
        "operatingExpenses": 0,
        "costAndExpenses": 0,
        "interestIncome": 0,
        "interestExpense": 0,
        "depreciationAndAmortization": 0,
        "ebitda": 210400000,
        "ebitdaratio": 1,
        "operatingIncome": 210400000,
        "operatingIncomeRatio": 1,
        "totalOtherIncomeExpensesNet": -210400000,
        "incomeBeforeTax": 0,
        "incomeBeforeTaxRatio": 0,
        "incomeTaxExpense": 0,
        "netIncome": 12700000,
        "netIncomeRatio": 0.0603612167,
        "eps": 0.58,
        "epsdiluted": 0.58,
        "weightedAverageShsOut": 18090000,
        "weightedAverageShsOutDil": 18090000,
        "link": "",
        "finalLink": ""
    },
    {
        "date": "1988-07-31",
        "symbol": "PVH",
        "reportedCurrency": "USD",
        "cik": "0000078239",
        "fillingDate": "1988-07-31",
        "acceptedDate": "1988-07-30 20:00:00",
        "calendarYear": "1988",
        "period": "Q2",
        "revenue": 143600000,
        "costOfRevenue": 0,
        "grossProfit": 143600000,
        "grossProfitRatio": 1,
        "researchAndDevelopmentExpenses": 0,
        "generalAndAdministrativeExpenses": 0,
        "sellingAndMarketingExpenses": 0,
        "sellingGeneralAndAdministrativeExpenses": 0,
        "otherExpenses": 0,
        "operatingExpenses": 0,
        "costAndExpenses": 0,
        "interestIncome": 0,
        "interestExpense": 0,
        "depreciationAndAmortization": 0,
        "ebitda": 143600000,
        "ebitdaratio": 1,
        "operatingIncome": 143600000,
        "operatingIncomeRatio": 1,
        "totalOtherIncomeExpensesNet": -143600000,
        "incomeBeforeTax": 0,
        "incomeBeforeTaxRatio": 0,
        "incomeTaxExpense": 0,
        "netIncome": 0,
        "netIncomeRatio": 0,
        "eps": 0.04,
        "epsdiluted": 0.04,
        "weightedAverageShsOut": 18090000,
        "weightedAverageShsOutDil": 18090000,
        "link": "",
        "finalLink": ""
    },
    {
        "date": "1988-04-30",
        "symbol": "PVH",
        "reportedCurrency": "USD",
        "cik": "0000078239",
        "fillingDate": "1988-04-30",
        "acceptedDate": "1988-04-29 20:00:00",
        "calendarYear": "1988",
        "period": "Q1",
        "revenue": 122900000,
        "costOfRevenue": 0,
        "grossProfit": 122900000,
        "grossProfitRatio": 1,
        "researchAndDevelopmentExpenses": 0,
        "generalAndAdministrativeExpenses": 0,
        "sellingAndMarketingExpenses": 0,
        "sellingGeneralAndAdministrativeExpenses": 0,
        "otherExpenses": 0,
        "operatingExpenses": 0,
        "costAndExpenses": 0,
        "interestIncome": 0,
        "interestExpense": 0,
        "depreciationAndAmortization": 0,
        "ebitda": 122900000,
        "ebitdaratio": 1,
        "operatingIncome": 122900000,
        "operatingIncomeRatio": 1,
        "totalOtherIncomeExpensesNet": -122900000,
        "incomeBeforeTax": 0,
        "incomeBeforeTaxRatio": 0,
        "incomeTaxExpense": 0,
        "netIncome": 1900000,
        "netIncomeRatio": 0.0154597234,
        "eps": -0.01,
        "epsdiluted": -0.01,
        "weightedAverageShsOut": 18090000,
        "weightedAverageShsOutDil": 18090000,
        "link": "",
        "finalLink": ""
    },
    {
        "date": "1988-01-31",
        "symbol": "PVH",
        "reportedCurrency": "USD",
        "cik": "0000078239",
        "fillingDate": "1988-01-31",
        "acceptedDate": "1988-01-30 19:00:00",
        "calendarYear": "1987",
        "period": "Q4",
        "revenue": 88000000,
        "costOfRevenue": 0,
        "grossProfit": 88000000,
        "grossProfitRatio": 1,
        "researchAndDevelopmentExpenses": 0,
        "generalAndAdministrativeExpenses": 0,
        "sellingAndMarketingExpenses": 0,
        "sellingGeneralAndAdministrativeExpenses": 0,
        "otherExpenses": -460600000,
        "operatingExpenses": -460600000,
        "costAndExpenses": -460600000,
        "interestIncome": 0,
        "interestExpense": 0,
        "depreciationAndAmortization": 0,
        "ebitda": -372600000,
        "ebitdaratio": -4.2340909091,
        "operatingIncome": -372600000,
        "operatingIncomeRatio": -4.2340909091,
        "totalOtherIncomeExpensesNet": 372600000,
        "incomeBeforeTax": 0,
        "incomeBeforeTaxRatio": 0,
        "incomeTaxExpense": 0,
        "netIncome": 0,
        "netIncomeRatio": 0,
        "eps": -0.28,
        "epsdiluted": -0.28,
        "weightedAverageShsOut": 19774000,
        "weightedAverageShsOutDil": 19774000,
        "link": "",
        "finalLink": ""
    },
    {
        "date": "1987-10-31",
        "symbol": "PVH",
        "reportedCurrency": "USD",
        "cik": "0000078239",
        "fillingDate": "1987-10-31",
        "acceptedDate": "1987-10-30 19:00:00",
        "calendarYear": "1987",
        "period": "Q3",
        "revenue": 181800000,
        "costOfRevenue": 0,
        "grossProfit": 181800000,
        "grossProfitRatio": 1,
        "researchAndDevelopmentExpenses": 0,
        "generalAndAdministrativeExpenses": 0,
        "sellingAndMarketingExpenses": 0,
        "sellingGeneralAndAdministrativeExpenses": 0,
        "otherExpenses": 0,
        "operatingExpenses": 0,
        "costAndExpenses": 0,
        "interestIncome": 0,
        "interestExpense": 0,
        "depreciationAndAmortization": 0,
        "ebitda": 181800000,
        "ebitdaratio": 1,
        "operatingIncome": 181800000,
        "operatingIncomeRatio": 1,
        "totalOtherIncomeExpensesNet": -181800000,
        "incomeBeforeTax": 0,
        "incomeBeforeTaxRatio": 0,
        "incomeTaxExpense": 0,
        "netIncome": 0,
        "netIncomeRatio": 0,
        "eps": 0.67,
        "epsdiluted": 0.67,
        "weightedAverageShsOut": 19774000,
        "weightedAverageShsOutDil": 19774000,
        "link": "",
        "finalLink": ""
    },
    {
        "date": "1987-07-31",
        "symbol": "PVH",
        "reportedCurrency": "USD",
        "cik": "0000078239",
        "fillingDate": "1987-07-31",
        "acceptedDate": "1987-07-30 20:00:00",
        "calendarYear": "1987",
        "period": "Q2",
        "revenue": 115100000,
        "costOfRevenue": 0,
        "grossProfit": 115100000,
        "grossProfitRatio": 1,
        "researchAndDevelopmentExpenses": 0,
        "generalAndAdministrativeExpenses": 0,
        "sellingAndMarketingExpenses": 0,
        "sellingGeneralAndAdministrativeExpenses": 0,
        "otherExpenses": 0,
        "operatingExpenses": 0,
        "costAndExpenses": 0,
        "interestIncome": 0,
        "interestExpense": 0,
        "depreciationAndAmortization": 0,
        "ebitda": 115100000,
        "ebitdaratio": 1,
        "operatingIncome": 115100000,
        "operatingIncomeRatio": 1,
        "totalOtherIncomeExpensesNet": -115100000,
        "incomeBeforeTax": 0,
        "incomeBeforeTaxRatio": 0,
        "incomeTaxExpense": 0,
        "netIncome": 0,
        "netIncomeRatio": 0,
        "eps": 0.36,
        "epsdiluted": 0.36,
        "weightedAverageShsOut": 19774000,
        "weightedAverageShsOutDil": 19774000,
        "link": "",
        "finalLink": ""
    },
    {
        "date": "1987-04-30",
        "symbol": "PVH",
        "reportedCurrency": "USD",
        "cik": "0000078239",
        "fillingDate": "1987-04-30",
        "acceptedDate": "1987-04-29 20:00:00",
        "calendarYear": "1987",
        "period": "Q1",
        "revenue": 115100000,
        "costOfRevenue": 0,
        "grossProfit": 115100000,
        "grossProfitRatio": 1,
        "researchAndDevelopmentExpenses": 0,
        "generalAndAdministrativeExpenses": 0,
        "sellingAndMarketingExpenses": 0,
        "sellingGeneralAndAdministrativeExpenses": 0,
        "otherExpenses": 0,
        "operatingExpenses": 0,
        "costAndExpenses": 0,
        "interestIncome": 0,
        "interestExpense": 0,
        "depreciationAndAmortization": 0,
        "ebitda": 115100000,
        "ebitdaratio": 1,
        "operatingIncome": 115100000,
        "operatingIncomeRatio": 1,
        "totalOtherIncomeExpensesNet": -115100000,
        "incomeBeforeTax": 0,
        "incomeBeforeTaxRatio": 0,
        "incomeTaxExpense": 0,
        "netIncome": 0,
        "netIncomeRatio": 0,
        "eps": 0.37,
        "epsdiluted": 0.37,
        "weightedAverageShsOut": 19774000,
        "weightedAverageShsOutDil": 19774000,
        "link": "",
        "finalLink": ""
    },
    {
        "date": "1987-01-31",
        "symbol": "PVH",
        "reportedCurrency": "USD",
        "cik": "0000078239",
        "fillingDate": "1987-01-31",
        "acceptedDate": "1987-01-30 19:00:00",
        "calendarYear": "1986",
        "period": "Q4",
        "revenue": 130400000,
        "costOfRevenue": 0,
        "grossProfit": 130400000,
        "grossProfitRatio": 1,
        "researchAndDevelopmentExpenses": 0,
        "generalAndAdministrativeExpenses": 0,
        "sellingAndMarketingExpenses": 0,
        "sellingGeneralAndAdministrativeExpenses": 0,
        "otherExpenses": -470700000,
        "operatingExpenses": -470700000,
        "costAndExpenses": -470700000,
        "interestIncome": 0,
        "interestExpense": 0,
        "depreciationAndAmortization": 0,
        "ebitda": -340300000,
        "ebitdaratio": -2.6096625767,
        "operatingIncome": -340300000,
        "operatingIncomeRatio": -2.6096625767,
        "totalOtherIncomeExpensesNet": 340300000,
        "incomeBeforeTax": 0,
        "incomeBeforeTaxRatio": 0,
        "incomeTaxExpense": 0,
        "netIncome": 4000000,
        "netIncomeRatio": 0.0306748466,
        "eps": 0.13,
        "epsdiluted": 0.13,
        "weightedAverageShsOut": 30270000,
        "weightedAverageShsOutDil": 30646000,
        "link": "",
        "finalLink": ""
    },
    {
        "date": "1986-10-31",
        "symbol": "PVH",
        "reportedCurrency": "USD",
        "cik": "0000078239",
        "fillingDate": "1986-10-31",
        "acceptedDate": "1986-10-30 19:00:00",
        "calendarYear": "1986",
        "period": "Q3",
        "revenue": 169000000,
        "costOfRevenue": 0,
        "grossProfit": 169000000,
        "grossProfitRatio": 1,
        "researchAndDevelopmentExpenses": 0,
        "generalAndAdministrativeExpenses": 0,
        "sellingAndMarketingExpenses": 0,
        "sellingGeneralAndAdministrativeExpenses": 0,
        "otherExpenses": 0,
        "operatingExpenses": 0,
        "costAndExpenses": 0,
        "interestIncome": 0,
        "interestExpense": 0,
        "depreciationAndAmortization": 0,
        "ebitda": 169000000,
        "ebitdaratio": 1,
        "operatingIncome": 169000000,
        "operatingIncomeRatio": 1,
        "totalOtherIncomeExpensesNet": -169000000,
        "incomeBeforeTax": 0,
        "incomeBeforeTaxRatio": 0,
        "incomeTaxExpense": 0,
        "netIncome": 10000000,
        "netIncomeRatio": 0.0591715976,
        "eps": 0.32,
        "epsdiluted": 0.32,
        "weightedAverageShsOut": 30646000,
        "weightedAverageShsOutDil": 30646000,
        "link": "",
        "finalLink": ""
    },
    {
        "date": "1986-07-31",
        "symbol": "PVH",
        "reportedCurrency": "USD",
        "cik": "0000078239",
        "fillingDate": "1986-07-31",
        "acceptedDate": "1986-07-30 20:00:00",
        "calendarYear": "1986",
        "period": "Q2",
        "revenue": 110900000,
        "costOfRevenue": 0,
        "grossProfit": 110900000,
        "grossProfitRatio": 1,
        "researchAndDevelopmentExpenses": 0,
        "generalAndAdministrativeExpenses": 0,
        "sellingAndMarketingExpenses": 0,
        "sellingGeneralAndAdministrativeExpenses": 0,
        "otherExpenses": 0,
        "operatingExpenses": 0,
        "costAndExpenses": 0,
        "interestIncome": 0,
        "interestExpense": 0,
        "depreciationAndAmortization": 0,
        "ebitda": 110900000,
        "ebitdaratio": 1,
        "operatingIncome": 110900000,
        "operatingIncomeRatio": 1,
        "totalOtherIncomeExpensesNet": -110900000,
        "incomeBeforeTax": 0,
        "incomeBeforeTaxRatio": 0,
        "incomeTaxExpense": 0,
        "netIncome": 2400000,
        "netIncomeRatio": 0.0216411181,
        "eps": 0.08,
        "epsdiluted": 0.08,
        "weightedAverageShsOut": 30596000,
        "weightedAverageShsOutDil": 30596000,
        "link": "",
        "finalLink": ""
    },
    {
        "date": "1986-04-30",
        "symbol": "PVH",
        "reportedCurrency": "USD",
        "cik": "0000078239",
        "fillingDate": "1986-04-30",
        "acceptedDate": "1986-04-29 20:00:00",
        "calendarYear": "1986",
        "period": "Q1",
        "revenue": 104100000,
        "costOfRevenue": 0,
        "grossProfit": 104100000,
        "grossProfitRatio": 1,
        "researchAndDevelopmentExpenses": 0,
        "generalAndAdministrativeExpenses": 0,
        "sellingAndMarketingExpenses": 0,
        "sellingGeneralAndAdministrativeExpenses": 0,
        "otherExpenses": 0,
        "operatingExpenses": 0,
        "costAndExpenses": 0,
        "interestIncome": 0,
        "interestExpense": 0,
        "depreciationAndAmortization": 0,
        "ebitda": 104100000,
        "ebitdaratio": 1,
        "operatingIncome": 104100000,
        "operatingIncomeRatio": 1,
        "totalOtherIncomeExpensesNet": -104100000,
        "incomeBeforeTax": 0,
        "incomeBeforeTaxRatio": 0,
        "incomeTaxExpense": 0,
        "netIncome": 3800000,
        "netIncomeRatio": 0.0365033622,
        "eps": 0.12,
        "epsdiluted": 0.12,
        "weightedAverageShsOut": 30550000,
        "weightedAverageShsOutDil": 30550000,
        "link": "",
        "finalLink": ""
    },
    {
        "date": "1986-01-31",
        "symbol": "PVH",
        "reportedCurrency": "USD",
        "cik": "0000078239",
        "fillingDate": "1986-01-31",
        "acceptedDate": "1986-01-30 19:00:00",
        "calendarYear": "1985",
        "period": "Q4",
        "revenue": 128600000,
        "costOfRevenue": 0,
        "grossProfit": 128600000,
        "grossProfitRatio": 1,
        "researchAndDevelopmentExpenses": 0,
        "generalAndAdministrativeExpenses": 0,
        "sellingAndMarketingExpenses": 0,
        "sellingGeneralAndAdministrativeExpenses": 0,
        "otherExpenses": -511000000,
        "operatingExpenses": -511000000,
        "costAndExpenses": -511000000,
        "interestIncome": 0,
        "interestExpense": 0,
        "depreciationAndAmortization": 0,
        "ebitda": -382400000,
        "ebitdaratio": -2.9735614308,
        "operatingIncome": -382400000,
        "operatingIncomeRatio": -2.9735614308,
        "totalOtherIncomeExpensesNet": 382400000,
        "incomeBeforeTax": 0,
        "incomeBeforeTaxRatio": 0,
        "incomeTaxExpense": 0,
        "netIncome": 3400000,
        "netIncomeRatio": 0.0264385692,
        "eps": 0.11,
        "epsdiluted": 0.11,
        "weightedAverageShsOut": 30530000,
        "weightedAverageShsOutDil": 30530000,
        "link": "",
        "finalLink": ""
    },
    {
        "date": "1985-10-31",
        "symbol": "PVH",
        "reportedCurrency": "USD",
        "cik": "0000078239",
        "fillingDate": "1985-10-31",
        "acceptedDate": "1985-10-30 19:00:00",
        "calendarYear": "1985",
        "period": "Q3",
        "revenue": 187100000,
        "costOfRevenue": 0,
        "grossProfit": 187100000,
        "grossProfitRatio": 1,
        "researchAndDevelopmentExpenses": 0,
        "generalAndAdministrativeExpenses": 0,
        "sellingAndMarketingExpenses": 0,
        "sellingGeneralAndAdministrativeExpenses": 0,
        "otherExpenses": 0,
        "operatingExpenses": 0,
        "costAndExpenses": 0,
        "interestIncome": 0,
        "interestExpense": 0,
        "depreciationAndAmortization": 0,
        "ebitda": 187100000,
        "ebitdaratio": 1,
        "operatingIncome": 187100000,
        "operatingIncomeRatio": 1,
        "totalOtherIncomeExpensesNet": -187100000,
        "incomeBeforeTax": 0,
        "incomeBeforeTaxRatio": 0,
        "incomeTaxExpense": 0,
        "netIncome": 9000000,
        "netIncomeRatio": 0.0481026189,
        "eps": 0.29,
        "epsdiluted": 0.29,
        "weightedAverageShsOut": 30530000,
        "weightedAverageShsOutDil": 30530000,
        "link": "",
        "finalLink": ""
    }
]