[
    {
        "date": "2016-07-03",
        "symbol": "QLGC",
        "reportedCurrency": "USD",
        "cik": "0000918386",
        "fillingDate": "2016-08-08",
        "acceptedDate": "2016-08-08 17:10:58",
        "calendarYear": "2017",
        "period": "Q1",
        "revenue": 116404000,
        "costOfRevenue": 48302000,
        "grossProfit": 68102000,
        "grossProfitRatio": 0.5850486238,
        "researchAndDevelopmentExpenses": 30649000,
        "generalAndAdministrativeExpenses": -3960000,
        "sellingAndMarketingExpenses": 13520000,
        "sellingGeneralAndAdministrativeExpenses": 9560000,
        "otherExpenses": 13520000,
        "operatingExpenses": 53729000,
        "costAndExpenses": 102031000,
        "interestIncome": 0,
        "interestExpense": 0,
        "depreciationAndAmortization": 10010000,
        "ebitda": 27353000,
        "ebitdaratio": 0.2349833339,
        "operatingIncome": 14997000,
        "operatingIncomeRatio": 0.1288357788,
        "totalOtherIncomeExpensesNet": 2346000,
        "incomeBeforeTax": 17343000,
        "incomeBeforeTaxRatio": 0.1489897254,
        "incomeTaxExpense": -940000,
        "netIncome": 18283000,
        "netIncomeRatio": 0.1570650493,
        "eps": 0.22,
        "epsdiluted": 0.22,
        "weightedAverageShsOut": 83431000,
        "weightedAverageShsOutDil": 84542000,
        "link": "https://www.sec.gov/Archives/edgar/data/918386/000156459016023347/0001564590-16-023347-index.htm",
        "finalLink": "https://www.sec.gov/Archives/edgar/data/918386/000156459016023347/qlgc-10q_20160703.htm"
    },
    {
        "date": "2016-04-03",
        "symbol": "QLGC",
        "reportedCurrency": "USD",
        "cik": "0000918386",
        "fillingDate": "2016-05-26",
        "acceptedDate": "2016-05-26 16:24:44",
        "calendarYear": "2016",
        "period": "Q4",
        "revenue": 119424000,
        "costOfRevenue": 48059000,
        "grossProfit": 71365000,
        "grossProfitRatio": 0.5975767015,
        "researchAndDevelopmentExpenses": 31287000,
        "generalAndAdministrativeExpenses": -7615000,
        "sellingAndMarketingExpenses": 14236000,
        "sellingGeneralAndAdministrativeExpenses": 6621000,
        "otherExpenses": 15428000,
        "operatingExpenses": 53336000,
        "costAndExpenses": 101395000,
        "interestIncome": 0,
        "interestExpense": 0,
        "depreciationAndAmortization": 8845000,
        "ebitda": 27730000,
        "ebitdaratio": 0.2321978832,
        "operatingIncome": 18029000,
        "operatingIncomeRatio": 0.1509663049,
        "totalOtherIncomeExpensesNet": 856000,
        "incomeBeforeTax": 18885000,
        "incomeBeforeTaxRatio": 0.1581340434,
        "incomeTaxExpense": 646000,
        "netIncome": 18239000,
        "netIncomeRatio": 0.1527247454,
        "eps": 0.21,
        "epsdiluted": 0.21,
        "weightedAverageShsOut": 85122000,
        "weightedAverageShsOutDil": 86110000,
        "link": "https://www.sec.gov/Archives/edgar/data/918386/000156459016020020/0001564590-16-020020-index.html",
        "finalLink": "https://www.sec.gov/Archives/edgar/data/918386/000156459016020020/qlgc-10k_20160403.htm"
    },
    {
        "date": "2015-12-27",
        "symbol": "QLGC",
        "reportedCurrency": "USD",
        "cik": "0000918386",
        "fillingDate": "2016-02-04",
        "acceptedDate": "2016-02-04 16:30:17",
        "calendarYear": "2016",
        "period": "Q3",
        "revenue": 122730000,
        "costOfRevenue": 50163000,
        "grossProfit": 72567000,
        "grossProfitRatio": 0.5912735273,
        "researchAndDevelopmentExpenses": 29626000,
        "generalAndAdministrativeExpenses": -6440000,
        "sellingAndMarketingExpenses": 13272000,
        "sellingGeneralAndAdministrativeExpenses": 6832000,
        "otherExpenses": 14653000,
        "operatingExpenses": 51111000,
        "costAndExpenses": 101274000,
        "interestIncome": 0,
        "interestExpense": 0,
        "depreciationAndAmortization": 9581000,
        "ebitda": 36628000,
        "ebitdaratio": 0.2984437383,
        "operatingIncome": 21456000,
        "operatingIncomeRatio": 0.1748227817,
        "totalOtherIncomeExpensesNet": 561000,
        "incomeBeforeTax": 22017000,
        "incomeBeforeTaxRatio": 0.1793937912,
        "incomeTaxExpense": 3614000,
        "netIncome": 23433000,
        "netIncomeRatio": 0.1909313126,
        "eps": 0.27,
        "epsdiluted": 0.27,
        "weightedAverageShsOut": 85916000,
        "weightedAverageShsOutDil": 86876000,
        "link": "https://www.sec.gov/Archives/edgar/data/918386/000156459016012347/0001564590-16-012347-index.html",
        "finalLink": "https://www.sec.gov/Archives/edgar/data/918386/000156459016012347/qlgc-10q_20151227.htm"
    },
    {
        "date": "2015-09-27",
        "symbol": "QLGC",
        "reportedCurrency": "USD",
        "cik": "0000918386",
        "fillingDate": "2015-10-29",
        "acceptedDate": "2015-10-29 16:22:39",
        "calendarYear": "2016",
        "period": "Q2",
        "revenue": 103354000,
        "costOfRevenue": 42175000,
        "grossProfit": 61179000,
        "grossProfitRatio": 0.5919364514,
        "researchAndDevelopmentExpenses": 32255000,
        "generalAndAdministrativeExpenses": -8699000,
        "sellingAndMarketingExpenses": 13624000,
        "sellingGeneralAndAdministrativeExpenses": 4925000,
        "otherExpenses": 21778000,
        "operatingExpenses": 58958000,
        "costAndExpenses": 101133000,
        "interestIncome": 0,
        "interestExpense": 0,
        "depreciationAndAmortization": 10421000,
        "ebitda": 12795000,
        "ebitdaratio": 0.1237978211,
        "operatingIncome": 2221000,
        "operatingIncomeRatio": 0.0214892505,
        "totalOtherIncomeExpensesNet": 153000,
        "incomeBeforeTax": 2374000,
        "incomeBeforeTaxRatio": 0.0229695996,
        "incomeTaxExpense": 136000,
        "netIncome": 2238000,
        "netIncomeRatio": 0.0216537338,
        "eps": 0.0257,
        "epsdiluted": 0.0254,
        "weightedAverageShsOut": 87122000,
        "weightedAverageShsOutDil": 88160000,
        "link": "https://www.sec.gov/Archives/edgar/data/918386/000156459015008881/0001564590-15-008881-index.html",
        "finalLink": "https://www.sec.gov/Archives/edgar/data/918386/000156459015008881/qlgc-10q_20150927.htm"
    },
    {
        "date": "2015-06-28",
        "symbol": "QLGC",
        "reportedCurrency": "USD",
        "cik": "0000918386",
        "fillingDate": "2015-08-06",
        "acceptedDate": "2015-08-06 16:11:20",
        "calendarYear": "2016",
        "period": "Q1",
        "revenue": 113405000,
        "costOfRevenue": 47067000,
        "grossProfit": 66338000,
        "grossProfitRatio": 0.5849653895,
        "researchAndDevelopmentExpenses": 35606000,
        "generalAndAdministrativeExpenses": -8410000,
        "sellingAndMarketingExpenses": 15486000,
        "sellingGeneralAndAdministrativeExpenses": 7076000,
        "otherExpenses": 16565000,
        "operatingExpenses": 59247000,
        "costAndExpenses": 106314000,
        "interestIncome": 0,
        "interestExpense": 0,
        "depreciationAndAmortization": 10616000,
        "ebitda": 18066000,
        "ebitdaratio": 0.1593051453,
        "operatingIncome": 7091000,
        "operatingIncomeRatio": 0.0625281072,
        "totalOtherIncomeExpensesNet": 359000,
        "incomeBeforeTax": 7450000,
        "incomeBeforeTaxRatio": 0.0656937525,
        "incomeTaxExpense": 4894000,
        "netIncome": 2556000,
        "netIncomeRatio": 0.0225386888,
        "eps": 0.0293,
        "epsdiluted": 0.0287,
        "weightedAverageShsOut": 87334000,
        "weightedAverageShsOutDil": 88914000,
        "link": "https://www.sec.gov/Archives/edgar/data/918386/000119312515281016/0001193125-15-281016-index.html",
        "finalLink": "https://www.sec.gov/Archives/edgar/data/918386/000119312515281016/d938594d10q.htm"
    },
    {
        "date": "2015-03-29",
        "symbol": "QLGC",
        "reportedCurrency": "USD",
        "cik": "0000918386",
        "fillingDate": "2015-05-26",
        "acceptedDate": "2015-05-26 16:57:45",
        "calendarYear": "2015",
        "period": "Q4",
        "revenue": 133043000,
        "costOfRevenue": 55497000,
        "grossProfit": 77546000,
        "grossProfitRatio": 0.5828641868,
        "researchAndDevelopmentExpenses": 36157000,
        "generalAndAdministrativeExpenses": -9452000,
        "sellingAndMarketingExpenses": 16690000,
        "sellingGeneralAndAdministrativeExpenses": 7238000,
        "otherExpenses": 22338000,
        "operatingExpenses": 65733000,
        "costAndExpenses": 121230000,
        "interestIncome": 0,
        "interestExpense": 0,
        "depreciationAndAmortization": 11608000,
        "ebitda": 24015000,
        "ebitdaratio": 0.1805055508,
        "operatingIncome": 11813000,
        "operatingIncomeRatio": 0.0887908421,
        "totalOtherIncomeExpensesNet": 594000,
        "incomeBeforeTax": 12407000,
        "incomeBeforeTaxRatio": 0.093255564,
        "incomeTaxExpense": 1259000,
        "netIncome": 11148000,
        "netIncomeRatio": 0.0837924581,
        "eps": 0.13,
        "epsdiluted": 0.13,
        "weightedAverageShsOut": 87584000,
        "weightedAverageShsOutDil": 88463000,
        "link": "https://www.sec.gov/Archives/edgar/data/918386/000119312515200239/0001193125-15-200239-index.html",
        "finalLink": "https://www.sec.gov/Archives/edgar/data/918386/000119312515200239/d895447d10k.htm"
    },
    {
        "date": "2014-12-28",
        "symbol": "QLGC",
        "reportedCurrency": "USD",
        "cik": "0000918386",
        "fillingDate": "2015-02-05",
        "acceptedDate": "2015-02-05 16:42:13",
        "calendarYear": "2015",
        "period": "Q3",
        "revenue": 140203000,
        "costOfRevenue": 57802000,
        "grossProfit": 82401000,
        "grossProfitRatio": 0.5877263682,
        "researchAndDevelopmentExpenses": 34802000,
        "generalAndAdministrativeExpenses": -8476000,
        "sellingAndMarketingExpenses": 16153000,
        "sellingGeneralAndAdministrativeExpenses": 7677000,
        "otherExpenses": 16222000,
        "operatingExpenses": 58701000,
        "costAndExpenses": 116503000,
        "interestIncome": 0,
        "interestExpense": 0,
        "depreciationAndAmortization": 11656000,
        "ebitda": 35087000,
        "ebitdaratio": 0.2502585537,
        "operatingIncome": 23700000,
        "operatingIncomeRatio": 0.1690406054,
        "totalOtherIncomeExpensesNet": -269000,
        "incomeBeforeTax": 23431000,
        "incomeBeforeTaxRatio": 0.1671219589,
        "incomeTaxExpense": 996000,
        "netIncome": 22435000,
        "netIncomeRatio": 0.1600179739,
        "eps": 0.26,
        "epsdiluted": 0.25,
        "weightedAverageShsOut": 87679000,
        "weightedAverageShsOutDil": 88294000,
        "link": "https://www.sec.gov/Archives/edgar/data/918386/000119312515035539/0001193125-15-035539-index.htm",
        "finalLink": "https://www.sec.gov/Archives/edgar/data/918386/000119312515035539/d829880d10q.htm"
    },
    {
        "date": "2014-09-28",
        "symbol": "QLGC",
        "reportedCurrency": "USD",
        "cik": "0000918386",
        "fillingDate": "2014-10-27",
        "acceptedDate": "2014-10-27 17:02:20",
        "calendarYear": "2015",
        "period": "Q2",
        "revenue": 127503000,
        "costOfRevenue": 52093000,
        "grossProfit": 75410000,
        "grossProfitRatio": 0.5914370642,
        "researchAndDevelopmentExpenses": 35480000,
        "generalAndAdministrativeExpenses": -6756000,
        "sellingAndMarketingExpenses": 15453000,
        "sellingGeneralAndAdministrativeExpenses": 8697000,
        "otherExpenses": 17712000,
        "operatingExpenses": 61889000,
        "costAndExpenses": 113982000,
        "interestIncome": 0,
        "interestExpense": 0,
        "depreciationAndAmortization": 11675000,
        "ebitda": 25492000,
        "ebitdaratio": 0.1999325506,
        "operatingIncome": 13521000,
        "operatingIncomeRatio": 0.1060445637,
        "totalOtherIncomeExpensesNet": 296000,
        "incomeBeforeTax": 13817000,
        "incomeBeforeTaxRatio": 0.1083660777,
        "incomeTaxExpense": 2807000,
        "netIncome": 11010000,
        "netIncomeRatio": 0.0863509094,
        "eps": 0.13,
        "epsdiluted": 0.12,
        "weightedAverageShsOut": 87654000,
        "weightedAverageShsOutDil": 88177000,
        "link": "https://www.sec.gov/Archives/edgar/data/918386/000119312514383416/0001193125-14-383416-index.html",
        "finalLink": "https://www.sec.gov/Archives/edgar/data/918386/000119312514383416/d773103d10q.htm"
    },
    {
        "date": "2014-06-29",
        "symbol": "QLGC",
        "reportedCurrency": "USD",
        "cik": "0000918386",
        "fillingDate": "2014-07-31",
        "acceptedDate": "2014-07-31 16:32:19",
        "calendarYear": "2015",
        "period": "Q1",
        "revenue": 119449000,
        "costOfRevenue": 48754000,
        "grossProfit": 70695000,
        "grossProfitRatio": 0.5918425437,
        "researchAndDevelopmentExpenses": 37821000,
        "generalAndAdministrativeExpenses": -7134000,
        "sellingAndMarketingExpenses": 16034000,
        "sellingGeneralAndAdministrativeExpenses": 8900000,
        "otherExpenses": 18578000,
        "operatingExpenses": 65299000,
        "costAndExpenses": 114053000,
        "interestIncome": 0,
        "interestExpense": 0,
        "depreciationAndAmortization": 12180000,
        "ebitda": 17718000,
        "ebitdaratio": 0.1483310869,
        "operatingIncome": 5396000,
        "operatingIncomeRatio": 0.045174091,
        "totalOtherIncomeExpensesNet": 142000,
        "incomeBeforeTax": 5538000,
        "incomeBeforeTaxRatio": 0.0463628829,
        "incomeTaxExpense": -462000,
        "netIncome": 6000000,
        "netIncomeRatio": 0.0502306424,
        "eps": 0.0687,
        "epsdiluted": 0.068,
        "weightedAverageShsOut": 87395000,
        "weightedAverageShsOutDil": 88253000,
        "link": "https://www.sec.gov/Archives/edgar/data/918386/000119312514289762/0001193125-14-289762-index.html",
        "finalLink": "https://www.sec.gov/Archives/edgar/data/918386/000119312514289762/d743026d10q.htm"
    },
    {
        "date": "2014-03-30",
        "symbol": "QLGC",
        "reportedCurrency": "USD",
        "cik": "0000918386",
        "fillingDate": "2014-05-23",
        "acceptedDate": "2014-05-23 06:05:04",
        "calendarYear": "2014",
        "period": "Q4",
        "revenue": 115720000,
        "costOfRevenue": 39422000,
        "grossProfit": 76298000,
        "grossProfitRatio": 0.6593328725,
        "researchAndDevelopmentExpenses": 36598000,
        "generalAndAdministrativeExpenses": -7011000,
        "sellingAndMarketingExpenses": 16410000,
        "sellingGeneralAndAdministrativeExpenses": 9399000,
        "otherExpenses": 72934000,
        "operatingExpenses": 118931000,
        "costAndExpenses": 158353000,
        "interestIncome": 0,
        "interestExpense": 0,
        "depreciationAndAmortization": 8903000,
        "ebitda": -32238000,
        "ebitdaratio": -0.2785862427,
        "operatingIncome": -42633000,
        "operatingIncomeRatio": -0.36841514,
        "totalOtherIncomeExpensesNet": 1492000,
        "incomeBeforeTax": -41141000,
        "incomeBeforeTaxRatio": -0.3555219495,
        "incomeTaxExpense": 5638000,
        "netIncome": -46779000,
        "netIncomeRatio": -0.4042430003,
        "eps": -0.53,
        "epsdiluted": -0.53,
        "weightedAverageShsOut": 87612000,
        "weightedAverageShsOutDil": 87612000,
        "link": "https://www.sec.gov/Archives/edgar/data/918386/000119312514210566/0001193125-14-210566-index.html",
        "finalLink": "https://www.sec.gov/Archives/edgar/data/918386/000119312514210566/d688517d10k.htm"
    },
    {
        "date": "2013-12-29",
        "symbol": "QLGC",
        "reportedCurrency": "USD",
        "cik": "0000918386",
        "fillingDate": "2014-02-06",
        "acceptedDate": "2014-02-06 16:25:25",
        "calendarYear": "2014",
        "period": "Q3",
        "revenue": 119449000,
        "costOfRevenue": 38446000,
        "grossProfit": 81003000,
        "grossProfitRatio": 0.6781387873,
        "researchAndDevelopmentExpenses": 35235000,
        "generalAndAdministrativeExpenses": -8707000,
        "sellingAndMarketingExpenses": 16113000,
        "sellingGeneralAndAdministrativeExpenses": 7406000,
        "otherExpenses": 18060000,
        "operatingExpenses": 60701000,
        "costAndExpenses": 99147000,
        "interestIncome": 0,
        "interestExpense": 0,
        "depreciationAndAmortization": 7890000,
        "ebitda": 29162000,
        "ebitdaratio": 0.2441376654,
        "operatingIncome": 20302000,
        "operatingIncomeRatio": 0.1699637502,
        "totalOtherIncomeExpensesNet": 970000,
        "incomeBeforeTax": 21272000,
        "incomeBeforeTaxRatio": 0.1780843707,
        "incomeTaxExpense": 686000,
        "netIncome": 20586000,
        "netIncomeRatio": 0.172341334,
        "eps": 0.23,
        "epsdiluted": 0.23,
        "weightedAverageShsOut": 87810000,
        "weightedAverageShsOutDil": 88209000,
        "link": "https://www.sec.gov/Archives/edgar/data/918386/000119312514038857/0001193125-14-038857-index.htm",
        "finalLink": "https://www.sec.gov/Archives/edgar/data/918386/000119312514038857/d640147d10q.htm"
    },
    {
        "date": "2013-09-29",
        "symbol": "QLGC",
        "reportedCurrency": "USD",
        "cik": "0000918386",
        "fillingDate": "2013-10-31",
        "acceptedDate": "2013-10-31 16:56:24",
        "calendarYear": "2014",
        "period": "Q2",
        "revenue": 112622000,
        "costOfRevenue": 36313000,
        "grossProfit": 76309000,
        "grossProfitRatio": 0.677567438,
        "researchAndDevelopmentExpenses": 34790000,
        "generalAndAdministrativeExpenses": -8878000,
        "sellingAndMarketingExpenses": 16431000,
        "sellingGeneralAndAdministrativeExpenses": 7553000,
        "otherExpenses": 20780000,
        "operatingExpenses": 63123000,
        "costAndExpenses": 99436000,
        "interestIncome": 0,
        "interestExpense": 0,
        "depreciationAndAmortization": 7924000,
        "ebitda": 21135000,
        "ebitdaratio": 0.1876631564,
        "operatingIncome": 13186000,
        "operatingIncomeRatio": 0.1170819201,
        "totalOtherIncomeExpensesNet": 25000,
        "incomeBeforeTax": 13211000,
        "incomeBeforeTaxRatio": 0.1173039015,
        "incomeTaxExpense": 2234000,
        "netIncome": 10977000,
        "netIncomeRatio": 0.0974676351,
        "eps": 0.12,
        "epsdiluted": 0.12,
        "weightedAverageShsOut": 88288000,
        "weightedAverageShsOutDil": 88720000,
        "link": "https://www.sec.gov/Archives/edgar/data/918386/000119312513421074/0001193125-13-421074-index.html",
        "finalLink": "https://www.sec.gov/Archives/edgar/data/918386/000119312513421074/d583456d10q.htm"
    },
    {
        "date": "2013-06-30",
        "symbol": "QLGC",
        "reportedCurrency": "USD",
        "cik": "0000918386",
        "fillingDate": "2013-08-01",
        "acceptedDate": "2013-08-01 17:17:18",
        "calendarYear": "2014",
        "period": "Q1",
        "revenue": 113116000,
        "costOfRevenue": 36619000,
        "grossProfit": 76497000,
        "grossProfitRatio": 0.6762703773,
        "researchAndDevelopmentExpenses": 40387000,
        "generalAndAdministrativeExpenses": -11674000,
        "sellingAndMarketingExpenses": 19413000,
        "sellingGeneralAndAdministrativeExpenses": 7739000,
        "otherExpenses": 31446000,
        "operatingExpenses": 79572000,
        "costAndExpenses": 116191000,
        "interestIncome": 0,
        "interestExpense": 0,
        "depreciationAndAmortization": 7806000,
        "ebitda": 5504000,
        "ebitdaratio": 0.0486580148,
        "operatingIncome": -3075000,
        "operatingIncomeRatio": -0.0271844832,
        "totalOtherIncomeExpensesNet": 773000,
        "incomeBeforeTax": -2302000,
        "incomeBeforeTaxRatio": -0.0203507903,
        "incomeTaxExpense": 748000,
        "netIncome": -3050000,
        "netIncomeRatio": -0.0269634711,
        "eps": -0.0342,
        "epsdiluted": -0.0342,
        "weightedAverageShsOut": 89146000,
        "weightedAverageShsOutDil": 89146000,
        "link": "https://www.sec.gov/Archives/edgar/data/918386/000119312513315298/0001193125-13-315298-index.html",
        "finalLink": "https://www.sec.gov/Archives/edgar/data/918386/000119312513315298/d556565d10q.htm"
    },
    {
        "date": "2013-03-31",
        "symbol": "QLGC",
        "reportedCurrency": "USD",
        "cik": "0000918386",
        "fillingDate": "2013-05-23",
        "acceptedDate": "2013-05-23 17:08:16",
        "calendarYear": "2013",
        "period": "Q4",
        "revenue": 116914000,
        "costOfRevenue": 37798000,
        "grossProfit": 79116000,
        "grossProfitRatio": 0.6767025335,
        "researchAndDevelopmentExpenses": 40206000,
        "generalAndAdministrativeExpenses": -12614000,
        "sellingAndMarketingExpenses": 20562000,
        "sellingGeneralAndAdministrativeExpenses": 7948000,
        "otherExpenses": 20562000,
        "operatingExpenses": 68716000,
        "costAndExpenses": 106514000,
        "interestIncome": 0,
        "interestExpense": 0,
        "depreciationAndAmortization": 7559000,
        "ebitda": 25490000,
        "ebitdaratio": 0.2180235045,
        "operatingIncome": 10400000,
        "operatingIncomeRatio": 0.0889542741,
        "totalOtherIncomeExpensesNet": 1072000,
        "incomeBeforeTax": 11472000,
        "incomeBeforeTaxRatio": 0.0981234069,
        "incomeTaxExpense": -11704000,
        "netIncome": 29635000,
        "netIncomeRatio": 0.2534769147,
        "eps": 0.32,
        "epsdiluted": 0.32,
        "weightedAverageShsOut": 93560000,
        "weightedAverageShsOutDil": 93998000,
        "link": "https://www.sec.gov/Archives/edgar/data/918386/000119312513233611/0001193125-13-233611-index.html",
        "finalLink": "https://www.sec.gov/Archives/edgar/data/918386/000119312513233611/d488985d10k.htm"
    },
    {
        "date": "2012-12-30",
        "symbol": "QLGC",
        "reportedCurrency": "USD",
        "cik": "0000918386",
        "fillingDate": "2013-01-31",
        "acceptedDate": "2013-01-31 16:48:17",
        "calendarYear": "2013",
        "period": "Q3",
        "revenue": 119386000,
        "costOfRevenue": 39089000,
        "grossProfit": 80297000,
        "grossProfitRatio": 0.6725830499,
        "researchAndDevelopmentExpenses": 38409000,
        "generalAndAdministrativeExpenses": -11186000,
        "sellingAndMarketingExpenses": 19325000,
        "sellingGeneralAndAdministrativeExpenses": 8139000,
        "otherExpenses": 19325000,
        "operatingExpenses": 65873000,
        "costAndExpenses": 104962000,
        "interestIncome": 0,
        "interestExpense": 0,
        "depreciationAndAmortization": 7547000,
        "ebitda": 22410000,
        "ebitdaratio": 0.1877104518,
        "operatingIncome": 14424000,
        "operatingIncomeRatio": 0.1208181864,
        "totalOtherIncomeExpensesNet": 903000,
        "incomeBeforeTax": 15327000,
        "incomeBeforeTaxRatio": 0.1283818873,
        "incomeTaxExpense": 1622000,
        "netIncome": 13241000,
        "netIncomeRatio": 0.1109091518,
        "eps": 0.14,
        "epsdiluted": 0.14,
        "weightedAverageShsOut": 94518000,
        "weightedAverageShsOutDil": 94963000,
        "link": "https://www.sec.gov/Archives/edgar/data/918386/000119312513032653/0001193125-13-032653-index.html",
        "finalLink": "https://www.sec.gov/Archives/edgar/data/918386/000119312513032653/d441557d10q.htm"
    },
    {
        "date": "2012-09-30",
        "symbol": "QLGC",
        "reportedCurrency": "USD",
        "cik": "0000918386",
        "fillingDate": "2012-11-01",
        "acceptedDate": "2012-11-01 17:04:47",
        "calendarYear": "2013",
        "period": "Q2",
        "revenue": 117867000,
        "costOfRevenue": 38980000,
        "grossProfit": 78887000,
        "grossProfitRatio": 0.6692882656,
        "researchAndDevelopmentExpenses": 38024000,
        "generalAndAdministrativeExpenses": -11600000,
        "sellingAndMarketingExpenses": 19739000,
        "sellingGeneralAndAdministrativeExpenses": 8139000,
        "otherExpenses": 19739000,
        "operatingExpenses": 65902000,
        "costAndExpenses": 104882000,
        "interestIncome": 0,
        "interestExpense": 0,
        "depreciationAndAmortization": 6952000,
        "ebitda": 20985000,
        "ebitdaratio": 0.1780396549,
        "operatingIncome": 12985000,
        "operatingIncomeRatio": 0.1101665436,
        "totalOtherIncomeExpensesNet": 954000,
        "incomeBeforeTax": 13939000,
        "incomeBeforeTaxRatio": 0.1182604122,
        "incomeTaxExpense": 2159000,
        "netIncome": 11874000,
        "netIncomeRatio": 0.1007406653,
        "eps": 0.12,
        "epsdiluted": 0.12,
        "weightedAverageShsOut": 95584000,
        "weightedAverageShsOutDil": 96159000,
        "link": "https://www.sec.gov/Archives/edgar/data/918386/000119312512446857/0001193125-12-446857-index.html",
        "finalLink": "https://www.sec.gov/Archives/edgar/data/918386/000119312512446857/d393279d10q.htm"
    },
    {
        "date": "2012-07-01",
        "symbol": "QLGC",
        "reportedCurrency": "USD",
        "cik": "0000918386",
        "fillingDate": "2012-08-02",
        "acceptedDate": "2012-08-02 16:18:42",
        "calendarYear": "2013",
        "period": "Q1",
        "revenue": 130371000,
        "costOfRevenue": 43313000,
        "grossProfit": 87058000,
        "grossProfitRatio": 0.6677712068,
        "researchAndDevelopmentExpenses": 39458000,
        "generalAndAdministrativeExpenses": -10213000,
        "sellingAndMarketingExpenses": 18886000,
        "sellingGeneralAndAdministrativeExpenses": 8673000,
        "otherExpenses": 18886000,
        "operatingExpenses": 67017000,
        "costAndExpenses": 110330000,
        "interestIncome": 0,
        "interestExpense": 0,
        "depreciationAndAmortization": 6572000,
        "ebitda": 27636000,
        "ebitdaratio": 0.2119796581,
        "operatingIncome": 20041000,
        "operatingIncomeRatio": 0.1537228371,
        "totalOtherIncomeExpensesNet": 1078000,
        "incomeBeforeTax": 21119000,
        "incomeBeforeTaxRatio": 0.1619915472,
        "incomeTaxExpense": 2678000,
        "netIncome": 18386000,
        "netIncomeRatio": 0.1410282962,
        "eps": 0.19,
        "epsdiluted": 0.19,
        "weightedAverageShsOut": 97405000,
        "weightedAverageShsOutDil": 98369000,
        "link": "https://www.sec.gov/Archives/edgar/data/918386/000119312512331922/0001193125-12-331922-index.html",
        "finalLink": "https://www.sec.gov/Archives/edgar/data/918386/000119312512331922/d364943d10q.htm"
    },
    {
        "date": "2012-04-01",
        "symbol": "QLGC",
        "reportedCurrency": "USD",
        "cik": "0000918386",
        "fillingDate": "2012-05-25",
        "acceptedDate": "2012-05-25 16:22:59",
        "calendarYear": "2012",
        "period": "Q4",
        "revenue": 558608000,
        "costOfRevenue": 23694000,
        "grossProfit": 534914000,
        "grossProfitRatio": 0.9575838513,
        "researchAndDevelopmentExpenses": 26322000,
        "generalAndAdministrativeExpenses": -5672000,
        "sellingAndMarketingExpenses": 14151000,
        "sellingGeneralAndAdministrativeExpenses": 8479000,
        "otherExpenses": 14151000,
        "operatingExpenses": 48952000,
        "costAndExpenses": 72646000,
        "interestIncome": 0,
        "interestExpense": 0,
        "depreciationAndAmortization": 7127000,
        "ebitda": 135415000,
        "ebitdaratio": 0.2424150746,
        "operatingIncome": 138331000,
        "operatingIncomeRatio": 0.2476351932,
        "totalOtherIncomeExpensesNet": -10043000,
        "incomeBeforeTax": 128288000,
        "incomeBeforeTaxRatio": 0.2296565749,
        "incomeTaxExpense": -10043000,
        "netIncome": 138331000,
        "netIncomeRatio": 0.2476351932,
        "eps": 1.36,
        "epsdiluted": 1.35,
        "weightedAverageShsOut": 101766000,
        "weightedAverageShsOutDil": 102711000,
        "link": "https://www.sec.gov/Archives/edgar/data/918386/000119312512249290/0001193125-12-249290-index.htm",
        "finalLink": "https://www.sec.gov/Archives/edgar/data/918386/000119312512249290/d312746d10k.htm"
    },
    {
        "date": "2012-01-01",
        "symbol": "QLGC",
        "reportedCurrency": "USD",
        "cik": "0000918386",
        "fillingDate": "2012-02-02",
        "acceptedDate": "2012-02-02 16:27:19",
        "calendarYear": "2012",
        "period": "Q3",
        "revenue": 152661000,
        "costOfRevenue": 52055000,
        "grossProfit": 100606000,
        "grossProfitRatio": 0.6590157277,
        "researchAndDevelopmentExpenses": 36883000,
        "generalAndAdministrativeExpenses": -12711000,
        "sellingAndMarketingExpenses": 21514000,
        "sellingGeneralAndAdministrativeExpenses": 8803000,
        "otherExpenses": 21514000,
        "operatingExpenses": 67200000,
        "costAndExpenses": 119255000,
        "interestIncome": 0,
        "interestExpense": 0,
        "depreciationAndAmortization": 8155000,
        "ebitda": 42359000,
        "ebitdaratio": 0.2774709978,
        "operatingIncome": 30025000,
        "operatingIncomeRatio": 0.1966776059,
        "totalOtherIncomeExpensesNet": 4179000,
        "incomeBeforeTax": 34204000,
        "incomeBeforeTaxRatio": 0.2240519845,
        "incomeTaxExpense": 4179000,
        "netIncome": 30025000,
        "netIncomeRatio": 0.1966776059,
        "eps": 0.29,
        "epsdiluted": 0.29,
        "weightedAverageShsOut": 102696000,
        "weightedAverageShsOutDil": 103340000,
        "link": "https://www.sec.gov/Archives/edgar/data/918386/000119312512036821/0001193125-12-036821-index.html",
        "finalLink": "https://www.sec.gov/Archives/edgar/data/918386/000119312512036821/d258191d10q.htm"
    },
    {
        "date": "2011-10-02",
        "symbol": "QLGC",
        "reportedCurrency": "USD",
        "cik": "0000918386",
        "fillingDate": "2011-11-03",
        "acceptedDate": "2011-11-03 17:10:08",
        "calendarYear": "2012",
        "period": "Q2",
        "revenue": 150180000,
        "costOfRevenue": 51096000,
        "grossProfit": 99084000,
        "grossProfitRatio": 0.6597682781,
        "researchAndDevelopmentExpenses": 37871000,
        "generalAndAdministrativeExpenses": -11588000,
        "sellingAndMarketingExpenses": 20442000,
        "sellingGeneralAndAdministrativeExpenses": 8854000,
        "otherExpenses": 20442000,
        "operatingExpenses": 67167000,
        "costAndExpenses": 118263000,
        "interestIncome": 0,
        "interestExpense": 0,
        "depreciationAndAmortization": 8228000,
        "ebitda": 41225000,
        "ebitdaratio": 0.2745039286,
        "operatingIncome": 28654000,
        "operatingIncomeRatio": 0.1907977094,
        "totalOtherIncomeExpensesNet": 4343000,
        "incomeBeforeTax": 32997000,
        "incomeBeforeTaxRatio": 0.2197163404,
        "incomeTaxExpense": 4343000,
        "netIncome": 28654000,
        "netIncomeRatio": 0.1907977094,
        "eps": 0.28,
        "epsdiluted": 0.27,
        "weightedAverageShsOut": 103976000,
        "weightedAverageShsOutDil": 104676000,
        "link": "https://www.sec.gov/Archives/edgar/data/918386/000119312511295374/0001193125-11-295374-index.html",
        "finalLink": "https://www.sec.gov/Archives/edgar/data/918386/000119312511295374/d247920d10q.htm"
    },
    {
        "date": "2011-07-03",
        "symbol": "QLGC",
        "reportedCurrency": "USD",
        "cik": "0000918386",
        "fillingDate": "2011-08-05",
        "acceptedDate": "2011-08-05 09:00:43",
        "calendarYear": "2012",
        "period": "Q1",
        "revenue": 151622000,
        "costOfRevenue": 50859000,
        "grossProfit": 100763000,
        "grossProfitRatio": 0.6645671472,
        "researchAndDevelopmentExpenses": 37692000,
        "generalAndAdministrativeExpenses": -12100000,
        "sellingAndMarketingExpenses": 21263000,
        "sellingGeneralAndAdministrativeExpenses": 9163000,
        "otherExpenses": 21263000,
        "operatingExpenses": 68118000,
        "costAndExpenses": 118977000,
        "interestIncome": 0,
        "interestExpense": 0,
        "depreciationAndAmortization": 8131000,
        "ebitda": 41824000,
        "ebitdaratio": 0.2758438749,
        "operatingIncome": 32426000,
        "operatingIncomeRatio": 0.2138607854,
        "totalOtherIncomeExpensesNet": 1267000,
        "incomeBeforeTax": 33693000,
        "incomeBeforeTaxRatio": 0.2222170925,
        "incomeTaxExpense": 1267000,
        "netIncome": 32426000,
        "netIncomeRatio": 0.2138607854,
        "eps": 0.31,
        "epsdiluted": 0.31,
        "weightedAverageShsOut": 104679000,
        "weightedAverageShsOutDil": 105789000,
        "link": "https://www.sec.gov/Archives/edgar/data/918386/000119312511211455/0001193125-11-211455-index.html",
        "finalLink": "https://www.sec.gov/Archives/edgar/data/918386/000119312511211455/d10q.htm"
    },
    {
        "date": "2011-04-03",
        "symbol": "QLGC",
        "reportedCurrency": "USD",
        "cik": "0000918386",
        "fillingDate": "2011-05-26",
        "acceptedDate": "2011-05-26 16:58:42",
        "calendarYear": "2011",
        "period": "Q4",
        "revenue": 152290000,
        "costOfRevenue": 50832000,
        "grossProfit": 101458000,
        "grossProfitRatio": 0.6662157725,
        "researchAndDevelopmentExpenses": 0,
        "generalAndAdministrativeExpenses": -11385000,
        "sellingAndMarketingExpenses": 19973000,
        "sellingGeneralAndAdministrativeExpenses": 8588000,
        "otherExpenses": 56978000,
        "operatingExpenses": 65566000,
        "costAndExpenses": 116398000,
        "interestIncome": 0,
        "interestExpense": 0,
        "depreciationAndAmortization": 7165000,
        "ebitda": 40481000,
        "ebitdaratio": 0.265815221,
        "operatingIncome": 35892000,
        "operatingIncomeRatio": 0.2356819226,
        "totalOtherIncomeExpensesNet": 929000,
        "incomeBeforeTax": 36821000,
        "incomeBeforeTaxRatio": 0.2417821262,
        "incomeTaxExpense": 929000,
        "netIncome": 33316000,
        "netIncomeRatio": 0.2187668264,
        "eps": 0.31,
        "epsdiluted": 0.3,
        "weightedAverageShsOut": 108492000,
        "weightedAverageShsOutDil": 110032000,
        "link": "https://www.sec.gov/Archives/edgar/data/918386/000095012311054494/0000950123-11-054494-index.html",
        "finalLink": "https://www.sec.gov/Archives/edgar/data/918386/000095012311054494/a57894e10vk.htm"
    },
    {
        "date": "2010-12-26",
        "symbol": "QLGC",
        "reportedCurrency": "USD",
        "cik": "0000918386",
        "fillingDate": "2011-02-02",
        "acceptedDate": "2011-02-02 17:27:13",
        "calendarYear": "2011",
        "period": "Q3",
        "revenue": 155771000,
        "costOfRevenue": 53000000,
        "grossProfit": 102771000,
        "grossProfitRatio": 0.6597569509,
        "researchAndDevelopmentExpenses": 0,
        "generalAndAdministrativeExpenses": -11042000,
        "sellingAndMarketingExpenses": 20103000,
        "sellingGeneralAndAdministrativeExpenses": 9061000,
        "otherExpenses": 53251000,
        "operatingExpenses": 62312000,
        "costAndExpenses": 115312000,
        "interestIncome": 0,
        "interestExpense": 0,
        "depreciationAndAmortization": 7270000,
        "ebitda": 57609000,
        "ebitdaratio": 0.369831355,
        "operatingIncome": 40459000,
        "operatingIncomeRatio": 0.2597338401,
        "totalOtherIncomeExpensesNet": 773000,
        "incomeBeforeTax": 41232000,
        "incomeBeforeTaxRatio": 0.2646962528,
        "incomeTaxExpense": 773000,
        "netIncome": 50339000,
        "netIncomeRatio": 0.3231602802,
        "eps": 0.46,
        "epsdiluted": 0.45,
        "weightedAverageShsOut": 109823000,
        "weightedAverageShsOutDil": 111385000,
        "link": "https://www.sec.gov/Archives/edgar/data/918386/000095012311008392/0000950123-11-008392-index.html",
        "finalLink": "https://www.sec.gov/Archives/edgar/data/918386/000095012311008392/a57906e10vq.htm"
    },
    {
        "date": "2010-09-26",
        "symbol": "QLGC",
        "reportedCurrency": "USD",
        "cik": "0000918386",
        "fillingDate": "2010-10-29",
        "acceptedDate": "2010-10-29 17:12:43",
        "calendarYear": "2011",
        "period": "Q2",
        "revenue": 146529000,
        "costOfRevenue": 50411000,
        "grossProfit": 96118000,
        "grossProfitRatio": 0.6559657133,
        "researchAndDevelopmentExpenses": 0,
        "generalAndAdministrativeExpenses": -12389000,
        "sellingAndMarketingExpenses": 20420000,
        "sellingGeneralAndAdministrativeExpenses": 8031000,
        "otherExpenses": 53212000,
        "operatingExpenses": 61243000,
        "costAndExpenses": 111654000,
        "interestIncome": 0,
        "interestExpense": 0,
        "depreciationAndAmortization": 7276000,
        "ebitda": 37262000,
        "ebitdaratio": 0.2542977841,
        "operatingIncome": 34875000,
        "operatingIncomeRatio": 0.2380074934,
        "totalOtherIncomeExpensesNet": 1809000,
        "incomeBeforeTax": 36684000,
        "incomeBeforeTaxRatio": 0.2503531724,
        "incomeTaxExpense": 1809000,
        "netIncome": 29986000,
        "netIncomeRatio": 0.2046420845,
        "eps": 0.27,
        "epsdiluted": 0.26,
        "weightedAverageShsOut": 111425000,
        "weightedAverageShsOutDil": 113730000,
        "link": "https://www.sec.gov/Archives/edgar/data/918386/000095012310098240/0000950123-10-098240-index.html",
        "finalLink": "https://www.sec.gov/Archives/edgar/data/918386/000095012310098240/a57122e10vq.htm"
    },
    {
        "date": "2010-06-27",
        "symbol": "QLGC",
        "reportedCurrency": "USD",
        "cik": "0000918386",
        "fillingDate": "2010-08-02",
        "acceptedDate": "2010-08-02 17:16:16",
        "calendarYear": "2011",
        "period": "Q1",
        "revenue": 142609000,
        "costOfRevenue": 49701000,
        "grossProfit": 92908000,
        "grossProfitRatio": 0.651487634,
        "researchAndDevelopmentExpenses": 0,
        "generalAndAdministrativeExpenses": -11962000,
        "sellingAndMarketingExpenses": 20430000,
        "sellingGeneralAndAdministrativeExpenses": 8468000,
        "otherExpenses": 56070000,
        "operatingExpenses": 64538000,
        "costAndExpenses": 114239000,
        "interestIncome": 0,
        "interestExpense": 0,
        "depreciationAndAmortization": 8066000,
        "ebitda": 33515000,
        "ebitdaratio": 0.235013218,
        "operatingIncome": 28370000,
        "operatingIncomeRatio": 0.1989355511,
        "totalOtherIncomeExpensesNet": 1676000,
        "incomeBeforeTax": 30046000,
        "incomeBeforeTaxRatio": 0.210687965,
        "incomeTaxExpense": 1676000,
        "netIncome": 25449000,
        "netIncomeRatio": 0.1784529728,
        "eps": 0.22,
        "epsdiluted": 0.22,
        "weightedAverageShsOut": 116037000,
        "weightedAverageShsOutDil": 117364000,
        "link": "https://www.sec.gov/Archives/edgar/data/918386/000095012310071231/0000950123-10-071231-index.html",
        "finalLink": "https://www.sec.gov/Archives/edgar/data/918386/000095012310071231/a56334e10vq.htm"
    },
    {
        "date": "2010-03-28",
        "symbol": "QLGC",
        "reportedCurrency": "USD",
        "cik": "0000918386",
        "fillingDate": "2010-05-20",
        "acceptedDate": "2010-05-20 17:26:03",
        "calendarYear": "2010",
        "period": "Q4",
        "revenue": 145716000,
        "costOfRevenue": 50869000,
        "grossProfit": 94847000,
        "grossProfitRatio": 0.6509031266,
        "researchAndDevelopmentExpenses": 0,
        "generalAndAdministrativeExpenses": -10014000,
        "sellingAndMarketingExpenses": 19333000,
        "sellingGeneralAndAdministrativeExpenses": 9319000,
        "otherExpenses": 58185000,
        "operatingExpenses": 67504000,
        "costAndExpenses": 118373000,
        "interestIncome": 0,
        "interestExpense": 0,
        "depreciationAndAmortization": 7891000,
        "ebitda": 3065000,
        "ebitdaratio": 0.0210340663,
        "operatingIncome": 27343000,
        "operatingIncomeRatio": 0.1876458316,
        "totalOtherIncomeExpensesNet": 3605000,
        "incomeBeforeTax": 30948000,
        "incomeBeforeTaxRatio": 0.2123857366,
        "incomeTaxExpense": 3605000,
        "netIncome": -4826000,
        "netIncomeRatio": -0.0331192182,
        "eps": -0.0416,
        "epsdiluted": -0.0411,
        "weightedAverageShsOut": 116037000,
        "weightedAverageShsOutDil": 117364000,
        "link": "https://www.sec.gov/Archives/edgar/data/918386/000095012310051646/0000950123-10-051646-index.html",
        "finalLink": "https://www.sec.gov/Archives/edgar/data/918386/000095012310051646/a56176e10vk.htm"
    },
    {
        "date": "2009-12-27",
        "symbol": "QLGC",
        "reportedCurrency": "USD",
        "cik": "0000918386",
        "fillingDate": "2010-02-02",
        "acceptedDate": "2010-02-02 17:06:10",
        "calendarYear": "2010",
        "period": "Q3",
        "revenue": 149122000,
        "costOfRevenue": 53020000,
        "grossProfit": 96102000,
        "grossProfitRatio": 0.6444521935,
        "researchAndDevelopmentExpenses": 0,
        "generalAndAdministrativeExpenses": -10032000,
        "sellingAndMarketingExpenses": 18812000,
        "sellingGeneralAndAdministrativeExpenses": 8780000,
        "otherExpenses": 52790000,
        "operatingExpenses": 61570000,
        "costAndExpenses": 114590000,
        "interestIncome": 0,
        "interestExpense": 5260000,
        "depreciationAndAmortization": 7949000,
        "ebitda": 41857000,
        "ebitdaratio": 0.2806896367,
        "operatingIncome": 34532000,
        "operatingIncomeRatio": 0.2315687826,
        "totalOtherIncomeExpensesNet": 1736000,
        "incomeBeforeTax": 36268000,
        "incomeBeforeTaxRatio": 0.2432102574,
        "incomeTaxExpense": 6996000,
        "netIncome": 28648000,
        "netIncomeRatio": 0.1921111573,
        "eps": 0.24,
        "epsdiluted": 0.24,
        "weightedAverageShsOut": 116935000,
        "weightedAverageShsOutDil": 117965000,
        "link": "https://www.sec.gov/Archives/edgar/data/918386/000095012310007783/0000950123-10-007783-index.html",
        "finalLink": "https://www.sec.gov/Archives/edgar/data/918386/000095012310007783/a55023e10vq.htm"
    },
    {
        "date": "2009-09-27",
        "symbol": "QLGC",
        "reportedCurrency": "USD",
        "cik": "0000918386",
        "fillingDate": "2009-10-29",
        "acceptedDate": "2009-10-28 21:01:27",
        "calendarYear": "2010",
        "period": "Q2",
        "revenue": 131457000,
        "costOfRevenue": 47769000,
        "grossProfit": 83688000,
        "grossProfitRatio": 0.6366188183,
        "researchAndDevelopmentExpenses": 0,
        "generalAndAdministrativeExpenses": -12162000,
        "sellingAndMarketingExpenses": 19991000,
        "sellingGeneralAndAdministrativeExpenses": 7829000,
        "otherExpenses": 55077000,
        "operatingExpenses": 62906000,
        "costAndExpenses": 110675000,
        "interestIncome": 0,
        "interestExpense": -5260000,
        "depreciationAndAmortization": 7951000,
        "ebitda": 18854000,
        "ebitdaratio": 0.1434233247,
        "operatingIncome": 20782000,
        "operatingIncomeRatio": 0.1580897176,
        "totalOtherIncomeExpensesNet": 2336000,
        "incomeBeforeTax": 23118000,
        "incomeBeforeTaxRatio": 0.1758597869,
        "incomeTaxExpense": -2924000,
        "netIncome": 16163000,
        "netIncomeRatio": 0.1229527526,
        "eps": 0.14,
        "epsdiluted": 0.14,
        "weightedAverageShsOut": 118054000,
        "weightedAverageShsOutDil": 118708000,
        "link": "https://www.sec.gov/Archives/edgar/data/918386/000095012309054363/0000950123-09-054363-index.html",
        "finalLink": "https://www.sec.gov/Archives/edgar/data/918386/000095012309054363/a54119e10vq.htm"
    },
    {
        "date": "2009-06-28",
        "symbol": "QLGC",
        "reportedCurrency": "USD",
        "cik": "0000918386",
        "fillingDate": "2009-07-29",
        "acceptedDate": "2009-07-28 18:21:42",
        "calendarYear": "2010",
        "period": "Q1",
        "revenue": 122775000,
        "costOfRevenue": 44469000,
        "grossProfit": 78306000,
        "grossProfitRatio": 0.6378008552,
        "researchAndDevelopmentExpenses": 0,
        "generalAndAdministrativeExpenses": -11151000,
        "sellingAndMarketingExpenses": 19465000,
        "sellingGeneralAndAdministrativeExpenses": 8314000,
        "otherExpenses": 53543000,
        "operatingExpenses": 61857000,
        "costAndExpenses": 106326000,
        "interestIncome": 0,
        "interestExpense": 0,
        "depreciationAndAmortization": 8012000,
        "ebitda": 22975000,
        "ebitdaratio": 0.1871309306,
        "operatingIncome": 16449000,
        "operatingIncomeRatio": 0.1339767868,
        "totalOtherIncomeExpensesNet": 2924000,
        "incomeBeforeTax": 19373000,
        "incomeBeforeTaxRatio": 0.1577927102,
        "incomeTaxExpense": 2924000,
        "netIncome": 14963000,
        "netIncomeRatio": 0.1218733456,
        "eps": 0.13,
        "epsdiluted": 0.13,
        "weightedAverageShsOut": 118860000,
        "weightedAverageShsOutDil": 119474000,
        "link": "https://www.sec.gov/Archives/edgar/data/918386/000095012309026465/0000950123-09-026465-index.html",
        "finalLink": "https://www.sec.gov/Archives/edgar/data/918386/000095012309026465/a53255e10vq.htm"
    },
    {
        "date": "2009-03-29",
        "symbol": "QLGC",
        "reportedCurrency": "USD",
        "cik": "0000918386",
        "fillingDate": "2009-05-21",
        "acceptedDate": "2009-05-21 17:13:51",
        "calendarYear": "2009",
        "period": "Q4",
        "revenue": 130547000,
        "costOfRevenue": 44533000,
        "grossProfit": 86014000,
        "grossProfitRatio": 0.6588738156,
        "researchAndDevelopmentExpenses": 0,
        "generalAndAdministrativeExpenses": -11317000,
        "sellingAndMarketingExpenses": 19064000,
        "sellingGeneralAndAdministrativeExpenses": 7747000,
        "otherExpenses": 54407000,
        "operatingExpenses": 62154000,
        "costAndExpenses": 106687000,
        "interestIncome": 0,
        "interestExpense": 0,
        "depreciationAndAmortization": 7946000,
        "ebitda": 27143000,
        "ebitdaratio": 0.207917455,
        "operatingIncome": 23860000,
        "operatingIncomeRatio": 0.182769424,
        "totalOtherIncomeExpensesNet": 99000,
        "incomeBeforeTax": 23959000,
        "incomeBeforeTaxRatio": 0.1835277716,
        "incomeTaxExpense": 99000,
        "netIncome": 19197000,
        "netIncomeRatio": 0.1470504876,
        "eps": 0.15,
        "epsdiluted": 0.15,
        "weightedAverageShsOut": 127776000,
        "weightedAverageShsOutDil": 128570000,
        "link": "https://www.sec.gov/Archives/edgar/data/918386/000095013409011296/0000950134-09-011296-index.html",
        "finalLink": "https://www.sec.gov/Archives/edgar/data/918386/000095013409011296/a51343e10vk.htm"
    },
    {
        "date": "2008-12-28",
        "symbol": "QLGC",
        "reportedCurrency": "USD",
        "cik": "0000918386",
        "fillingDate": "2009-02-04",
        "acceptedDate": "2009-02-03 17:32:43",
        "calendarYear": "2009",
        "period": "Q3",
        "revenue": 163691000,
        "costOfRevenue": 54770000,
        "grossProfit": 108921000,
        "grossProfitRatio": 0.6654061616,
        "researchAndDevelopmentExpenses": 0,
        "generalAndAdministrativeExpenses": -12746000,
        "sellingAndMarketingExpenses": 20918000,
        "sellingGeneralAndAdministrativeExpenses": 8172000,
        "otherExpenses": 55442000,
        "operatingExpenses": 63614000,
        "costAndExpenses": 118384000,
        "interestIncome": 0,
        "interestExpense": -476000,
        "depreciationAndAmortization": 8123000,
        "ebitda": 38437000,
        "ebitdaratio": 0.2348143759,
        "operatingIncome": 45307000,
        "operatingIncomeRatio": 0.2767836961,
        "totalOtherIncomeExpensesNet": 2511000,
        "incomeBeforeTax": 47818000,
        "incomeBeforeTaxRatio": 0.2921235743,
        "incomeTaxExpense": 2035000,
        "netIncome": 30790000,
        "netIncomeRatio": 0.1880983072,
        "eps": 0.24,
        "epsdiluted": 0.24,
        "weightedAverageShsOut": 130050000,
        "weightedAverageShsOutDil": 130932000,
        "link": "https://www.sec.gov/Archives/edgar/data/918386/000089256909000051/0000892569-09-000051-index.html",
        "finalLink": "https://www.sec.gov/Archives/edgar/data/918386/000089256909000051/a51220e10vq.htm"
    },
    {
        "date": "2008-09-28",
        "symbol": "QLGC",
        "reportedCurrency": "USD",
        "cik": "0000918386",
        "fillingDate": "2008-10-29",
        "acceptedDate": "2008-10-29 16:44:54",
        "calendarYear": "2009",
        "period": "Q2",
        "revenue": 171197000,
        "costOfRevenue": 55014000,
        "grossProfit": 116183000,
        "grossProfitRatio": 0.6786509109,
        "researchAndDevelopmentExpenses": 0,
        "generalAndAdministrativeExpenses": -14888000,
        "sellingAndMarketingExpenses": 24032000,
        "sellingGeneralAndAdministrativeExpenses": 9144000,
        "otherExpenses": 57113000,
        "operatingExpenses": 66257000,
        "costAndExpenses": 121271000,
        "interestIncome": 0,
        "interestExpense": 476000,
        "depreciationAndAmortization": 8115000,
        "ebitda": 35746000,
        "ebitdaratio": 0.2088003879,
        "operatingIncome": 49926000,
        "operatingIncomeRatio": 0.2916289421,
        "totalOtherIncomeExpensesNet": -2015000,
        "incomeBeforeTax": 47911000,
        "incomeBeforeTaxRatio": 0.279858876,
        "incomeTaxExpense": -1539000,
        "netIncome": 27155000,
        "netIncomeRatio": 0.1586184337,
        "eps": 0.21,
        "epsdiluted": 0.2,
        "weightedAverageShsOut": 131985000,
        "weightedAverageShsOutDil": 133149000,
        "link": "https://www.sec.gov/Archives/edgar/data/918386/000095013408018670/0000950134-08-018670-index.html",
        "finalLink": "https://www.sec.gov/Archives/edgar/data/918386/000095013408018670/a50284e10vq.htm"
    },
    {
        "date": "2008-06-29",
        "symbol": "QLGC",
        "reportedCurrency": "USD",
        "cik": "0000918386",
        "fillingDate": "2008-07-29",
        "acceptedDate": "2008-07-29 16:42:39",
        "calendarYear": "2009",
        "period": "Q1",
        "revenue": 168427000,
        "costOfRevenue": 55758000,
        "grossProfit": 112669000,
        "grossProfitRatio": 0.6689485653,
        "researchAndDevelopmentExpenses": 0,
        "generalAndAdministrativeExpenses": -15369000,
        "sellingAndMarketingExpenses": 22945000,
        "sellingGeneralAndAdministrativeExpenses": 7576000,
        "otherExpenses": 57312000,
        "operatingExpenses": 64888000,
        "costAndExpenses": 120646000,
        "interestIncome": 0,
        "interestExpense": 0,
        "depreciationAndAmortization": 8341000,
        "ebitda": 39988000,
        "ebitdaratio": 0.2374203661,
        "operatingIncome": 47781000,
        "operatingIncomeRatio": 0.2836896697,
        "totalOtherIncomeExpensesNet": 1539000,
        "incomeBeforeTax": 49320000,
        "incomeBeforeTaxRatio": 0.2928271595,
        "incomeTaxExpense": 1539000,
        "netIncome": 31647000,
        "netIncomeRatio": 0.1878974274,
        "eps": 0.24,
        "epsdiluted": 0.24,
        "weightedAverageShsOut": 132548000,
        "weightedAverageShsOutDil": 133488000,
        "link": "https://www.sec.gov/Archives/edgar/data/918386/000089256908001032/0000892569-08-001032-index.html",
        "finalLink": "https://www.sec.gov/Archives/edgar/data/918386/000089256908001032/a42453e10vq.htm"
    },
    {
        "date": "2008-03-30",
        "symbol": "QLGC",
        "reportedCurrency": "USD",
        "cik": "0000918386",
        "fillingDate": "2008-05-23",
        "acceptedDate": "2008-05-22 20:03:43",
        "calendarYear": "2008",
        "period": "Q4",
        "revenue": 159723000,
        "costOfRevenue": 53846000,
        "grossProfit": 105877000,
        "grossProfitRatio": 0.662878859,
        "researchAndDevelopmentExpenses": 0,
        "generalAndAdministrativeExpenses": -13263000,
        "sellingAndMarketingExpenses": 22062000,
        "sellingGeneralAndAdministrativeExpenses": 8799000,
        "otherExpenses": 57370000,
        "operatingExpenses": 66169000,
        "costAndExpenses": 120015000,
        "interestIncome": 0,
        "interestExpense": 0,
        "depreciationAndAmortization": 8015000,
        "ebitda": 30780000,
        "ebitdaratio": 0.1927086268,
        "operatingIncome": 39708000,
        "operatingIncomeRatio": 0.2486053981,
        "totalOtherIncomeExpensesNet": -2861000,
        "incomeBeforeTax": 36847000,
        "incomeBeforeTaxRatio": 0.2306931375,
        "incomeTaxExpense": -2861000,
        "netIncome": 22765000,
        "netIncomeRatio": 0.1425280016,
        "eps": 0.16,
        "epsdiluted": 0.16,
        "weightedAverageShsOut": 142167000,
        "weightedAverageShsOutDil": 142901000,
        "link": "https://www.sec.gov/Archives/edgar/data/918386/000095013408010149/0000950134-08-010149-index.html",
        "finalLink": "https://www.sec.gov/Archives/edgar/data/918386/000095013408010149/a40985e10vk.htm"
    },
    {
        "date": "2007-12-30",
        "symbol": "QLGC",
        "reportedCurrency": "USD",
        "cik": "0000918386",
        "fillingDate": "2008-01-30",
        "acceptedDate": "2008-01-30 17:18:47",
        "calendarYear": "2008",
        "period": "Q3",
        "revenue": 158040000,
        "costOfRevenue": 52237000,
        "grossProfit": 105803000,
        "grossProfitRatio": 0.6694697545,
        "researchAndDevelopmentExpenses": 0,
        "generalAndAdministrativeExpenses": -12032000,
        "sellingAndMarketingExpenses": 20292000,
        "sellingGeneralAndAdministrativeExpenses": 8260000,
        "otherExpenses": 53466000,
        "operatingExpenses": 61726000,
        "costAndExpenses": 113963000,
        "interestIncome": 0,
        "interestExpense": 0,
        "depreciationAndAmortization": 7878000,
        "ebitda": 39748000,
        "ebitdaratio": 0.2515059479,
        "operatingIncome": 44077000,
        "operatingIncomeRatio": 0.2788977474,
        "totalOtherIncomeExpensesNet": 4866000,
        "incomeBeforeTax": 48943000,
        "incomeBeforeTaxRatio": 0.3096874209,
        "incomeTaxExpense": 4866000,
        "netIncome": 31870000,
        "netIncomeRatio": 0.2016578081,
        "eps": 0.22,
        "epsdiluted": 0.22,
        "weightedAverageShsOut": 144932000,
        "weightedAverageShsOutDil": 145614000,
        "link": "https://www.sec.gov/Archives/edgar/data/918386/000089256908000090/0000892569-08-000090-index.htm",
        "finalLink": "https://www.sec.gov/Archives/edgar/data/918386/000089256908000090/a37476e10vq.htm"
    },
    {
        "date": "2007-09-30",
        "symbol": "QLGC",
        "reportedCurrency": "USD",
        "cik": "0000918386",
        "fillingDate": "2007-10-30",
        "acceptedDate": "2007-10-30 17:17:55",
        "calendarYear": "2008",
        "period": "Q2",
        "revenue": 140326000,
        "costOfRevenue": 49013000,
        "grossProfit": 91313000,
        "grossProfitRatio": 0.6507204652,
        "researchAndDevelopmentExpenses": 0,
        "generalAndAdministrativeExpenses": -11835000,
        "sellingAndMarketingExpenses": 20639000,
        "sellingGeneralAndAdministrativeExpenses": 8804000,
        "otherExpenses": 55333000,
        "operatingExpenses": 64137000,
        "costAndExpenses": 113150000,
        "interestIncome": 0,
        "interestExpense": 0,
        "depreciationAndAmortization": 7647000,
        "ebitda": 30227000,
        "ebitdaratio": 0.2154055556,
        "operatingIncome": 27176000,
        "operatingIncomeRatio": 0.1936633268,
        "totalOtherIncomeExpensesNet": 5753000,
        "incomeBeforeTax": 32929000,
        "incomeBeforeTaxRatio": 0.2346607186,
        "incomeTaxExpense": 5753000,
        "netIncome": 22580000,
        "netIncomeRatio": 0.1609110215,
        "eps": 0.15,
        "epsdiluted": 0.15,
        "weightedAverageShsOut": 148980000,
        "weightedAverageShsOutDil": 149711000,
        "link": "https://www.sec.gov/Archives/edgar/data/918386/000089256907001336/0000892569-07-001336-index.html",
        "finalLink": "https://www.sec.gov/Archives/edgar/data/918386/000089256907001336/a34912e10vq.htm"
    },
    {
        "date": "2007-07-01",
        "symbol": "QLGC",
        "reportedCurrency": "USD",
        "cik": "0000918386",
        "fillingDate": "2007-08-03",
        "acceptedDate": "2007-08-03 16:30:58",
        "calendarYear": "2008",
        "period": "Q1",
        "revenue": 139777000,
        "costOfRevenue": 50863000,
        "grossProfit": 88914000,
        "grossProfitRatio": 0.6361132375,
        "researchAndDevelopmentExpenses": 0,
        "generalAndAdministrativeExpenses": -12987000,
        "sellingAndMarketingExpenses": 21173000,
        "sellingGeneralAndAdministrativeExpenses": 8186000,
        "otherExpenses": 57993000,
        "operatingExpenses": 66179000,
        "costAndExpenses": 117042000,
        "interestIncome": 0,
        "interestExpense": 0,
        "depreciationAndAmortization": 7317000,
        "ebitda": 26312000,
        "ebitdaratio": 0.1882427009,
        "operatingIncome": 22735000,
        "operatingIncomeRatio": 0.1626519384,
        "totalOtherIncomeExpensesNet": 6266000,
        "incomeBeforeTax": 29001000,
        "incomeBeforeTaxRatio": 0.2074804868,
        "incomeTaxExpense": 6266000,
        "netIncome": 18995000,
        "netIncomeRatio": 0.1358950328,
        "eps": 0.12,
        "epsdiluted": 0.12,
        "weightedAverageShsOut": 153178000,
        "weightedAverageShsOutDil": 154219000,
        "link": "https://www.sec.gov/Archives/edgar/data/918386/000095013707011275/0000950137-07-011275-index.html",
        "finalLink": "https://www.sec.gov/Archives/edgar/data/918386/000095013707011275/a32434e10vq.htm"
    },
    {
        "date": "2007-04-01",
        "symbol": "QLGC",
        "reportedCurrency": "USD",
        "cik": "0000918386",
        "fillingDate": "2007-05-25",
        "acceptedDate": "2007-05-25 14:42:56",
        "calendarYear": "2007",
        "period": "Q4",
        "revenue": 147096000,
        "costOfRevenue": 52208000,
        "grossProfit": 94888000,
        "grossProfitRatio": 0.645075325,
        "researchAndDevelopmentExpenses": 1800000,
        "generalAndAdministrativeExpenses": -14866000,
        "sellingAndMarketingExpenses": 22636000,
        "sellingGeneralAndAdministrativeExpenses": 7770000,
        "otherExpenses": 58409000,
        "operatingExpenses": 67979000,
        "costAndExpenses": 120187000,
        "interestIncome": 0,
        "interestExpense": 0,
        "depreciationAndAmortization": 650000,
        "ebitda": 19091000,
        "ebitdaratio": 0.1297859901,
        "operatingIncome": 26909000,
        "operatingIncomeRatio": 0.182934954,
        "totalOtherIncomeExpensesNet": -1460000,
        "incomeBeforeTax": 25449000,
        "incomeBeforeTaxRatio": 0.1730094632,
        "incomeTaxExpense": -1460000,
        "netIncome": 18441000,
        "netIncomeRatio": 0.1253671072,
        "eps": 0.12,
        "epsdiluted": 0.11,
        "weightedAverageShsOut": 159081000,
        "weightedAverageShsOutDil": 160680000,
        "link": "https://www.sec.gov/Archives/edgar/data/918386/000089256907000712/0000892569-07-000712-index.html",
        "finalLink": "https://www.sec.gov/Archives/edgar/data/918386/000089256907000712/a30562e10vk.htm"
    },
    {
        "date": "2006-12-31",
        "symbol": "QLGC",
        "reportedCurrency": "USD",
        "cik": "0000918386",
        "fillingDate": "2007-01-31",
        "acceptedDate": "2007-01-30 19:48:57",
        "calendarYear": "2007",
        "period": "Q3",
        "revenue": 157611000,
        "costOfRevenue": 50698000,
        "grossProfit": 106913000,
        "grossProfitRatio": 0.678334634,
        "researchAndDevelopmentExpenses": 0,
        "generalAndAdministrativeExpenses": -14348000,
        "sellingAndMarketingExpenses": 21586000,
        "sellingGeneralAndAdministrativeExpenses": 7238000,
        "otherExpenses": 55589000,
        "operatingExpenses": 62827000,
        "costAndExpenses": 113525000,
        "interestIncome": 0,
        "interestExpense": 0,
        "depreciationAndAmortization": 9266000,
        "ebitda": 44720000,
        "ebitdaratio": 0.2837365412,
        "operatingIncome": 44086000,
        "operatingIncomeRatio": 0.2797139794,
        "totalOtherIncomeExpensesNet": 5646000,
        "incomeBeforeTax": 49732000,
        "incomeBeforeTaxRatio": 0.3155363522,
        "incomeTaxExpense": 5646000,
        "netIncome": 35454000,
        "netIncomeRatio": 0.2249462284,
        "eps": 0.22,
        "epsdiluted": 0.22,
        "weightedAverageShsOut": 159516000,
        "weightedAverageShsOutDil": 161161000,
        "link": "https://www.sec.gov/Archives/edgar/data/918386/000095013707001148/0000950137-07-001148-index.htm",
        "finalLink": "https://www.sec.gov/Archives/edgar/data/918386/000095013707001148/a26838e10vq.htm"
    },
    {
        "date": "2006-10-01",
        "symbol": "QLGC",
        "reportedCurrency": "USD",
        "cik": "0000918386",
        "fillingDate": "2006-10-31",
        "acceptedDate": "2006-10-31 16:51:14",
        "calendarYear": "2007",
        "period": "Q2",
        "revenue": 145298000,
        "costOfRevenue": 45756000,
        "grossProfit": 99542000,
        "grossProfitRatio": 0.6850885766,
        "researchAndDevelopmentExpenses": 0,
        "generalAndAdministrativeExpenses": -12514000,
        "sellingAndMarketingExpenses": 20108000,
        "sellingGeneralAndAdministrativeExpenses": 7594000,
        "otherExpenses": 52727000,
        "operatingExpenses": 60321000,
        "costAndExpenses": 106077000,
        "interestIncome": 0,
        "interestExpense": 0,
        "depreciationAndAmortization": 8611000,
        "ebitda": 39058000,
        "ebitdaratio": 0.2688130601,
        "operatingIncome": 39221000,
        "operatingIncomeRatio": 0.2699348924,
        "totalOtherIncomeExpensesNet": 5844000,
        "incomeBeforeTax": 45065000,
        "incomeBeforeTaxRatio": 0.3101556801,
        "incomeTaxExpense": 5844000,
        "netIncome": 30447000,
        "netIncomeRatio": 0.2095486517,
        "eps": 0.19,
        "epsdiluted": 0.19,
        "weightedAverageShsOut": 160008000,
        "weightedAverageShsOutDil": 161362000,
        "link": "https://www.sec.gov/Archives/edgar/data/918386/000089256906001313/0000892569-06-001313-index.html",
        "finalLink": "https://www.sec.gov/Archives/edgar/data/918386/000089256906001313/a24594e10vq.htm"
    },
    {
        "date": "2006-07-02",
        "symbol": "QLGC",
        "reportedCurrency": "USD",
        "cik": "0000918386",
        "fillingDate": "2006-08-02",
        "acceptedDate": "2006-08-01 21:32:52",
        "calendarYear": "2007",
        "period": "Q1",
        "revenue": 136692000,
        "costOfRevenue": 43320000,
        "grossProfit": 93372000,
        "grossProfitRatio": 0.6830831358,
        "researchAndDevelopmentExpenses": 1910000,
        "generalAndAdministrativeExpenses": -13959000,
        "sellingAndMarketingExpenses": 22401000,
        "sellingGeneralAndAdministrativeExpenses": 8442000,
        "otherExpenses": 55321000,
        "operatingExpenses": 65673000,
        "costAndExpenses": 108993000,
        "interestIncome": 0,
        "interestExpense": 0,
        "depreciationAndAmortization": 9027000,
        "ebitda": 30103000,
        "ebitdaratio": 0.2202250315,
        "operatingIncome": 27699000,
        "operatingIncomeRatio": 0.2026380476,
        "totalOtherIncomeExpensesNet": 6842000,
        "incomeBeforeTax": 34541000,
        "incomeBeforeTaxRatio": 0.2526921839,
        "incomeTaxExpense": 6842000,
        "netIncome": 21076000,
        "netIncomeRatio": 0.1541860533,
        "eps": 0.13,
        "epsdiluted": 0.13,
        "weightedAverageShsOut": 161548000,
        "weightedAverageShsOutDil": 162897000,
        "link": "https://www.sec.gov/Archives/edgar/data/918386/000095013706008395/0000950137-06-008395-index.htm",
        "finalLink": "https://www.sec.gov/Archives/edgar/data/918386/000095013706008395/a22500e10vq.htm"
    },
    {
        "date": "2006-04-02",
        "symbol": "QLGC",
        "reportedCurrency": "USD",
        "cik": "0000918386",
        "fillingDate": "2006-06-05",
        "acceptedDate": "2006-06-02 21:01:23",
        "calendarYear": "2006",
        "period": "Q4",
        "revenue": 130450000,
        "costOfRevenue": 38358000,
        "grossProfit": 92092000,
        "grossProfitRatio": 0.7059563051,
        "researchAndDevelopmentExpenses": 10510000,
        "generalAndAdministrativeExpenses": -12615000,
        "sellingAndMarketingExpenses": 17466000,
        "sellingGeneralAndAdministrativeExpenses": 4851000,
        "otherExpenses": 42646000,
        "operatingExpenses": 58007000,
        "costAndExpenses": 96365000,
        "interestIncome": 0,
        "interestExpense": 0,
        "depreciationAndAmortization": 5047000,
        "ebitda": 37596000,
        "ebitdaratio": 0.2882023764,
        "operatingIncome": 34085000,
        "operatingIncomeRatio": 0.2612878498,
        "totalOtherIncomeExpensesNet": 98350000,
        "incomeBeforeTax": 132435000,
        "incomeBeforeTaxRatio": 1.0152165581,
        "incomeTaxExpense": 98350000,
        "netIncome": 32549000,
        "netIncomeRatio": 0.2495132235,
        "eps": 0.19,
        "epsdiluted": 0.19,
        "weightedAverageShsOut": 171250000,
        "weightedAverageShsOutDil": 173467000,
        "link": "https://www.sec.gov/Archives/edgar/data/918386/000095013706006521/0000950137-06-006521-index.htm",
        "finalLink": "https://www.sec.gov/Archives/edgar/data/918386/000095013706006521/a21041e10vk.htm"
    },
    {
        "date": "2006-01-01",
        "symbol": "QLGC",
        "reportedCurrency": "USD",
        "cik": "0000918386",
        "fillingDate": "2006-01-30",
        "acceptedDate": "2006-01-27 20:03:00",
        "calendarYear": "2006",
        "period": "Q3",
        "revenue": 129185000,
        "costOfRevenue": 36900000,
        "grossProfit": 92285000,
        "grossProfitRatio": 0.7143631227,
        "researchAndDevelopmentExpenses": 0,
        "generalAndAdministrativeExpenses": -11738000,
        "sellingAndMarketingExpenses": 16100000,
        "sellingGeneralAndAdministrativeExpenses": 4362000,
        "otherExpenses": 38897000,
        "operatingExpenses": 43259000,
        "costAndExpenses": 80159000,
        "interestIncome": 0,
        "interestExpense": 0,
        "depreciationAndAmortization": 4304000,
        "ebitda": 170542000,
        "ebitdaratio": 1.3201377869,
        "operatingIncome": 49026000,
        "operatingIncomeRatio": 0.3795022642,
        "totalOtherIncomeExpensesNet": 5151000,
        "incomeBeforeTax": 54177000,
        "incomeBeforeTaxRatio": 0.4193753145,
        "incomeTaxExpense": 5151000,
        "netIncome": 166238000,
        "netIncomeRatio": 1.2868212254,
        "eps": 1.91,
        "epsdiluted": 1.88,
        "weightedAverageShsOut": 87213000,
        "weightedAverageShsOutDil": 88248000,
        "link": "https://www.sec.gov/Archives/edgar/data/918386/000095013706000998/0000950137-06-000998-index.htm",
        "finalLink": "https://www.sec.gov/Archives/edgar/data/918386/000095013706000998/a16635e10vq.htm"
    },
    {
        "date": "2005-10-02",
        "symbol": "QLGC",
        "reportedCurrency": "USD",
        "cik": "0000918386",
        "fillingDate": "2005-10-28",
        "acceptedDate": "2005-10-28 16:06:53",
        "calendarYear": "2006",
        "period": "Q2",
        "revenue": 75608000,
        "costOfRevenue": 18114000,
        "grossProfit": 57494000,
        "grossProfitRatio": 0.7604221775,
        "researchAndDevelopmentExpenses": 0,
        "generalAndAdministrativeExpenses": -10216000,
        "sellingAndMarketingExpenses": 14141000,
        "sellingGeneralAndAdministrativeExpenses": 3925000,
        "otherExpenses": 32330000,
        "operatingExpenses": 36255000,
        "costAndExpenses": 54369000,
        "interestIncome": 0,
        "interestExpense": 0,
        "depreciationAndAmortization": 4046000,
        "ebitda": 47070000,
        "ebitdaratio": 0.622553169,
        "operatingIncome": 21239000,
        "operatingIncomeRatio": 0.2809094276,
        "totalOtherIncomeExpensesNet": 6111000,
        "incomeBeforeTax": 27350000,
        "incomeBeforeTaxRatio": 0.361734208,
        "incomeTaxExpense": 6111000,
        "netIncome": 43024000,
        "netIncomeRatio": 0.5690403132,
        "eps": 0.48,
        "epsdiluted": 0.47,
        "weightedAverageShsOut": 90490000,
        "weightedAverageShsOutDil": 91599000,
        "link": "https://www.sec.gov/Archives/edgar/data/918386/000095013705013048/0000950137-05-013048-index.htm",
        "finalLink": "https://www.sec.gov/Archives/edgar/data/918386/000095013705013048/a13320e10vq.htm"
    },
    {
        "date": "2005-07-03",
        "symbol": "QLGC",
        "reportedCurrency": "USD",
        "cik": "0000918386",
        "fillingDate": "2005-07-29",
        "acceptedDate": "2005-07-29 17:05:27",
        "calendarYear": "2006",
        "period": "Q1",
        "revenue": 158834000,
        "costOfRevenue": 50874000,
        "grossProfit": 107960000,
        "grossProfitRatio": 0.6797033381,
        "researchAndDevelopmentExpenses": 0,
        "generalAndAdministrativeExpenses": -12552000,
        "sellingAndMarketingExpenses": 16709000,
        "sellingGeneralAndAdministrativeExpenses": 4157000,
        "otherExpenses": 40296000,
        "operatingExpenses": 44453000,
        "costAndExpenses": 95327000,
        "interestIncome": 0,
        "interestExpense": 0,
        "depreciationAndAmortization": 4501000,
        "ebitda": 46278000,
        "ebitdaratio": 0.2913607918,
        "operatingIncome": 63507000,
        "operatingIncomeRatio": 0.3998325296,
        "totalOtherIncomeExpensesNet": 6119000,
        "incomeBeforeTax": 69626000,
        "incomeBeforeTaxRatio": 0.4383570268,
        "incomeTaxExpense": 6119000,
        "netIncome": 41777000,
        "netIncomeRatio": 0.2630230303,
        "eps": 0.46,
        "epsdiluted": 0.45,
        "weightedAverageShsOut": 91533000,
        "weightedAverageShsOutDil": 92672000,
        "link": "https://www.sec.gov/Archives/edgar/data/918386/000089256905000553/0000892569-05-000553-index.htm",
        "finalLink": "https://www.sec.gov/Archives/edgar/data/918386/000089256905000553/a11120e10vq.htm"
    },
    {
        "date": "2005-04-03",
        "symbol": "QLGC",
        "reportedCurrency": "USD",
        "cik": "0000918386",
        "fillingDate": "2005-06-13",
        "acceptedDate": "2005-06-13 17:03:41",
        "calendarYear": "2005",
        "period": "Q4",
        "revenue": 157231000,
        "costOfRevenue": 48248000,
        "grossProfit": 108983000,
        "grossProfitRatio": 0.6931393936,
        "researchAndDevelopmentExpenses": 0,
        "generalAndAdministrativeExpenses": -11604000,
        "sellingAndMarketingExpenses": 15909000,
        "sellingGeneralAndAdministrativeExpenses": 4305000,
        "otherExpenses": 40141000,
        "operatingExpenses": 44446000,
        "costAndExpenses": 92694000,
        "interestIncome": 0,
        "interestExpense": 0,
        "depreciationAndAmortization": 4434000,
        "ebitda": 50589000,
        "ebitdaratio": 0.3217495278,
        "operatingIncome": 64537000,
        "operatingIncomeRatio": 0.4104597694,
        "totalOtherIncomeExpensesNet": 5539000,
        "incomeBeforeTax": 70076000,
        "incomeBeforeTaxRatio": 0.4456881913,
        "incomeTaxExpense": 5539000,
        "netIncome": 46155000,
        "netIncomeRatio": 0.2935489821,
        "eps": 0.5,
        "epsdiluted": 0.49,
        "weightedAverageShsOut": 92512000,
        "weightedAverageShsOutDil": 93657000,
        "link": "https://www.sec.gov/Archives/edgar/data/918386/000095013705007311/0000950137-05-007311-index.htm",
        "finalLink": "https://www.sec.gov/Archives/edgar/data/918386/000095013705007311/a09790e10vk.htm"
    },
    {
        "date": "2004-12-26",
        "symbol": "QLGC",
        "reportedCurrency": "USD",
        "cik": "0000918386",
        "fillingDate": "2005-02-02",
        "acceptedDate": "2005-02-02 16:52:15",
        "calendarYear": "2005",
        "period": "Q3",
        "revenue": 150252000,
        "costOfRevenue": 45448000,
        "grossProfit": 104804000,
        "grossProfitRatio": 0.6975214972,
        "researchAndDevelopmentExpenses": 0,
        "generalAndAdministrativeExpenses": -10664000,
        "sellingAndMarketingExpenses": 15166000,
        "sellingGeneralAndAdministrativeExpenses": 4502000,
        "otherExpenses": 39497000,
        "operatingExpenses": 43999000,
        "costAndExpenses": 89447000,
        "interestIncome": 0,
        "interestExpense": 0,
        "depreciationAndAmortization": 3750000,
        "ebitda": 47106000,
        "ebitdaratio": 0.3135132977,
        "operatingIncome": 60805000,
        "operatingIncomeRatio": 0.4046867929,
        "totalOtherIncomeExpensesNet": 4468000,
        "incomeBeforeTax": 65273000,
        "incomeBeforeTaxRatio": 0.4344235019,
        "incomeTaxExpense": 4468000,
        "netIncome": 43356000,
        "netIncomeRatio": 0.2885552272,
        "eps": 0.47,
        "epsdiluted": 0.46,
        "weightedAverageShsOut": 92663000,
        "weightedAverageShsOutDil": 93604000,
        "link": "https://www.sec.gov/Archives/edgar/data/918386/000095013705001086/0000950137-05-001086-index.htm",
        "finalLink": "https://www.sec.gov/Archives/edgar/data/918386/000095013705001086/a05042e10vq.htm"
    },
    {
        "date": "2004-09-26",
        "symbol": "QLGC",
        "reportedCurrency": "USD",
        "cik": "0000918386",
        "fillingDate": "2004-10-22",
        "acceptedDate": "2004-10-22 17:05:27",
        "calendarYear": "2005",
        "period": "Q2",
        "revenue": 134609000,
        "costOfRevenue": 41173000,
        "grossProfit": 93436000,
        "grossProfitRatio": 0.6941289215,
        "researchAndDevelopmentExpenses": 0,
        "generalAndAdministrativeExpenses": -9970000,
        "sellingAndMarketingExpenses": 14202000,
        "sellingGeneralAndAdministrativeExpenses": 4232000,
        "otherExpenses": 38348000,
        "operatingExpenses": 42580000,
        "costAndExpenses": 83753000,
        "interestIncome": 0,
        "interestExpense": 0,
        "depreciationAndAmortization": 3760000,
        "ebitda": 39642000,
        "ebitdaratio": 0.2944973962,
        "operatingIncome": 50856000,
        "operatingIncomeRatio": 0.3778053473,
        "totalOtherIncomeExpensesNet": 4233000,
        "incomeBeforeTax": 55089000,
        "incomeBeforeTaxRatio": 0.4092519817,
        "incomeTaxExpense": 4233000,
        "netIncome": 35882000,
        "netIncomeRatio": 0.2665646428,
        "eps": 0.39,
        "epsdiluted": 0.38,
        "weightedAverageShsOut": 92915000,
        "weightedAverageShsOutDil": 93664000,
        "link": "https://www.sec.gov/Archives/edgar/data/918386/000095013704008883/0000950137-04-008883-index.htm",
        "finalLink": "https://www.sec.gov/Archives/edgar/data/918386/000095013704008883/a02572e10vq.htm"
    },
    {
        "date": "2004-06-27",
        "symbol": "QLGC",
        "reportedCurrency": "USD",
        "cik": "0000918386",
        "fillingDate": "2004-07-26",
        "acceptedDate": "2004-07-26 16:51:46",
        "calendarYear": "2005",
        "period": "Q1",
        "revenue": 129811000,
        "costOfRevenue": 39955000,
        "grossProfit": 89856000,
        "grossProfitRatio": 0.6922063616,
        "researchAndDevelopmentExpenses": 0,
        "generalAndAdministrativeExpenses": -9987000,
        "sellingAndMarketingExpenses": 14200000,
        "sellingGeneralAndAdministrativeExpenses": 4213000,
        "otherExpenses": 37355000,
        "operatingExpenses": 41568000,
        "costAndExpenses": 81523000,
        "interestIncome": 0,
        "interestExpense": 0,
        "depreciationAndAmortization": 3642000,
        "ebitda": 35845000,
        "ebitdaratio": 0.276132223,
        "operatingIncome": 48288000,
        "operatingIncomeRatio": 0.3719869657,
        "totalOtherIncomeExpensesNet": 3633000,
        "incomeBeforeTax": 51921000,
        "incomeBeforeTaxRatio": 0.3999738081,
        "incomeTaxExpense": 3633000,
        "netIncome": 32203000,
        "netIncomeRatio": 0.248076049,
        "eps": 0.34,
        "epsdiluted": 0.34,
        "weightedAverageShsOut": 93346000,
        "weightedAverageShsOutDil": 94107000,
        "link": "https://www.sec.gov/Archives/edgar/data/918386/000095013704005840/0000950137-04-005840-index.htm",
        "finalLink": "https://www.sec.gov/Archives/edgar/data/918386/000095013704005840/a00454e10vq.htm"
    },
    {
        "date": "2004-03-28",
        "symbol": "QLGC",
        "reportedCurrency": "USD",
        "cik": "0000918386",
        "fillingDate": "2004-06-02",
        "acceptedDate": "2004-06-02 17:18:54",
        "calendarYear": "2004",
        "period": "Q4",
        "revenue": 128294000,
        "costOfRevenue": 39045000,
        "grossProfit": 89249000,
        "grossProfitRatio": 0.6956599685,
        "researchAndDevelopmentExpenses": 0,
        "generalAndAdministrativeExpenses": -11282000,
        "sellingAndMarketingExpenses": 14941000,
        "sellingGeneralAndAdministrativeExpenses": 3659000,
        "otherExpenses": 36965000,
        "operatingExpenses": 40624000,
        "costAndExpenses": 79669000,
        "interestIncome": 0,
        "interestExpense": 0,
        "depreciationAndAmortization": 3943000,
        "ebitda": 36807000,
        "ebitdaratio": 0.2868957239,
        "operatingIncome": 48625000,
        "operatingIncomeRatio": 0.3790122687,
        "totalOtherIncomeExpensesNet": 4381000,
        "incomeBeforeTax": 53006000,
        "incomeBeforeTaxRatio": 0.4131603972,
        "incomeTaxExpense": 4381000,
        "netIncome": 32864000,
        "netIncomeRatio": 0.2561616288,
        "eps": 0.35,
        "epsdiluted": 0.34,
        "weightedAverageShsOut": 94281000,
        "weightedAverageShsOutDil": 96246000,
        "link": "https://www.sec.gov/Archives/edgar/data/918386/000089256904000694/0000892569-04-000694-index.htm",
        "finalLink": "https://www.sec.gov/Archives/edgar/data/918386/000089256904000694/a99157e10vk.htm"
    },
    {
        "date": "2003-12-28",
        "symbol": "QLGC",
        "reportedCurrency": "USD",
        "cik": "0000918386",
        "fillingDate": "2004-02-02",
        "acceptedDate": "2004-01-30 19:43:06",
        "calendarYear": "2004",
        "period": "Q3",
        "revenue": 137064000,
        "costOfRevenue": 42881000,
        "grossProfit": 94183000,
        "grossProfitRatio": 0.6871461507,
        "researchAndDevelopmentExpenses": 0,
        "generalAndAdministrativeExpenses": -7902000,
        "sellingAndMarketingExpenses": 13846000,
        "sellingGeneralAndAdministrativeExpenses": 5944000,
        "otherExpenses": 35360000,
        "operatingExpenses": 41304000,
        "costAndExpenses": 84185000,
        "interestIncome": 0,
        "interestExpense": 0,
        "depreciationAndAmortization": 3758000,
        "ebitda": 38710000,
        "ebitdaratio": 0.2824228098,
        "operatingIncome": 52879000,
        "operatingIncomeRatio": 0.3857978754,
        "totalOtherIncomeExpensesNet": 3495000,
        "incomeBeforeTax": 56374000,
        "incomeBeforeTaxRatio": 0.4112969124,
        "incomeTaxExpense": 3495000,
        "netIncome": 34952000,
        "netIncomeRatio": 0.2550049612,
        "eps": 0.37,
        "epsdiluted": 0.36,
        "weightedAverageShsOut": 94252000,
        "weightedAverageShsOutDil": 96395000,
        "link": "https://www.sec.gov/Archives/edgar/data/918386/000089256904000133/0000892569-04-000133-index.htm",
        "finalLink": "https://www.sec.gov/Archives/edgar/data/918386/000089256904000133/a96042e10vq.htm"
    },
    {
        "date": "2003-09-28",
        "symbol": "QLGC",
        "reportedCurrency": "USD",
        "cik": "0000918386",
        "fillingDate": "2003-11-12",
        "acceptedDate": "2003-11-12 16:12:13",
        "calendarYear": "2004",
        "period": "Q2",
        "revenue": 132267000,
        "costOfRevenue": 42366000,
        "grossProfit": 89901000,
        "grossProfitRatio": 0.6796933475,
        "researchAndDevelopmentExpenses": 0,
        "generalAndAdministrativeExpenses": -8028000,
        "sellingAndMarketingExpenses": 12436000,
        "sellingGeneralAndAdministrativeExpenses": 4408000,
        "otherExpenses": 33918000,
        "operatingExpenses": 38326000,
        "costAndExpenses": 80692000,
        "interestIncome": 0,
        "interestExpense": 0,
        "depreciationAndAmortization": 3499000,
        "ebitda": 37680000,
        "ebitdaratio": 0.2848783143,
        "operatingIncome": 51575000,
        "operatingIncomeRatio": 0.389930973,
        "totalOtherIncomeExpensesNet": 3556000,
        "incomeBeforeTax": 55131000,
        "incomeBeforeTaxRatio": 0.4168159858,
        "incomeTaxExpense": 3556000,
        "netIncome": 34181000,
        "netIncomeRatio": 0.2584242479,
        "eps": 0.36,
        "epsdiluted": 0.36,
        "weightedAverageShsOut": 94150000,
        "weightedAverageShsOutDil": 96181000,
        "link": "https://www.sec.gov/Archives/edgar/data/918386/000089256903002576/0000892569-03-002576-index.htm",
        "finalLink": "https://www.sec.gov/Archives/edgar/data/918386/000089256903002576/a94287e10vq.htm"
    },
    {
        "date": "2003-06-29",
        "symbol": "QLGC",
        "reportedCurrency": "USD",
        "cik": "0000918386",
        "fillingDate": "2003-08-07",
        "acceptedDate": "2003-08-07 16:49:04",
        "calendarYear": "2004",
        "period": "Q1",
        "revenue": 126235000,
        "costOfRevenue": 42002000,
        "grossProfit": 84233000,
        "grossProfitRatio": 0.667271359,
        "researchAndDevelopmentExpenses": 0,
        "generalAndAdministrativeExpenses": -7638000,
        "sellingAndMarketingExpenses": 11729000,
        "sellingGeneralAndAdministrativeExpenses": 4091000,
        "otherExpenses": 34464000,
        "operatingExpenses": 38555000,
        "costAndExpenses": 80557000,
        "interestIncome": 0,
        "interestExpense": 0,
        "depreciationAndAmortization": 3629000,
        "ebitda": 35305000,
        "ebitdaratio": 0.2796767933,
        "operatingIncome": 45678000,
        "operatingIncomeRatio": 0.3618489325,
        "totalOtherIncomeExpensesNet": 5412000,
        "incomeBeforeTax": 51090000,
        "incomeBeforeTaxRatio": 0.404721353,
        "incomeTaxExpense": 5412000,
        "netIncome": 31676000,
        "netIncomeRatio": 0.2509288232,
        "eps": 0.34,
        "epsdiluted": 0.33,
        "weightedAverageShsOut": 94017000,
        "weightedAverageShsOutDil": 96002000,
        "link": "https://www.sec.gov/Archives/edgar/data/918386/000089256903001863/0000892569-03-001863-index.htm",
        "finalLink": "https://www.sec.gov/Archives/edgar/data/918386/000089256903001863/a90757e10vq.htm"
    },
    {
        "date": "2003-03-30",
        "symbol": "QLGC",
        "reportedCurrency": "USD",
        "cik": "0000918386",
        "fillingDate": "2003-06-18",
        "acceptedDate": "2003-06-18 17:25:22",
        "calendarYear": "2003",
        "period": "Q4",
        "revenue": 120565000,
        "costOfRevenue": 41155000,
        "grossProfit": 79410000,
        "grossProfitRatio": 0.6586488616,
        "researchAndDevelopmentExpenses": 0,
        "generalAndAdministrativeExpenses": -7668000,
        "sellingAndMarketingExpenses": 11304000,
        "sellingGeneralAndAdministrativeExpenses": 3636000,
        "otherExpenses": 33205000,
        "operatingExpenses": 36841000,
        "costAndExpenses": 77996000,
        "interestIncome": 0,
        "interestExpense": 0,
        "depreciationAndAmortization": 3446000,
        "ebitda": 33335000,
        "ebitdaratio": 0.2764898602,
        "operatingIncome": 42569000,
        "operatingIncomeRatio": 0.3530792519,
        "totalOtherIncomeExpensesNet": 5160000,
        "incomeBeforeTax": 47729000,
        "incomeBeforeTaxRatio": 0.3958777423,
        "incomeTaxExpense": 5160000,
        "netIncome": 29889000,
        "netIncomeRatio": 0.2479077676,
        "eps": 0.32,
        "epsdiluted": 0.31,
        "weightedAverageShsOut": 93469000,
        "weightedAverageShsOutDil": 95354000,
        "link": "https://www.sec.gov/Archives/edgar/data/918386/000089256903001535/0000892569-03-001535-index.htm",
        "finalLink": "https://www.sec.gov/Archives/edgar/data/918386/000089256903001535/a90895e10vk.htm"
    },
    {
        "date": "2002-12-29",
        "symbol": "QLGC",
        "reportedCurrency": "USD",
        "cik": "0000918386",
        "fillingDate": "2003-02-12",
        "acceptedDate": "2003-02-12 14:56:39",
        "calendarYear": "2003",
        "period": "Q3",
        "revenue": 114167000,
        "costOfRevenue": 40908000,
        "grossProfit": 73259000,
        "grossProfitRatio": 0.641682798,
        "researchAndDevelopmentExpenses": 0,
        "generalAndAdministrativeExpenses": -7425000,
        "sellingAndMarketingExpenses": 10955000,
        "sellingGeneralAndAdministrativeExpenses": 3530000,
        "otherExpenses": 32495000,
        "operatingExpenses": 36025000,
        "costAndExpenses": 76933000,
        "interestIncome": 0,
        "interestExpense": 0,
        "depreciationAndAmortization": 4685000,
        "ebitda": 32198000,
        "ebitdaratio": 0.2820254539,
        "operatingIncome": 37234000,
        "operatingIncomeRatio": 0.3261362741,
        "totalOtherIncomeExpensesNet": 5417000,
        "incomeBeforeTax": 42651000,
        "incomeBeforeTaxRatio": 0.3735843107,
        "incomeTaxExpense": 5417000,
        "netIncome": 27513000,
        "netIncomeRatio": 0.2409890774,
        "eps": 0.29,
        "epsdiluted": 0.29,
        "weightedAverageShsOut": 93369000,
        "weightedAverageShsOutDil": 95337000,
        "link": "https://www.sec.gov/Archives/edgar/data/918386/000089256903000376/0000892569-03-000376-index.htm",
        "finalLink": "https://www.sec.gov/Archives/edgar/data/918386/000089256903000376/a87578e10vq.htm"
    },
    {
        "date": "2002-09-29",
        "symbol": "QLGC",
        "reportedCurrency": "USD",
        "cik": "0000918386",
        "fillingDate": "2002-11-13",
        "acceptedDate": "2002-11-13 14:39:30",
        "calendarYear": "2003",
        "period": "Q2",
        "revenue": 107115000,
        "costOfRevenue": 40200000,
        "grossProfit": 66915000,
        "grossProfitRatio": 0.6247024226,
        "researchAndDevelopmentExpenses": 0,
        "generalAndAdministrativeExpenses": -7784000,
        "sellingAndMarketingExpenses": 11435000,
        "sellingGeneralAndAdministrativeExpenses": 3651000,
        "otherExpenses": 31068000,
        "operatingExpenses": 34719000,
        "costAndExpenses": 74919000,
        "interestIncome": 0,
        "interestExpense": 0,
        "depreciationAndAmortization": 3223000,
        "ebitda": 26238000,
        "ebitdaratio": 0.2449516874,
        "operatingIncome": 32196000,
        "operatingIncomeRatio": 0.3005741493,
        "totalOtherIncomeExpensesNet": 2167000,
        "incomeBeforeTax": 34363000,
        "incomeBeforeTaxRatio": 0.3208047426,
        "incomeTaxExpense": 2167000,
        "netIncome": 23015000,
        "netIncomeRatio": 0.2148625309,
        "eps": 0.25,
        "epsdiluted": 0.24,
        "weightedAverageShsOut": 93277000,
        "weightedAverageShsOutDil": 95384000,
        "link": "https://www.sec.gov/Archives/edgar/data/918386/000089256902002263/0000892569-02-002263-index.htm",
        "finalLink": "https://www.sec.gov/Archives/edgar/data/918386/000089256902002263/a85914e10vq.htm"
    },
    {
        "date": "2002-06-30",
        "symbol": "QLGC",
        "reportedCurrency": "USD",
        "cik": "0000918386",
        "fillingDate": "2002-08-14",
        "acceptedDate": "2002-08-14 15:29:38",
        "calendarYear": "2003",
        "period": "Q1",
        "revenue": 98962000,
        "costOfRevenue": 37107000,
        "grossProfit": 61855000,
        "grossProfitRatio": 0.6250378933,
        "researchAndDevelopmentExpenses": 0,
        "generalAndAdministrativeExpenses": -7424000,
        "sellingAndMarketingExpenses": 10618000,
        "sellingGeneralAndAdministrativeExpenses": 3194000,
        "otherExpenses": 28797000,
        "operatingExpenses": 31991000,
        "costAndExpenses": 69098000,
        "interestIncome": 0,
        "interestExpense": 0,
        "depreciationAndAmortization": 3352000,
        "ebitda": 26408000,
        "ebitdaratio": 0.266849902,
        "operatingIncome": 29864000,
        "operatingIncomeRatio": 0.3017723975,
        "totalOtherIncomeExpensesNet": 4612000,
        "incomeBeforeTax": 34476000,
        "incomeBeforeTaxRatio": 0.3483761444,
        "incomeTaxExpense": 4612000,
        "netIncome": 23056000,
        "netIncomeRatio": 0.2329783149,
        "eps": 0.25,
        "epsdiluted": 0.24,
        "weightedAverageShsOut": 93177000,
        "weightedAverageShsOutDil": 95857000,
        "link": "https://www.sec.gov/Archives/edgar/data/918386/000089256902001796/0000892569-02-001796-index.html",
        "finalLink": "https://www.sec.gov/Archives/edgar/data/918386/000089256902001796/a83794e10vq.htm"
    },
    {
        "date": "2002-03-31",
        "symbol": "QLGC",
        "reportedCurrency": "USD",
        "cik": "0000918386",
        "fillingDate": "2002-06-17",
        "acceptedDate": "2002-06-14 20:32:51",
        "calendarYear": "2002",
        "period": "Q4",
        "revenue": 90822000,
        "costOfRevenue": 34631000,
        "grossProfit": 56191000,
        "grossProfitRatio": 0.6186937086,
        "researchAndDevelopmentExpenses": 0,
        "generalAndAdministrativeExpenses": -5785000,
        "sellingAndMarketingExpenses": 10176000,
        "sellingGeneralAndAdministrativeExpenses": 4391000,
        "otherExpenses": 28718000,
        "operatingExpenses": 33109000,
        "costAndExpenses": 67740000,
        "interestIncome": 0,
        "interestExpense": 0,
        "depreciationAndAmortization": 3343000,
        "ebitda": 21999000,
        "ebitdaratio": 0.2422210478,
        "operatingIncome": 23082000,
        "operatingIncomeRatio": 0.2541454714,
        "totalOtherIncomeExpensesNet": 4616000,
        "incomeBeforeTax": 27698000,
        "incomeBeforeTaxRatio": 0.3049701614,
        "incomeTaxExpense": 4616000,
        "netIncome": 18656000,
        "netIncomeRatio": 0.2054127854,
        "eps": 0.2,
        "epsdiluted": 0.2,
        "weightedAverageShsOut": 92645000,
        "weightedAverageShsOutDil": 95126000,
        "link": "https://www.sec.gov/Archives/edgar/data/918386/000089256902001325/0000892569-02-001325-index.htm",
        "finalLink": "https://www.sec.gov/Archives/edgar/data/918386/000089256902001325/a82404e10vk.htm"
    }
]