[
    {
        "date": "2017-06-30",
        "symbol": "RAI",
        "reportedCurrency": "USD",
        "cik": "0001275283",
        "fillingDate": "2017-08-01",
        "acceptedDate": "2017-08-01 16:41:08",
        "calendarYear": "2017",
        "period": "Q2",
        "revenue": 3318000000,
        "costOfRevenue": 1278000000,
        "grossProfit": 2040000000,
        "grossProfitRatio": 0.6148282098,
        "researchAndDevelopmentExpenses": 0,
        "generalAndAdministrativeExpenses": 478000000,
        "sellingAndMarketingExpenses": 6000000,
        "sellingGeneralAndAdministrativeExpenses": 484000000,
        "otherExpenses": 0,
        "operatingExpenses": 484000000,
        "costAndExpenses": 1762000000,
        "interestIncome": 0,
        "interestExpense": 150000000,
        "depreciationAndAmortization": 31000000,
        "ebitda": 1579000000,
        "ebitdaratio": 0.4758890898,
        "operatingIncome": 1556000000,
        "operatingIncomeRatio": 0.4689572031,
        "totalOtherIncomeExpensesNet": -158000000,
        "incomeBeforeTax": 1398000000,
        "incomeBeforeTaxRatio": 0.4213381555,
        "incomeTaxExpense": 479000000,
        "netIncome": 919000000,
        "netIncomeRatio": 0.2769740808,
        "eps": 0.64,
        "epsdiluted": 0.64,
        "weightedAverageShsOut": 1426412000,
        "weightedAverageShsOutDil": 1429109000,
        "link": "https://www.sec.gov/Archives/edgar/data/1275283/000156459017014665/0001564590-17-014665-index.html",
        "finalLink": "https://www.sec.gov/Archives/edgar/data/1275283/000156459017014665/rai-10q_20170630.htm"
    },
    {
        "date": "2017-03-31",
        "symbol": "RAI",
        "reportedCurrency": "USD",
        "cik": "0001275283",
        "fillingDate": "2017-05-03",
        "acceptedDate": "2017-05-03 07:43:01",
        "calendarYear": "2017",
        "period": "Q1",
        "revenue": 2949000000,
        "costOfRevenue": 1199000000,
        "grossProfit": 1750000000,
        "grossProfitRatio": 0.5934214988,
        "researchAndDevelopmentExpenses": 0,
        "generalAndAdministrativeExpenses": 418000000,
        "sellingAndMarketingExpenses": 6000000,
        "sellingGeneralAndAdministrativeExpenses": 424000000,
        "otherExpenses": 0,
        "operatingExpenses": 424000000,
        "costAndExpenses": 1623000000,
        "interestIncome": 0,
        "interestExpense": 149000000,
        "depreciationAndAmortization": 32000000,
        "ebitda": 1356000000,
        "ebitdaratio": 0.4598168871,
        "operatingIncome": 1326000000,
        "operatingIncomeRatio": 0.4496439471,
        "totalOtherIncomeExpensesNet": -151000000,
        "incomeBeforeTax": 1175000000,
        "incomeBeforeTaxRatio": 0.3984401492,
        "incomeTaxExpense": 395000000,
        "netIncome": 780000000,
        "netIncomeRatio": 0.2644964395,
        "eps": 0.55,
        "epsdiluted": 0.55,
        "weightedAverageShsOut": 1426246000,
        "weightedAverageShsOutDil": 1429502000,
        "link": "https://www.sec.gov/Archives/edgar/data/1275283/000156459017008220/0001564590-17-008220-index.html",
        "finalLink": "https://www.sec.gov/Archives/edgar/data/1275283/000156459017008220/rai-10q_20170331.htm"
    },
    {
        "date": "2016-12-31",
        "symbol": "RAI",
        "reportedCurrency": "USD",
        "cik": "0001275283",
        "fillingDate": "2017-02-09",
        "acceptedDate": "2017-02-09 08:20:36",
        "calendarYear": "2016",
        "period": "Q4",
        "revenue": 3186000000,
        "costOfRevenue": 1212000000,
        "grossProfit": 1974000000,
        "grossProfitRatio": 0.6195856874,
        "researchAndDevelopmentExpenses": 101000000,
        "generalAndAdministrativeExpenses": 483000000,
        "sellingAndMarketingExpenses": 5000000,
        "sellingGeneralAndAdministrativeExpenses": 488000000,
        "otherExpenses": 0,
        "operatingExpenses": 589000000,
        "costAndExpenses": 1801000000,
        "interestIncome": 0,
        "interestExpense": 150000000,
        "depreciationAndAmortization": 31000000,
        "ebitda": 1519000000,
        "ebitdaratio": 0.4767733836,
        "operatingIncome": 1486000000,
        "operatingIncomeRatio": 0.4664155681,
        "totalOtherIncomeExpensesNet": -675000000,
        "incomeBeforeTax": 811000000,
        "incomeBeforeTaxRatio": 0.2545511613,
        "incomeTaxExpense": 487000000,
        "netIncome": 851000000,
        "netIncomeRatio": 0.2671060891,
        "eps": 0.6,
        "epsdiluted": 0.6,
        "weightedAverageShsOut": 1426987000,
        "weightedAverageShsOutDil": 1429933000,
        "link": "https://www.sec.gov/Archives/edgar/data/1275283/000156459017001245/0001564590-17-001245-index.html",
        "finalLink": "https://www.sec.gov/Archives/edgar/data/1275283/000156459017001245/rai-10k_20161231.htm"
    },
    {
        "date": "2016-09-30",
        "symbol": "RAI",
        "reportedCurrency": "USD",
        "cik": "0001275283",
        "fillingDate": "2016-10-19",
        "acceptedDate": "2016-10-19 10:14:09",
        "calendarYear": "2016",
        "period": "Q3",
        "revenue": 3205000000,
        "costOfRevenue": 1189000000,
        "grossProfit": 2016000000,
        "grossProfitRatio": 0.6290171607,
        "researchAndDevelopmentExpenses": 0,
        "generalAndAdministrativeExpenses": 484000000,
        "sellingAndMarketingExpenses": 6000000,
        "sellingGeneralAndAdministrativeExpenses": 490000000,
        "otherExpenses": 0,
        "operatingExpenses": 490000000,
        "costAndExpenses": 1679000000,
        "interestIncome": 0,
        "interestExpense": 150000000,
        "depreciationAndAmortization": 31000000,
        "ebitda": 1549000000,
        "ebitdaratio": 0.4833073323,
        "operatingIncome": 1526000000,
        "operatingIncomeRatio": 0.4761310452,
        "totalOtherIncomeExpensesNet": -665000000,
        "incomeBeforeTax": 861000000,
        "incomeBeforeTaxRatio": 0.2686427457,
        "incomeTaxExpense": 0,
        "netIncome": 861000000,
        "netIncomeRatio": 0.2686427457,
        "eps": 0.6,
        "epsdiluted": 0.6,
        "weightedAverageShsOut": 1427379000,
        "weightedAverageShsOutDil": 1430329000,
        "link": "https://www.sec.gov/Archives/edgar/data/1275283/000156459016025880/0001564590-16-025880-index.html",
        "finalLink": "https://www.sec.gov/Archives/edgar/data/1275283/000156459016025880/rai-10q_20160930.htm"
    },
    {
        "date": "2016-06-30",
        "symbol": "RAI",
        "reportedCurrency": "USD",
        "cik": "0001275283",
        "fillingDate": "2016-07-26",
        "acceptedDate": "2016-07-26 10:28:09",
        "calendarYear": "2016",
        "period": "Q2",
        "revenue": 3195000000,
        "costOfRevenue": 1275000000,
        "grossProfit": 1920000000,
        "grossProfitRatio": 0.6009389671,
        "researchAndDevelopmentExpenses": 0,
        "generalAndAdministrativeExpenses": 499000000,
        "sellingAndMarketingExpenses": 6000000,
        "sellingGeneralAndAdministrativeExpenses": 505000000,
        "otherExpenses": 0,
        "operatingExpenses": 505000000,
        "costAndExpenses": 1780000000,
        "interestIncome": 0,
        "interestExpense": 152000000,
        "depreciationAndAmortization": 31000000,
        "ebitda": 1449000000,
        "ebitdaratio": 0.4535211268,
        "operatingIncome": 1415000000,
        "operatingIncomeRatio": 0.4428794992,
        "totalOtherIncomeExpensesNet": -581000000,
        "incomeBeforeTax": 834000000,
        "incomeBeforeTaxRatio": 0.2610328638,
        "incomeTaxExpense": 470000000,
        "netIncome": 796000000,
        "netIncomeRatio": 0.2491392801,
        "eps": 0.56,
        "epsdiluted": 0.56,
        "weightedAverageShsOut": 1427430000,
        "weightedAverageShsOutDil": 1430518000,
        "link": "https://www.sec.gov/Archives/edgar/data/1275283/000156459016021461/0001564590-16-021461-index.html",
        "finalLink": "https://www.sec.gov/Archives/edgar/data/1275283/000156459016021461/rai-10q_20160630.htm"
    },
    {
        "date": "2016-03-31",
        "symbol": "RAI",
        "reportedCurrency": "USD",
        "cik": "0001275283",
        "fillingDate": "2016-04-26",
        "acceptedDate": "2016-04-26 10:07:34",
        "calendarYear": "2016",
        "period": "Q1",
        "revenue": 2917000000,
        "costOfRevenue": 1165000000,
        "grossProfit": 1752000000,
        "grossProfitRatio": 0.6006170723,
        "researchAndDevelopmentExpenses": 0,
        "generalAndAdministrativeExpenses": 465000000,
        "sellingAndMarketingExpenses": 6000000,
        "sellingGeneralAndAdministrativeExpenses": 471000000,
        "otherExpenses": 0,
        "operatingExpenses": 471000000,
        "costAndExpenses": 1636000000,
        "interestIncome": 0,
        "interestExpense": 174000000,
        "depreciationAndAmortization": 30000000,
        "ebitda": 5923000000,
        "ebitdaratio": 2.0305107988,
        "operatingIncome": 6142000000,
        "operatingIncomeRatio": 2.1055879328,
        "totalOtherIncomeExpensesNet": -2551000000,
        "incomeBeforeTax": 3591000000,
        "incomeBeforeTaxRatio": 1.2310593075,
        "incomeTaxExpense": 2154000000,
        "netIncome": 3565000000,
        "netIncomeRatio": 1.2221460405,
        "eps": 2.5,
        "epsdiluted": 2.49,
        "weightedAverageShsOut": 1427448000,
        "weightedAverageShsOutDil": 1431069000,
        "link": "https://www.sec.gov/Archives/edgar/data/1275283/000156459016016608/0001564590-16-016608-index.html",
        "finalLink": "https://www.sec.gov/Archives/edgar/data/1275283/000156459016016608/rai-10q_20160331.htm"
    },
    {
        "date": "2015-12-31",
        "symbol": "RAI",
        "reportedCurrency": "USD",
        "cik": "0001275283",
        "fillingDate": "2016-02-11",
        "acceptedDate": "2016-02-11 10:07:06",
        "calendarYear": "2015",
        "period": "Q4",
        "revenue": 3054000000,
        "costOfRevenue": 1350000000,
        "grossProfit": 1704000000,
        "grossProfitRatio": 0.557956778,
        "researchAndDevelopmentExpenses": 107000000,
        "generalAndAdministrativeExpenses": 683000000,
        "sellingAndMarketingExpenses": 6000000,
        "sellingGeneralAndAdministrativeExpenses": 689000000,
        "otherExpenses": 0,
        "operatingExpenses": 796000000,
        "costAndExpenses": 2146000000,
        "interestIncome": 0,
        "interestExpense": 185000000,
        "depreciationAndAmortization": 31000000,
        "ebitda": 726000000,
        "ebitdaratio": 0.2377210216,
        "operatingIncome": 690000000,
        "operatingIncomeRatio": 0.2259332024,
        "totalOtherIncomeExpensesNet": -337000000,
        "incomeBeforeTax": 353000000,
        "incomeBeforeTaxRatio": 0.1155861166,
        "incomeTaxExpense": 231000000,
        "netIncome": 279000000,
        "netIncomeRatio": 0.0913555992,
        "eps": 0.22,
        "epsdiluted": 0.22,
        "weightedAverageShsOut": 1264182000,
        "weightedAverageShsOutDil": 1267715000,
        "link": "https://www.sec.gov/Archives/edgar/data/1275283/000156459016012630/0001564590-16-012630-index.html",
        "finalLink": "https://www.sec.gov/Archives/edgar/data/1275283/000156459016012630/rai-10k_20151231.htm"
    },
    {
        "date": "2015-09-30",
        "symbol": "RAI",
        "reportedCurrency": "USD",
        "cik": "0001275283",
        "fillingDate": "2015-10-27",
        "acceptedDate": "2015-10-27 10:03:59",
        "calendarYear": "2015",
        "period": "Q3",
        "revenue": 3161000000,
        "costOfRevenue": 1404000000,
        "grossProfit": 1757000000,
        "grossProfitRatio": 0.5558367605,
        "researchAndDevelopmentExpenses": 0,
        "generalAndAdministrativeExpenses": 453000000,
        "sellingAndMarketingExpenses": 6000000,
        "sellingGeneralAndAdministrativeExpenses": 459000000,
        "otherExpenses": 0,
        "operatingExpenses": 459000000,
        "costAndExpenses": 1863000000,
        "interestIncome": 0,
        "interestExpense": 189000000,
        "depreciationAndAmortization": 35000000,
        "ebitda": 1239000000,
        "ebitdaratio": 0.3919645682,
        "operatingIncome": 1206000000,
        "operatingIncomeRatio": 0.3815248339,
        "totalOtherIncomeExpensesNet": -555000000,
        "incomeBeforeTax": 651000000,
        "incomeBeforeTaxRatio": 0.205947485,
        "incomeTaxExpense": 358000000,
        "netIncome": 657000000,
        "netIncomeRatio": 0.2078456185,
        "eps": 0.54,
        "epsdiluted": 0.54,
        "weightedAverageShsOut": 1209503000,
        "weightedAverageShsOutDil": 1212933000,
        "link": "https://www.sec.gov/Archives/edgar/data/1275283/000156459015008652/0001564590-15-008652-index.html",
        "finalLink": "https://www.sec.gov/Archives/edgar/data/1275283/000156459015008652/rai-10q_20150930.htm"
    },
    {
        "date": "2015-06-30",
        "symbol": "RAI",
        "reportedCurrency": "USD",
        "cik": "0001275283",
        "fillingDate": "2015-08-06",
        "acceptedDate": "2015-08-06 13:09:16",
        "calendarYear": "2015",
        "period": "Q2",
        "revenue": 2403000000,
        "costOfRevenue": 1084000000,
        "grossProfit": 1319000000,
        "grossProfitRatio": 0.5488972118,
        "researchAndDevelopmentExpenses": 0,
        "generalAndAdministrativeExpenses": 451000000,
        "sellingAndMarketingExpenses": 3000000,
        "sellingGeneralAndAdministrativeExpenses": 454000000,
        "otherExpenses": 0,
        "operatingExpenses": 454000000,
        "costAndExpenses": 1538000000,
        "interestIncome": 0,
        "interestExpense": 105000000,
        "depreciationAndAmortization": 28000000,
        "ebitda": 4372000000,
        "ebitdaratio": 1.8193924261,
        "operatingIncome": 4364000000,
        "operatingIncomeRatio": 1.8160632543,
        "totalOtherIncomeExpensesNet": -2445000000,
        "incomeBeforeTax": 1919000000,
        "incomeBeforeTaxRatio": 0.798585102,
        "incomeTaxExpense": 2311000000,
        "netIncome": 1928000000,
        "netIncomeRatio": 0.8023304203,
        "eps": 3.51,
        "epsdiluted": 3.5,
        "weightedAverageShsOut": 549852000,
        "weightedAverageShsOutDil": 551600000,
        "link": "https://www.sec.gov/Archives/edgar/data/1275283/000156459015006401/0001564590-15-006401-index.html",
        "finalLink": "https://www.sec.gov/Archives/edgar/data/1275283/000156459015006401/rai-10q_20150630.htm"
    },
    {
        "date": "2015-03-31",
        "symbol": "RAI",
        "reportedCurrency": "USD",
        "cik": "0001275283",
        "fillingDate": "2015-04-20",
        "acceptedDate": "2015-04-20 15:36:46",
        "calendarYear": "2015",
        "period": "Q1",
        "revenue": 2057000000,
        "costOfRevenue": 850000000,
        "grossProfit": 1207000000,
        "grossProfitRatio": 0.5867768595,
        "researchAndDevelopmentExpenses": 0,
        "generalAndAdministrativeExpenses": 511000000,
        "sellingAndMarketingExpenses": 3000000,
        "sellingGeneralAndAdministrativeExpenses": 514000000,
        "otherExpenses": 0,
        "operatingExpenses": 514000000,
        "costAndExpenses": 1364000000,
        "interestIncome": 0,
        "interestExpense": 91000000,
        "depreciationAndAmortization": 28000000,
        "ebitda": 739000000,
        "ebitdaratio": 0.3592610598,
        "operatingIncome": 693000000,
        "operatingIncomeRatio": 0.3368983957,
        "totalOtherIncomeExpensesNet": -337000000,
        "incomeBeforeTax": 356000000,
        "incomeBeforeTaxRatio": 0.1730675741,
        "incomeTaxExpense": 231000000,
        "netIncome": 389000000,
        "netIncomeRatio": 0.1891103549,
        "eps": 0.73,
        "epsdiluted": 0.73,
        "weightedAverageShsOut": 531527000,
        "weightedAverageShsOutDil": 533497000,
        "link": "https://www.sec.gov/Archives/edgar/data/1275283/000156459015002667/0001564590-15-002667-index.html",
        "finalLink": "https://www.sec.gov/Archives/edgar/data/1275283/000156459015002667/rai-10q_20150331.htm"
    },
    {
        "date": "2014-12-31",
        "symbol": "RAI",
        "reportedCurrency": "USD",
        "cik": "0001275283",
        "fillingDate": "2015-02-10",
        "acceptedDate": "2015-02-10 09:55:43",
        "calendarYear": "2014",
        "period": "Q4",
        "revenue": 2134000000,
        "costOfRevenue": 1135000000,
        "grossProfit": 999000000,
        "grossProfitRatio": 0.4681349578,
        "researchAndDevelopmentExpenses": 88000000,
        "generalAndAdministrativeExpenses": 703000000,
        "sellingAndMarketingExpenses": 3000000,
        "sellingGeneralAndAdministrativeExpenses": 706000000,
        "otherExpenses": 0,
        "operatingExpenses": 794000000,
        "costAndExpenses": 1929000000,
        "interestIncome": 0,
        "interestExpense": 89000000,
        "depreciationAndAmortization": 28000000,
        "ebitda": 326000000,
        "ebitdaratio": 0.152764761,
        "operatingIncome": 293000000,
        "operatingIncomeRatio": 0.1373008435,
        "totalOtherIncomeExpensesNet": -84000000,
        "incomeBeforeTax": 209000000,
        "incomeBeforeTaxRatio": 0.0979381443,
        "incomeTaxExpense": 61000000,
        "netIncome": 148000000,
        "netIncomeRatio": 0.0693533271,
        "eps": 0.28,
        "epsdiluted": 0.28,
        "weightedAverageShsOut": 533160000,
        "weightedAverageShsOutDil": 534970000,
        "link": "https://www.sec.gov/Archives/edgar/data/1275283/000119312515040558/0001193125-15-040558-index.htm",
        "finalLink": "https://www.sec.gov/Archives/edgar/data/1275283/000119312515040558/d821365d10k.htm"
    },
    {
        "date": "2014-09-30",
        "symbol": "RAI",
        "reportedCurrency": "USD",
        "cik": "0001275283",
        "fillingDate": "2014-10-21",
        "acceptedDate": "2014-10-21 10:03:26",
        "calendarYear": "2014",
        "period": "Q3",
        "revenue": 2240000000,
        "costOfRevenue": 1034000000,
        "grossProfit": 1206000000,
        "grossProfitRatio": 0.5383928571,
        "researchAndDevelopmentExpenses": 0,
        "generalAndAdministrativeExpenses": 391000000,
        "sellingAndMarketingExpenses": 3000000,
        "sellingGeneralAndAdministrativeExpenses": 394000000,
        "otherExpenses": 0,
        "operatingExpenses": 394000000,
        "costAndExpenses": 1428000000,
        "interestIncome": 0,
        "interestExpense": 76000000,
        "depreciationAndAmortization": 27000000,
        "ebitda": 850000000,
        "ebitdaratio": 0.3794642857,
        "operatingIncome": 812000000,
        "operatingIncomeRatio": 0.3625,
        "totalOtherIncomeExpensesNet": -65000000,
        "incomeBeforeTax": 747000000,
        "incomeBeforeTaxRatio": 0.3334821429,
        "incomeTaxExpense": 280000000,
        "netIncome": 467000000,
        "netIncomeRatio": 0.2084821429,
        "eps": 0.87,
        "epsdiluted": 0.87,
        "weightedAverageShsOut": 533786000,
        "weightedAverageShsOutDil": 535521000,
        "link": "https://www.sec.gov/Archives/edgar/data/1275283/000119312514377020/0001193125-14-377020-index.html",
        "finalLink": "https://www.sec.gov/Archives/edgar/data/1275283/000119312514377020/d777674d10q.htm"
    },
    {
        "date": "2014-06-30",
        "symbol": "RAI",
        "reportedCurrency": "USD",
        "cik": "0001275283",
        "fillingDate": "2014-07-29",
        "acceptedDate": "2014-07-29 10:29:25",
        "calendarYear": "2014",
        "period": "Q2",
        "revenue": 2162000000,
        "costOfRevenue": 959000000,
        "grossProfit": 1203000000,
        "grossProfitRatio": 0.5564292322,
        "researchAndDevelopmentExpenses": 0,
        "generalAndAdministrativeExpenses": 364000000,
        "sellingAndMarketingExpenses": 3000000,
        "sellingGeneralAndAdministrativeExpenses": 367000000,
        "otherExpenses": 0,
        "operatingExpenses": 367000000,
        "costAndExpenses": 1326000000,
        "interestIncome": 0,
        "interestExpense": 62000000,
        "depreciationAndAmortization": 26000000,
        "ebitda": 863000000,
        "ebitdaratio": 0.3991674376,
        "operatingIncome": 836000000,
        "operatingIncomeRatio": 0.3866790009,
        "totalOtherIncomeExpensesNet": -61000000,
        "incomeBeforeTax": 775000000,
        "incomeBeforeTaxRatio": 0.3584643848,
        "incomeTaxExpense": 283000000,
        "netIncome": 492000000,
        "netIncomeRatio": 0.2275670675,
        "eps": 0.92,
        "epsdiluted": 0.92,
        "weightedAverageShsOut": 535037000,
        "weightedAverageShsOutDil": 536824000,
        "link": "https://www.sec.gov/Archives/edgar/data/1275283/000119312514283833/0001193125-14-283833-index.html",
        "finalLink": "https://www.sec.gov/Archives/edgar/data/1275283/000119312514283833/d733410d10q.htm"
    },
    {
        "date": "2014-03-31",
        "symbol": "RAI",
        "reportedCurrency": "USD",
        "cik": "0001275283",
        "fillingDate": "2014-04-23",
        "acceptedDate": "2014-04-23 10:00:11",
        "calendarYear": "2014",
        "period": "Q1",
        "revenue": 1935000000,
        "costOfRevenue": 930000000,
        "grossProfit": 1005000000,
        "grossProfitRatio": 0.519379845,
        "researchAndDevelopmentExpenses": 0,
        "generalAndAdministrativeExpenses": 413000000,
        "sellingAndMarketingExpenses": 2000000,
        "sellingGeneralAndAdministrativeExpenses": 415000000,
        "otherExpenses": 0,
        "operatingExpenses": 415000000,
        "costAndExpenses": 1345000000,
        "interestIncome": 0,
        "interestExpense": 59000000,
        "depreciationAndAmortization": 25000000,
        "ebitda": 640000000,
        "ebitdaratio": 0.330749354,
        "operatingIncome": 590000000,
        "operatingIncomeRatio": 0.3049095607,
        "totalOtherIncomeExpensesNet": -59000000,
        "incomeBeforeTax": 531000000,
        "incomeBeforeTaxRatio": 0.2744186047,
        "incomeTaxExpense": 193000000,
        "netIncome": 363000000,
        "netIncomeRatio": 0.1875968992,
        "eps": 0.68,
        "epsdiluted": 0.67,
        "weightedAverageShsOut": 536763000,
        "weightedAverageShsOutDil": 538883000,
        "link": "https://www.sec.gov/Archives/edgar/data/1275283/000119312514153912/0001193125-14-153912-index.html",
        "finalLink": "https://www.sec.gov/Archives/edgar/data/1275283/000119312514153912/d687718d10q.htm"
    },
    {
        "date": "2013-12-31",
        "symbol": "RAI",
        "reportedCurrency": "USD",
        "cik": "0001275283",
        "fillingDate": "2014-02-11",
        "acceptedDate": "2014-02-11 09:56:42",
        "calendarYear": "2013",
        "period": "Q4",
        "revenue": 2039000000,
        "costOfRevenue": 981000000,
        "grossProfit": 1058000000,
        "grossProfitRatio": 0.5188818048,
        "researchAndDevelopmentExpenses": 72000000,
        "generalAndAdministrativeExpenses": 369000000,
        "sellingAndMarketingExpenses": 1000000,
        "sellingGeneralAndAdministrativeExpenses": 370000000,
        "otherExpenses": 0,
        "operatingExpenses": 442000000,
        "costAndExpenses": 1423000000,
        "interestIncome": 0,
        "interestExpense": 66000000,
        "depreciationAndAmortization": 24000000,
        "ebitda": 550000000,
        "ebitdaratio": 0.2697400687,
        "operatingIncome": 656000000,
        "operatingIncomeRatio": 0.3217263364,
        "totalOtherIncomeExpensesNet": -196000000,
        "incomeBeforeTax": 460000000,
        "incomeBeforeTaxRatio": 0.2256007847,
        "incomeTaxExpense": 168000000,
        "netIncome": 292000000,
        "netIncomeRatio": 0.1432074546,
        "eps": 0.54,
        "epsdiluted": 0.53,
        "weightedAverageShsOut": 544925000,
        "weightedAverageShsOutDil": 546949000,
        "link": "https://www.sec.gov/Archives/edgar/data/1275283/000119312514044598/0001193125-14-044598-index.htm",
        "finalLink": "https://www.sec.gov/Archives/edgar/data/1275283/000119312514044598/d627677d10k.htm"
    },
    {
        "date": "2013-09-30",
        "symbol": "RAI",
        "reportedCurrency": "USD",
        "cik": "0001275283",
        "fillingDate": "2013-10-22",
        "acceptedDate": "2013-10-22 10:08:41",
        "calendarYear": "2013",
        "period": "Q3",
        "revenue": 2135000000,
        "costOfRevenue": 1004000000,
        "grossProfit": 1131000000,
        "grossProfitRatio": 0.5297423888,
        "researchAndDevelopmentExpenses": 0,
        "generalAndAdministrativeExpenses": 339000000,
        "sellingAndMarketingExpenses": 1000000,
        "sellingGeneralAndAdministrativeExpenses": 340000000,
        "otherExpenses": 0,
        "operatingExpenses": 340000000,
        "costAndExpenses": 1344000000,
        "interestIncome": 0,
        "interestExpense": 66000000,
        "depreciationAndAmortization": 24000000,
        "ebitda": 810000000,
        "ebitdaratio": 0.3793911007,
        "operatingIncome": 791000000,
        "operatingIncomeRatio": 0.3704918033,
        "totalOtherIncomeExpensesNet": -71000000,
        "incomeBeforeTax": 720000000,
        "incomeBeforeTaxRatio": 0.337236534,
        "incomeTaxExpense": 263000000,
        "netIncome": 457000000,
        "netIncomeRatio": 0.2140515222,
        "eps": 0.84,
        "epsdiluted": 0.83,
        "weightedAverageShsOut": 546768000,
        "weightedAverageShsOutDil": 548701000,
        "link": "https://www.sec.gov/Archives/edgar/data/1275283/000119312513406143/0001193125-13-406143-index.html",
        "finalLink": "https://www.sec.gov/Archives/edgar/data/1275283/000119312513406143/d585080d10q.htm"
    },
    {
        "date": "2013-06-30",
        "symbol": "RAI",
        "reportedCurrency": "USD",
        "cik": "0001275283",
        "fillingDate": "2013-07-24",
        "acceptedDate": "2013-07-24 09:55:03",
        "calendarYear": "2013",
        "period": "Q2",
        "revenue": 2179000000,
        "costOfRevenue": 999000000,
        "grossProfit": 1180000000,
        "grossProfitRatio": 0.5415328132,
        "researchAndDevelopmentExpenses": 0,
        "generalAndAdministrativeExpenses": 380000000,
        "sellingAndMarketingExpenses": 2000000,
        "sellingGeneralAndAdministrativeExpenses": 382000000,
        "otherExpenses": 0,
        "operatingExpenses": 382000000,
        "costAndExpenses": 1381000000,
        "interestIncome": 0,
        "interestExpense": 65000000,
        "depreciationAndAmortization": 27000000,
        "ebitda": 824000000,
        "ebitdaratio": 0.378155117,
        "operatingIncome": 798000000,
        "operatingIncomeRatio": 0.3662230381,
        "totalOtherIncomeExpensesNet": -66000000,
        "incomeBeforeTax": 732000000,
        "incomeBeforeTaxRatio": 0.3359339146,
        "incomeTaxExpense": 271000000,
        "netIncome": 461000000,
        "netIncomeRatio": 0.211564938,
        "eps": 0.84,
        "epsdiluted": 0.84,
        "weightedAverageShsOut": 548837000,
        "weightedAverageShsOutDil": 550726000,
        "link": "https://www.sec.gov/Archives/edgar/data/1275283/000119312513299864/0001193125-13-299864-index.html",
        "finalLink": "https://www.sec.gov/Archives/edgar/data/1275283/000119312513299864/d544537d10q.htm"
    },
    {
        "date": "2013-03-31",
        "symbol": "RAI",
        "reportedCurrency": "USD",
        "cik": "0001275283",
        "fillingDate": "2013-04-23",
        "acceptedDate": "2013-04-23 10:03:26",
        "calendarYear": "2013",
        "period": "Q1",
        "revenue": 1883000000,
        "costOfRevenue": 694000000,
        "grossProfit": 1189000000,
        "grossProfitRatio": 0.6314391928,
        "researchAndDevelopmentExpenses": 0,
        "generalAndAdministrativeExpenses": 301000000,
        "sellingAndMarketingExpenses": 1000000,
        "sellingGeneralAndAdministrativeExpenses": 302000000,
        "otherExpenses": 0,
        "operatingExpenses": 302000000,
        "costAndExpenses": 996000000,
        "interestIncome": 0,
        "interestExpense": 62000000,
        "depreciationAndAmortization": 28000000,
        "ebitda": 919000000,
        "ebitdaratio": 0.4880509825,
        "operatingIncome": 887000000,
        "operatingIncomeRatio": 0.4710568242,
        "totalOtherIncomeExpensesNet": -58000000,
        "incomeBeforeTax": 829000000,
        "incomeBeforeTaxRatio": 0.4402549124,
        "incomeTaxExpense": 321000000,
        "netIncome": 508000000,
        "netIncomeRatio": 0.2697822623,
        "eps": 0.92,
        "epsdiluted": 0.92,
        "weightedAverageShsOut": 551353000,
        "weightedAverageShsOutDil": 553450000,
        "link": "https://www.sec.gov/Archives/edgar/data/1275283/000119312513166238/0001193125-13-166238-index.html",
        "finalLink": "https://www.sec.gov/Archives/edgar/data/1275283/000119312513166238/d499708d10q.htm"
    },
    {
        "date": "2012-12-31",
        "symbol": "RAI",
        "reportedCurrency": "USD",
        "cik": "0001275283",
        "fillingDate": "2013-02-12",
        "acceptedDate": "2013-02-12 10:04:35",
        "calendarYear": "2012",
        "period": "Q4",
        "revenue": 2078000000,
        "costOfRevenue": 1133000000,
        "grossProfit": 945000000,
        "grossProfitRatio": 0.4547641963,
        "researchAndDevelopmentExpenses": 62000000,
        "generalAndAdministrativeExpenses": 536000000,
        "sellingAndMarketingExpenses": 0,
        "sellingGeneralAndAdministrativeExpenses": 536000000,
        "otherExpenses": 0,
        "operatingExpenses": 62000000,
        "costAndExpenses": 1195000000,
        "interestIncome": 0,
        "interestExpense": 0,
        "depreciationAndAmortization": -99000000,
        "ebitda": 765000000,
        "ebitdaratio": 0.3681424447,
        "operatingIncome": 1983000000,
        "operatingIncomeRatio": 0.9542829644,
        "totalOtherIncomeExpensesNet": 0,
        "incomeBeforeTax": 1983000000,
        "incomeBeforeTaxRatio": 0.9542829644,
        "incomeTaxExpense": 725000000,
        "netIncome": 139000000,
        "netIncomeRatio": 0.0668912416,
        "eps": 0.25,
        "epsdiluted": 0.25,
        "weightedAverageShsOut": 551353000,
        "weightedAverageShsOutDil": 553450000,
        "link": "https://www.sec.gov/Archives/edgar/data/1275283/000119312513050521/0001193125-13-050521-index.html",
        "finalLink": "https://www.sec.gov/Archives/edgar/data/1275283/000119312513050521/d449654d10k.htm"
    },
    {
        "date": "2012-09-30",
        "symbol": "RAI",
        "reportedCurrency": "USD",
        "cik": "0001275283",
        "fillingDate": "2012-10-23",
        "acceptedDate": "2012-10-23 10:48:12",
        "calendarYear": "2012",
        "period": "Q3",
        "revenue": 2117000000,
        "costOfRevenue": 1082000000,
        "grossProfit": 1035000000,
        "grossProfitRatio": 0.4888993859,
        "researchAndDevelopmentExpenses": 0,
        "generalAndAdministrativeExpenses": 311000000,
        "sellingAndMarketingExpenses": 0,
        "sellingGeneralAndAdministrativeExpenses": 311000000,
        "otherExpenses": 0,
        "operatingExpenses": 311000000,
        "costAndExpenses": 1393000000,
        "interestIncome": 0,
        "interestExpense": 0,
        "depreciationAndAmortization": 33000000,
        "ebitda": 696000000,
        "ebitdaratio": 0.3287671233,
        "operatingIncome": 719000000,
        "operatingIncomeRatio": 0.3396315541,
        "totalOtherIncomeExpensesNet": -56000000,
        "incomeBeforeTax": 663000000,
        "incomeBeforeTaxRatio": 0.3131790269,
        "incomeTaxExpense": 243000000,
        "netIncome": 420000000,
        "netIncomeRatio": 0.1983939537,
        "eps": 0.76,
        "epsdiluted": 0.76,
        "weightedAverageShsOut": 551353000,
        "weightedAverageShsOutDil": 553450000,
        "link": "https://www.sec.gov/Archives/edgar/data/1275283/000119312512431039/0001193125-12-431039-index.html",
        "finalLink": "https://www.sec.gov/Archives/edgar/data/1275283/000119312512431039/d405346d10q.htm"
    },
    {
        "date": "2012-06-30",
        "symbol": "RAI",
        "reportedCurrency": "USD",
        "cik": "0001275283",
        "fillingDate": "2012-07-25",
        "acceptedDate": "2012-07-25 09:52:06",
        "calendarYear": "2012",
        "period": "Q2",
        "revenue": 2176000000,
        "costOfRevenue": 1112000000,
        "grossProfit": 1064000000,
        "grossProfitRatio": 0.4889705882,
        "researchAndDevelopmentExpenses": 0,
        "generalAndAdministrativeExpenses": 325000000,
        "sellingAndMarketingExpenses": 0,
        "sellingGeneralAndAdministrativeExpenses": 325000000,
        "otherExpenses": 0,
        "operatingExpenses": 325000000,
        "costAndExpenses": 1437000000,
        "interestIncome": 0,
        "interestExpense": 0,
        "depreciationAndAmortization": 34000000,
        "ebitda": 710000000,
        "ebitdaratio": 0.3262867647,
        "operatingIncome": 734000000,
        "operatingIncomeRatio": 0.3373161765,
        "totalOtherIncomeExpensesNet": -58000000,
        "incomeBeforeTax": 676000000,
        "incomeBeforeTaxRatio": 0.3106617647,
        "incomeTaxExpense": 233000000,
        "netIncome": 443000000,
        "netIncomeRatio": 0.2035845588,
        "eps": 0.8,
        "epsdiluted": 0.8,
        "weightedAverageShsOut": 551353000,
        "weightedAverageShsOutDil": 553450000,
        "link": "https://www.sec.gov/Archives/edgar/data/1275283/000119312512313651/0001193125-12-313651-index.html",
        "finalLink": "https://www.sec.gov/Archives/edgar/data/1275283/000119312512313651/d362202d10q.htm"
    },
    {
        "date": "2012-03-31",
        "symbol": "RAI",
        "reportedCurrency": "USD",
        "cik": "0001275283",
        "fillingDate": "2012-04-26",
        "acceptedDate": "2012-04-26 08:49:29",
        "calendarYear": "2012",
        "period": "Q1",
        "revenue": 1933000000,
        "costOfRevenue": 994000000,
        "grossProfit": 939000000,
        "grossProfitRatio": 0.4857734092,
        "researchAndDevelopmentExpenses": 0,
        "generalAndAdministrativeExpenses": 298000000,
        "sellingAndMarketingExpenses": 0,
        "sellingGeneralAndAdministrativeExpenses": 298000000,
        "otherExpenses": 0,
        "operatingExpenses": 298000000,
        "costAndExpenses": 1292000000,
        "interestIncome": 0,
        "interestExpense": 0,
        "depreciationAndAmortization": 32000000,
        "ebitda": 461000000,
        "ebitdaratio": 0.2384893947,
        "operatingIncome": 486000000,
        "operatingIncomeRatio": 0.2514226591,
        "totalOtherIncomeExpensesNet": -57000000,
        "incomeBeforeTax": 429000000,
        "incomeBeforeTaxRatio": 0.2219348163,
        "incomeTaxExpense": 159000000,
        "netIncome": 270000000,
        "netIncomeRatio": 0.139679255,
        "eps": 0.49,
        "epsdiluted": 0.49,
        "weightedAverageShsOut": 551353000,
        "weightedAverageShsOutDil": 553450000,
        "link": "https://www.sec.gov/Archives/edgar/data/1275283/000119312512184092/0001193125-12-184092-index.htm",
        "finalLink": "https://www.sec.gov/Archives/edgar/data/1275283/000119312512184092/d314611d10q.htm"
    },
    {
        "date": "2011-12-31",
        "symbol": "RAI",
        "reportedCurrency": "USD",
        "cik": "0001275283",
        "fillingDate": "2012-02-15",
        "acceptedDate": "2012-02-15 13:07:52",
        "calendarYear": "2011",
        "period": "Q4",
        "revenue": 2083000000,
        "costOfRevenue": 1040000000,
        "grossProfit": 1043000000,
        "grossProfitRatio": 0.5007201152,
        "researchAndDevelopmentExpenses": 0,
        "generalAndAdministrativeExpenses": 343000000,
        "sellingAndMarketingExpenses": 0,
        "sellingGeneralAndAdministrativeExpenses": 343000000,
        "otherExpenses": 0,
        "operatingExpenses": 343000000,
        "costAndExpenses": 1383000000,
        "interestIncome": 0,
        "interestExpense": 0,
        "depreciationAndAmortization": -104000000,
        "ebitda": 487000000,
        "ebitdaratio": 0.2337974076,
        "operatingIncome": 646000000,
        "operatingIncomeRatio": 0.3101296207,
        "totalOtherIncomeExpensesNet": -55000000,
        "incomeBeforeTax": 591000000,
        "incomeBeforeTaxRatio": 0.2837253961,
        "incomeTaxExpense": 209000000,
        "netIncome": 382000000,
        "netIncomeRatio": 0.1833893423,
        "eps": 0.69,
        "epsdiluted": 0.69,
        "weightedAverageShsOut": 551353000,
        "weightedAverageShsOutDil": 553450000,
        "link": "https://www.sec.gov/Archives/edgar/data/1275283/000119312512062917/0001193125-12-062917-index.html",
        "finalLink": "https://www.sec.gov/Archives/edgar/data/1275283/000119312512062917/d268047d10k.htm"
    },
    {
        "date": "2011-09-30",
        "symbol": "RAI",
        "reportedCurrency": "USD",
        "cik": "0001275283",
        "fillingDate": "2011-10-28",
        "acceptedDate": "2011-10-28 13:00:53",
        "calendarYear": "2011",
        "period": "Q3",
        "revenue": 2200000000,
        "costOfRevenue": 1148000000,
        "grossProfit": 1052000000,
        "grossProfitRatio": 0.4781818182,
        "researchAndDevelopmentExpenses": 0,
        "generalAndAdministrativeExpenses": 411000000,
        "sellingAndMarketingExpenses": 0,
        "sellingGeneralAndAdministrativeExpenses": 411000000,
        "otherExpenses": 0,
        "operatingExpenses": 411000000,
        "costAndExpenses": 1559000000,
        "interestIncome": 0,
        "interestExpense": 0,
        "depreciationAndAmortization": 32000000,
        "ebitda": 613000000,
        "ebitdaratio": 0.2786363636,
        "operatingIncome": 635000000,
        "operatingIncomeRatio": 0.2886363636,
        "totalOtherIncomeExpensesNet": -54000000,
        "incomeBeforeTax": 581000000,
        "incomeBeforeTaxRatio": 0.2640909091,
        "incomeTaxExpense": 214000000,
        "netIncome": 367000000,
        "netIncomeRatio": 0.1668181818,
        "eps": 0.67,
        "epsdiluted": 0.66,
        "weightedAverageShsOut": 551353000,
        "weightedAverageShsOutDil": 553450000,
        "link": "https://www.sec.gov/Archives/edgar/data/1275283/000095012311092856/0000950123-11-092856-index.html",
        "finalLink": "https://www.sec.gov/Archives/edgar/data/1275283/000095012311092856/g28049e10vq.htm"
    },
    {
        "date": "2011-06-30",
        "symbol": "RAI",
        "reportedCurrency": "USD",
        "cik": "0001275283",
        "fillingDate": "2011-08-08",
        "acceptedDate": "2011-08-08 10:35:19",
        "calendarYear": "2011",
        "period": "Q2",
        "revenue": 2267000000,
        "costOfRevenue": 1215000000,
        "grossProfit": 1052000000,
        "grossProfitRatio": 0.4640494045,
        "researchAndDevelopmentExpenses": 0,
        "generalAndAdministrativeExpenses": 505000000,
        "sellingAndMarketingExpenses": 0,
        "sellingGeneralAndAdministrativeExpenses": 505000000,
        "otherExpenses": 0,
        "operatingExpenses": 505000000,
        "costAndExpenses": 1720000000,
        "interestIncome": 0,
        "interestExpense": 0,
        "depreciationAndAmortization": 35000000,
        "ebitda": 524000000,
        "ebitdaratio": 0.231142479,
        "operatingIncome": 541000000,
        "operatingIncomeRatio": 0.2386413763,
        "totalOtherIncomeExpensesNet": -52000000,
        "incomeBeforeTax": 489000000,
        "incomeBeforeTaxRatio": 0.215703573,
        "incomeTaxExpense": 185000000,
        "netIncome": 304000000,
        "netIncomeRatio": 0.1340979268,
        "eps": 0.55,
        "epsdiluted": 0.55,
        "weightedAverageShsOut": 551353000,
        "weightedAverageShsOutDil": 553450000,
        "link": "https://www.sec.gov/Archives/edgar/data/1275283/000095012311074167/0000950123-11-074167-index.html",
        "finalLink": "https://www.sec.gov/Archives/edgar/data/1275283/000095012311074167/g27378e10vq.htm"
    },
    {
        "date": "2011-03-31",
        "symbol": "RAI",
        "reportedCurrency": "USD",
        "cik": "0001275283",
        "fillingDate": "2011-04-29",
        "acceptedDate": "2011-04-29 15:36:37",
        "calendarYear": "2011",
        "period": "Q1",
        "revenue": 1991000000,
        "costOfRevenue": 1061000000,
        "grossProfit": 930000000,
        "grossProfitRatio": 0.4671019588,
        "researchAndDevelopmentExpenses": 0,
        "generalAndAdministrativeExpenses": 347000000,
        "sellingAndMarketingExpenses": 0,
        "sellingGeneralAndAdministrativeExpenses": 347000000,
        "otherExpenses": 0,
        "operatingExpenses": 347000000,
        "costAndExpenses": 1408000000,
        "interestIncome": 0,
        "interestExpense": 0,
        "depreciationAndAmortization": 37000000,
        "ebitda": 562000000,
        "ebitdaratio": 0.282270216,
        "operatingIncome": 577000000,
        "operatingIncomeRatio": 0.2898041185,
        "totalOtherIncomeExpensesNet": -52000000,
        "incomeBeforeTax": 525000000,
        "incomeBeforeTaxRatio": 0.2636865897,
        "incomeTaxExpense": 172000000,
        "netIncome": 353000000,
        "netIncomeRatio": 0.1772978403,
        "eps": 0.64,
        "epsdiluted": 0.64,
        "weightedAverageShsOut": 551353000,
        "weightedAverageShsOutDil": 553450000,
        "link": "https://www.sec.gov/Archives/edgar/data/1275283/000095012311041937/0000950123-11-041937-index.html",
        "finalLink": "https://www.sec.gov/Archives/edgar/data/1275283/000095012311041937/g26479e10vq.htm"
    },
    {
        "date": "2010-12-31",
        "symbol": "RAI",
        "reportedCurrency": "USD",
        "cik": "0001275283",
        "fillingDate": "2011-02-23",
        "acceptedDate": "2011-02-23 12:09:59",
        "calendarYear": "2010",
        "period": "Q4",
        "revenue": 2081000000,
        "costOfRevenue": 1107000000,
        "grossProfit": 974000000,
        "grossProfitRatio": 0.4680442095,
        "researchAndDevelopmentExpenses": 0,
        "generalAndAdministrativeExpenses": 369000000,
        "sellingAndMarketingExpenses": 0,
        "sellingGeneralAndAdministrativeExpenses": 369000000,
        "otherExpenses": 0,
        "operatingExpenses": 369000000,
        "costAndExpenses": 1476000000,
        "interestIncome": 0,
        "interestExpense": 0,
        "depreciationAndAmortization": -115000000,
        "ebitda": 396000000,
        "ebitdaratio": 0.1902931283,
        "operatingIncome": 567000000,
        "operatingIncomeRatio": 0.272465161,
        "totalOtherIncomeExpensesNet": -56000000,
        "incomeBeforeTax": 511000000,
        "incomeBeforeTaxRatio": 0.2455550216,
        "incomeTaxExpense": 202000000,
        "netIncome": 309000000,
        "netIncomeRatio": 0.1484863047,
        "eps": 0.56,
        "epsdiluted": 0.56,
        "weightedAverageShsOut": 551353000,
        "weightedAverageShsOutDil": 553450000,
        "link": "https://www.sec.gov/Archives/edgar/data/1275283/000095012311016932/0000950123-11-016932-index.htm",
        "finalLink": "https://www.sec.gov/Archives/edgar/data/1275283/000095012311016932/g24443e10vk.htm"
    },
    {
        "date": "2010-09-30",
        "symbol": "RAI",
        "reportedCurrency": "USD",
        "cik": "0001275283",
        "fillingDate": "2010-10-28",
        "acceptedDate": "2010-10-28 10:15:15",
        "calendarYear": "2010",
        "period": "Q3",
        "revenue": 2239000000,
        "costOfRevenue": 1184000000,
        "grossProfit": 1055000000,
        "grossProfitRatio": 0.4711924967,
        "researchAndDevelopmentExpenses": 0,
        "generalAndAdministrativeExpenses": 387000000,
        "sellingAndMarketingExpenses": 0,
        "sellingGeneralAndAdministrativeExpenses": 387000000,
        "otherExpenses": 0,
        "operatingExpenses": 387000000,
        "costAndExpenses": 1571000000,
        "interestIncome": 0,
        "interestExpense": 0,
        "depreciationAndAmortization": 41000000,
        "ebitda": 659000000,
        "ebitdaratio": 0.2943278249,
        "operatingIncome": 662000000,
        "operatingIncomeRatio": 0.2956677088,
        "totalOtherIncomeExpensesNet": -44000000,
        "incomeBeforeTax": 618000000,
        "incomeBeforeTaxRatio": 0.2760160786,
        "incomeTaxExpense": 237000000,
        "netIncome": 381000000,
        "netIncomeRatio": 0.1701652523,
        "eps": 0.69,
        "epsdiluted": 0.69,
        "weightedAverageShsOut": 551353000,
        "weightedAverageShsOutDil": 553450000,
        "link": "https://www.sec.gov/Archives/edgar/data/1275283/000095012310097147/0000950123-10-097147-index.html",
        "finalLink": "https://www.sec.gov/Archives/edgar/data/1275283/000095012310097147/g24400e10vq.htm"
    },
    {
        "date": "2010-06-30",
        "symbol": "RAI",
        "reportedCurrency": "USD",
        "cik": "0001275283",
        "fillingDate": "2010-07-30",
        "acceptedDate": "2010-07-30 10:23:26",
        "calendarYear": "2010",
        "period": "Q2",
        "revenue": 2245000000,
        "costOfRevenue": 1183000000,
        "grossProfit": 1062000000,
        "grossProfitRatio": 0.4730512249,
        "researchAndDevelopmentExpenses": 0,
        "generalAndAdministrativeExpenses": 398000000,
        "sellingAndMarketingExpenses": 0,
        "sellingGeneralAndAdministrativeExpenses": 398000000,
        "otherExpenses": 0,
        "operatingExpenses": 398000000,
        "costAndExpenses": 1581000000,
        "interestIncome": 0,
        "interestExpense": 0,
        "depreciationAndAmortization": 39000000,
        "ebitda": 590000000,
        "ebitdaratio": 0.2628062361,
        "operatingIncome": 620000000,
        "operatingIncomeRatio": 0.276169265,
        "totalOtherIncomeExpensesNet": -69000000,
        "incomeBeforeTax": 551000000,
        "incomeBeforeTaxRatio": 0.2454342984,
        "incomeTaxExpense": 210000000,
        "netIncome": 341000000,
        "netIncomeRatio": 0.1518930958,
        "eps": 0.62,
        "epsdiluted": 0.62,
        "weightedAverageShsOut": 551353000,
        "weightedAverageShsOutDil": 553450000,
        "link": "https://www.sec.gov/Archives/edgar/data/1275283/000095012310070228/0000950123-10-070228-index.html",
        "finalLink": "https://www.sec.gov/Archives/edgar/data/1275283/000095012310070228/g23901e10vq.htm"
    },
    {
        "date": "2010-03-31",
        "symbol": "RAI",
        "reportedCurrency": "USD",
        "cik": "0001275283",
        "fillingDate": "2010-04-29",
        "acceptedDate": "2010-04-29 08:31:58",
        "calendarYear": "2010",
        "period": "Q1",
        "revenue": 1986000000,
        "costOfRevenue": 1070000000,
        "grossProfit": 916000000,
        "grossProfitRatio": 0.4612286002,
        "researchAndDevelopmentExpenses": 0,
        "generalAndAdministrativeExpenses": 339000000,
        "sellingAndMarketingExpenses": 0,
        "sellingGeneralAndAdministrativeExpenses": 339000000,
        "otherExpenses": 0,
        "operatingExpenses": 339000000,
        "costAndExpenses": 1409000000,
        "interestIncome": 0,
        "interestExpense": 0,
        "depreciationAndAmortization": 35000000,
        "ebitda": 331000000,
        "ebitdaratio": 0.1666666667,
        "operatingIncome": 570000000,
        "operatingIncomeRatio": 0.2870090634,
        "totalOtherIncomeExpensesNet": -58000000,
        "incomeBeforeTax": 512000000,
        "incomeBeforeTaxRatio": 0.2578046324,
        "incomeTaxExpense": 214000000,
        "netIncome": 82000000,
        "netIncomeRatio": 0.0412890232,
        "eps": 0.15,
        "epsdiluted": 0.15,
        "weightedAverageShsOut": 551353000,
        "weightedAverageShsOutDil": 553450000,
        "link": "https://www.sec.gov/Archives/edgar/data/1275283/000095012310040095/0000950123-10-040095-index.html",
        "finalLink": "https://www.sec.gov/Archives/edgar/data/1275283/000095012310040095/g22612e10vq.htm"
    },
    {
        "date": "2009-12-31",
        "symbol": "RAI",
        "reportedCurrency": "USD",
        "cik": "0001275283",
        "fillingDate": "2010-02-19",
        "acceptedDate": "2010-02-19 11:21:54",
        "calendarYear": "2009",
        "period": "Q4",
        "revenue": 2096000000,
        "costOfRevenue": 1148000000,
        "grossProfit": 948000000,
        "grossProfitRatio": 0.4522900763,
        "researchAndDevelopmentExpenses": 0,
        "generalAndAdministrativeExpenses": 379000000,
        "sellingAndMarketingExpenses": 0,
        "sellingGeneralAndAdministrativeExpenses": 379000000,
        "otherExpenses": 0,
        "operatingExpenses": 379000000,
        "costAndExpenses": 1527000000,
        "interestIncome": 0,
        "interestExpense": -61000000,
        "depreciationAndAmortization": -109000000,
        "ebitda": 166000000,
        "ebitdaratio": 0.0791984733,
        "operatingIncome": 393000000,
        "operatingIncomeRatio": 0.1875,
        "totalOtherIncomeExpensesNet": -57000000,
        "incomeBeforeTax": 336000000,
        "incomeBeforeTaxRatio": 0.1603053435,
        "incomeTaxExpense": 121000000,
        "netIncome": 215000000,
        "netIncomeRatio": 0.1025763359,
        "eps": 0.39,
        "epsdiluted": 0.39,
        "weightedAverageShsOut": 551353000,
        "weightedAverageShsOutDil": 553450000,
        "link": "https://www.sec.gov/Archives/edgar/data/1275283/000095012310014419/0000950123-10-014419-index.html",
        "finalLink": "https://www.sec.gov/Archives/edgar/data/1275283/000095012310014419/g22051e10vk.htm"
    },
    {
        "date": "2009-09-30",
        "symbol": "RAI",
        "reportedCurrency": "USD",
        "cik": "0001275283",
        "fillingDate": "2009-10-27",
        "acceptedDate": "2009-10-27 11:24:13",
        "calendarYear": "2009",
        "period": "Q3",
        "revenue": 2152000000,
        "costOfRevenue": 1138000000,
        "grossProfit": 1014000000,
        "grossProfitRatio": 0.4711895911,
        "researchAndDevelopmentExpenses": 0,
        "generalAndAdministrativeExpenses": 371000000,
        "sellingAndMarketingExpenses": 0,
        "sellingGeneralAndAdministrativeExpenses": 371000000,
        "otherExpenses": 0,
        "operatingExpenses": 371000000,
        "costAndExpenses": 1509000000,
        "interestIncome": 0,
        "interestExpense": -60000000,
        "depreciationAndAmortization": 109000000,
        "ebitda": 628000000,
        "ebitdaratio": 0.2918215613,
        "operatingIncome": 636000000,
        "operatingIncomeRatio": 0.2955390335,
        "totalOtherIncomeExpensesNet": -57000000,
        "incomeBeforeTax": 579000000,
        "incomeBeforeTaxRatio": 0.2690520446,
        "incomeTaxExpense": 217000000,
        "netIncome": 362000000,
        "netIncomeRatio": 0.1682156134,
        "eps": 1.24,
        "epsdiluted": 1.24,
        "weightedAverageShsOut": 291796875,
        "weightedAverageShsOutDil": 291796875,
        "link": "https://www.sec.gov/Archives/edgar/data/1275283/000095012309053491/0000950123-09-053491-index.html",
        "finalLink": "https://www.sec.gov/Archives/edgar/data/1275283/000095012309053491/g20281e10vq.htm"
    },
    {
        "date": "2009-06-30",
        "symbol": "RAI",
        "reportedCurrency": "USD",
        "cik": "0001275283",
        "fillingDate": "2009-07-31",
        "acceptedDate": "2009-07-31 08:53:33",
        "calendarYear": "2009",
        "period": "Q2",
        "revenue": 2250000000,
        "costOfRevenue": 1201000000,
        "grossProfit": 1049000000,
        "grossProfitRatio": 0.4662222222,
        "researchAndDevelopmentExpenses": 0,
        "generalAndAdministrativeExpenses": 393000000,
        "sellingAndMarketingExpenses": 0,
        "sellingGeneralAndAdministrativeExpenses": 393000000,
        "otherExpenses": 0,
        "operatingExpenses": 393000000,
        "costAndExpenses": 1594000000,
        "interestIncome": 0,
        "interestExpense": -64000000,
        "depreciationAndAmortization": -111000000,
        "ebitda": 538000000,
        "ebitdaratio": 0.2391111111,
        "operatingIncome": 649000000,
        "operatingIncomeRatio": 0.2884444444,
        "totalOtherIncomeExpensesNet": -47000000,
        "incomeBeforeTax": 602000000,
        "incomeBeforeTaxRatio": 0.2675555556,
        "incomeTaxExpense": 225000000,
        "netIncome": 377000000,
        "netIncomeRatio": 0.1675555556,
        "eps": 1.29,
        "epsdiluted": 1.29,
        "weightedAverageShsOut": 291666666,
        "weightedAverageShsOutDil": 291666666,
        "link": "https://www.sec.gov/Archives/edgar/data/1275283/000095012309028069/0000950123-09-028069-index.html",
        "finalLink": "https://www.sec.gov/Archives/edgar/data/1275283/000095012309028069/g19053e10vq.htm"
    },
    {
        "date": "2009-03-31",
        "symbol": "RAI",
        "reportedCurrency": "USD",
        "cik": "0001275283",
        "fillingDate": "2009-05-01",
        "acceptedDate": "2009-05-01 09:45:57",
        "calendarYear": "2009",
        "period": "Q1",
        "revenue": 1921000000,
        "costOfRevenue": 998000000,
        "grossProfit": 923000000,
        "grossProfitRatio": 0.4804789172,
        "researchAndDevelopmentExpenses": 0,
        "generalAndAdministrativeExpenses": 365000000,
        "sellingAndMarketingExpenses": 0,
        "sellingGeneralAndAdministrativeExpenses": 365000000,
        "otherExpenses": 0,
        "operatingExpenses": 365000000,
        "costAndExpenses": 1363000000,
        "interestIncome": 0,
        "interestExpense": -66000000,
        "depreciationAndAmortization": -146000000,
        "ebitda": -49000000,
        "ebitdaratio": -0.0255075482,
        "operatingIncome": 97000000,
        "operatingIncomeRatio": 0.0504945341,
        "totalOtherIncomeExpensesNet": -80000000,
        "incomeBeforeTax": 17000000,
        "incomeBeforeTaxRatio": 0.0088495575,
        "incomeTaxExpense": 9000000,
        "netIncome": 8000000,
        "netIncomeRatio": 0.0041644977,
        "eps": 0.03,
        "epsdiluted": 0.03,
        "weightedAverageShsOut": 266666666,
        "weightedAverageShsOutDil": 266666666,
        "link": "https://www.sec.gov/Archives/edgar/data/1275283/000095014409003781/0000950144-09-003781-index.html",
        "finalLink": "https://www.sec.gov/Archives/edgar/data/1275283/000095014409003781/g18718e10vq.htm"
    },
    {
        "date": "2008-12-31",
        "symbol": "RAI",
        "reportedCurrency": "USD",
        "cik": "0001275283",
        "fillingDate": "2009-02-23",
        "acceptedDate": "2009-02-23 11:15:15",
        "calendarYear": "2008",
        "period": "Q4",
        "revenue": 2177000000,
        "costOfRevenue": 1165000000,
        "grossProfit": 1012000000,
        "grossProfitRatio": 0.4648598989,
        "researchAndDevelopmentExpenses": 0,
        "generalAndAdministrativeExpenses": 352000000,
        "sellingAndMarketingExpenses": 0,
        "sellingGeneralAndAdministrativeExpenses": 352000000,
        "otherExpenses": 0,
        "operatingExpenses": 352000000,
        "costAndExpenses": 1517000000,
        "interestIncome": 0,
        "interestExpense": -67000000,
        "depreciationAndAmortization": -159000000,
        "ebitda": 351000000,
        "ebitdaratio": 0.1612310519,
        "operatingIncome": 510000000,
        "operatingIncomeRatio": 0.2342673404,
        "totalOtherIncomeExpensesNet": -92000000,
        "incomeBeforeTax": 418000000,
        "incomeBeforeTaxRatio": 0.1920073496,
        "incomeTaxExpense": 160000000,
        "netIncome": 258000000,
        "netIncomeRatio": 0.1185117134,
        "eps": 0.88,
        "epsdiluted": 0.88,
        "weightedAverageShsOut": 292139737,
        "weightedAverageShsOutDil": 292139737,
        "link": "https://www.sec.gov/Archives/edgar/data/1275283/000095014409001505/0000950144-09-001505-index.html",
        "finalLink": "https://www.sec.gov/Archives/edgar/data/1275283/000095014409001505/g17683e10vk.htm"
    },
    {
        "date": "2008-09-30",
        "symbol": "RAI",
        "reportedCurrency": "USD",
        "cik": "0001275283",
        "fillingDate": "2008-10-24",
        "acceptedDate": "2008-10-24 11:36:19",
        "calendarYear": "2008",
        "period": "Q3",
        "revenue": 2272000000,
        "costOfRevenue": 1229000000,
        "grossProfit": 1043000000,
        "grossProfitRatio": 0.4590669014,
        "researchAndDevelopmentExpenses": 0,
        "generalAndAdministrativeExpenses": 375000000,
        "sellingAndMarketingExpenses": 0,
        "sellingGeneralAndAdministrativeExpenses": 375000000,
        "otherExpenses": 0,
        "operatingExpenses": 375000000,
        "costAndExpenses": 1604000000,
        "interestIncome": 0,
        "interestExpense": -68000000,
        "depreciationAndAmortization": -133000000,
        "ebitda": 266000000,
        "ebitdaratio": 0.1170774648,
        "operatingIncome": 399000000,
        "operatingIncomeRatio": 0.1756161972,
        "totalOtherIncomeExpensesNet": -65000000,
        "incomeBeforeTax": 334000000,
        "incomeBeforeTaxRatio": 0.1470070423,
        "incomeTaxExpense": 123000000,
        "netIncome": 211000000,
        "netIncomeRatio": 0.0928697183,
        "eps": 0.72,
        "epsdiluted": 0.72,
        "weightedAverageShsOut": 293478260,
        "weightedAverageShsOutDil": 293478260,
        "link": "https://www.sec.gov/Archives/edgar/data/1275283/000095014408007776/0000950144-08-007776-index.html",
        "finalLink": "https://www.sec.gov/Archives/edgar/data/1275283/000095014408007776/g16189qe10vq.htm"
    },
    {
        "date": "2008-06-30",
        "symbol": "RAI",
        "reportedCurrency": "USD",
        "cik": "0001275283",
        "fillingDate": "2008-08-04",
        "acceptedDate": "2008-08-04 10:31:18",
        "calendarYear": "2008",
        "period": "Q2",
        "revenue": 2339000000,
        "costOfRevenue": 1305000000,
        "grossProfit": 1034000000,
        "grossProfitRatio": 0.4420692604,
        "researchAndDevelopmentExpenses": 0,
        "generalAndAdministrativeExpenses": 391000000,
        "sellingAndMarketingExpenses": 0,
        "sellingGeneralAndAdministrativeExpenses": 391000000,
        "otherExpenses": 0,
        "operatingExpenses": 391000000,
        "costAndExpenses": 1696000000,
        "interestIncome": 0,
        "interestExpense": -68000000,
        "depreciationAndAmortization": -125000000,
        "ebitda": 512000000,
        "ebitdaratio": 0.2188969645,
        "operatingIncome": 637000000,
        "operatingIncomeRatio": 0.2723386062,
        "totalOtherIncomeExpensesNet": -57000000,
        "incomeBeforeTax": 580000000,
        "incomeBeforeTaxRatio": 0.2479692176,
        "incomeTaxExpense": 216000000,
        "netIncome": 364000000,
        "netIncomeRatio": 0.1556220607,
        "eps": 1.24,
        "epsdiluted": 1.24,
        "weightedAverageShsOut": 293581081,
        "weightedAverageShsOutDil": 293581081,
        "link": "https://www.sec.gov/Archives/edgar/data/1275283/000095014408005956/0000950144-08-005956-index.html",
        "finalLink": "https://www.sec.gov/Archives/edgar/data/1275283/000095014408005956/g14426qe10vq.htm"
    },
    {
        "date": "2008-03-31",
        "symbol": "RAI",
        "reportedCurrency": "USD",
        "cik": "0001275283",
        "fillingDate": "2008-05-02",
        "acceptedDate": "2008-05-02 08:18:30",
        "calendarYear": "2008",
        "period": "Q1",
        "revenue": 2057000000,
        "costOfRevenue": 1164000000,
        "grossProfit": 893000000,
        "grossProfitRatio": 0.43412737,
        "researchAndDevelopmentExpenses": 0,
        "generalAndAdministrativeExpenses": 382000000,
        "sellingAndMarketingExpenses": 0,
        "sellingGeneralAndAdministrativeExpenses": 382000000,
        "otherExpenses": 0,
        "operatingExpenses": 382000000,
        "costAndExpenses": 1546000000,
        "interestIncome": 0,
        "interestExpense": -72000000,
        "depreciationAndAmortization": 218000000,
        "ebitda": 724000000,
        "ebitdaratio": 0.3519688867,
        "operatingIncome": 506000000,
        "operatingIncomeRatio": 0.2459893048,
        "totalOtherIncomeExpensesNet": 290000000,
        "incomeBeforeTax": 796000000,
        "incomeBeforeTaxRatio": 0.3869713175,
        "incomeTaxExpense": 291000000,
        "netIncome": 505000000,
        "netIncomeRatio": 0.2455031599,
        "eps": 1.71,
        "epsdiluted": 1.71,
        "weightedAverageShsOut": 295321637,
        "weightedAverageShsOutDil": 295321637,
        "link": "https://www.sec.gov/Archives/edgar/data/1275283/000095014408003499/0000950144-08-003499-index.html",
        "finalLink": "https://www.sec.gov/Archives/edgar/data/1275283/000095014408003499/g13051qe10vq.htm"
    },
    {
        "date": "2007-12-31",
        "symbol": "RAI",
        "reportedCurrency": "USD",
        "cik": "0001275283",
        "fillingDate": "2008-02-27",
        "acceptedDate": "2008-02-27 08:59:20",
        "calendarYear": "2007",
        "period": "Q4",
        "revenue": 2230000000,
        "costOfRevenue": 1192000000,
        "grossProfit": 1038000000,
        "grossProfitRatio": 0.465470852,
        "researchAndDevelopmentExpenses": 0,
        "generalAndAdministrativeExpenses": 450000000,
        "sellingAndMarketingExpenses": 0,
        "sellingGeneralAndAdministrativeExpenses": 450000000,
        "otherExpenses": 0,
        "operatingExpenses": 450000000,
        "costAndExpenses": 1642000000,
        "interestIncome": 0,
        "interestExpense": -81000000,
        "depreciationAndAmortization": -125000000,
        "ebitda": 392000000,
        "ebitdaratio": 0.1757847534,
        "operatingIncome": 517000000,
        "operatingIncomeRatio": 0.231838565,
        "totalOtherIncomeExpensesNet": -44000000,
        "incomeBeforeTax": 473000000,
        "incomeBeforeTaxRatio": 0.2121076233,
        "incomeTaxExpense": 176000000,
        "netIncome": 297000000,
        "netIncomeRatio": 0.1331838565,
        "eps": 1.01,
        "epsdiluted": 1.01,
        "weightedAverageShsOut": 294594594,
        "weightedAverageShsOutDil": 294594594,
        "link": "https://www.sec.gov/Archives/edgar/data/1275283/000095014408001414/0000950144-08-001414-index.htm",
        "finalLink": "https://www.sec.gov/Archives/edgar/data/1275283/000095014408001414/g11863e10vk.htm"
    },
    {
        "date": "2007-09-30",
        "symbol": "RAI",
        "reportedCurrency": "USD",
        "cik": "0001275283",
        "fillingDate": "2007-11-01",
        "acceptedDate": "2007-11-01 11:55:46",
        "calendarYear": "2007",
        "period": "Q3",
        "revenue": 2297000000,
        "costOfRevenue": 1250000000,
        "grossProfit": 1047000000,
        "grossProfitRatio": 0.4558119286,
        "researchAndDevelopmentExpenses": 0,
        "generalAndAdministrativeExpenses": 440000000,
        "sellingAndMarketingExpenses": 0,
        "sellingGeneralAndAdministrativeExpenses": 440000000,
        "otherExpenses": 0,
        "operatingExpenses": 440000000,
        "costAndExpenses": 1690000000,
        "interestIncome": 0,
        "interestExpense": -81000000,
        "depreciationAndAmortization": -122000000,
        "ebitda": 480000000,
        "ebitdaratio": 0.2089682194,
        "operatingIncome": 602000000,
        "operatingIncomeRatio": 0.2620809752,
        "totalOtherIncomeExpensesNet": -41000000,
        "incomeBeforeTax": 561000000,
        "incomeBeforeTaxRatio": 0.2442316064,
        "incomeTaxExpense": 203000000,
        "netIncome": 358000000,
        "netIncomeRatio": 0.1558554636,
        "eps": 1.21,
        "epsdiluted": 1.21,
        "weightedAverageShsOut": 294752186,
        "weightedAverageShsOutDil": 294752186,
        "link": "https://www.sec.gov/Archives/edgar/data/1275283/000095014407009768/0000950144-07-009768-index.html",
        "finalLink": "https://www.sec.gov/Archives/edgar/data/1275283/000095014407009768/g10113e10vq.htm"
    },
    {
        "date": "2007-06-30",
        "symbol": "RAI",
        "reportedCurrency": "USD",
        "cik": "0001275283",
        "fillingDate": "2007-08-02",
        "acceptedDate": "2007-08-02 17:23:59",
        "calendarYear": "2007",
        "period": "Q2",
        "revenue": 2348000000,
        "costOfRevenue": 1343000000,
        "grossProfit": 1005000000,
        "grossProfitRatio": 0.4280238501,
        "researchAndDevelopmentExpenses": 0,
        "generalAndAdministrativeExpenses": 404000000,
        "sellingAndMarketingExpenses": 0,
        "sellingGeneralAndAdministrativeExpenses": 404000000,
        "otherExpenses": 0,
        "operatingExpenses": 404000000,
        "costAndExpenses": 1747000000,
        "interestIncome": 0,
        "interestExpense": -87000000,
        "depreciationAndAmortization": -166000000,
        "ebitda": 429000000,
        "ebitdaratio": 0.1827086882,
        "operatingIncome": 595000000,
        "operatingIncomeRatio": 0.253407155,
        "totalOtherIncomeExpensesNet": -80000000,
        "incomeBeforeTax": 515000000,
        "incomeBeforeTaxRatio": 0.2193356048,
        "incomeTaxExpense": 191000000,
        "netIncome": 325000000,
        "netIncomeRatio": 0.1384156729,
        "eps": 1.1,
        "epsdiluted": 1.1,
        "weightedAverageShsOut": 294144144,
        "weightedAverageShsOutDil": 294144144,
        "link": "https://www.sec.gov/Archives/edgar/data/1275283/000095014407007155/0000950144-07-007155-index.html",
        "finalLink": "https://www.sec.gov/Archives/edgar/data/1275283/000095014407007155/g08522qe10vq.htm"
    },
    {
        "date": "2007-03-31",
        "symbol": "RAI",
        "reportedCurrency": "USD",
        "cik": "0001275283",
        "fillingDate": "2007-05-04",
        "acceptedDate": "2007-05-04 15:43:55",
        "calendarYear": "2007",
        "period": "Q1",
        "revenue": 2148000000,
        "costOfRevenue": 1175000000,
        "grossProfit": 973000000,
        "grossProfitRatio": 0.4529795158,
        "researchAndDevelopmentExpenses": 0,
        "generalAndAdministrativeExpenses": 393000000,
        "sellingAndMarketingExpenses": 0,
        "sellingGeneralAndAdministrativeExpenses": 393000000,
        "otherExpenses": 0,
        "operatingExpenses": 393000000,
        "costAndExpenses": 1568000000,
        "interestIncome": 0,
        "interestExpense": -89000000,
        "depreciationAndAmortization": -139000000,
        "ebitda": 435000000,
        "ebitdaratio": 0.2025139665,
        "operatingIncome": 574000000,
        "operatingIncomeRatio": 0.2672253259,
        "totalOtherIncomeExpensesNet": -50000000,
        "incomeBeforeTax": 524000000,
        "incomeBeforeTaxRatio": 0.2439478585,
        "incomeTaxExpense": 196000000,
        "netIncome": 328000000,
        "netIncomeRatio": 0.1527001862,
        "eps": 1.11,
        "epsdiluted": 1.11,
        "weightedAverageShsOut": 295495495,
        "weightedAverageShsOutDil": 295495495,
        "link": "https://www.sec.gov/Archives/edgar/data/1275283/000095014407004240/0000950144-07-004240-index.html",
        "finalLink": "https://www.sec.gov/Archives/edgar/data/1275283/000095014407004240/g06903e10vq.htm"
    },
    {
        "date": "2006-12-31",
        "symbol": "RAI",
        "reportedCurrency": "USD",
        "cik": "0001275283",
        "fillingDate": "2007-02-27",
        "acceptedDate": "2007-02-27 16:25:23",
        "calendarYear": "2006",
        "period": "Q4",
        "revenue": 1569000000,
        "costOfRevenue": 1160000000,
        "grossProfit": 409000000,
        "grossProfitRatio": 0.2606755895,
        "researchAndDevelopmentExpenses": 0,
        "generalAndAdministrativeExpenses": 487000000,
        "sellingAndMarketingExpenses": 0,
        "sellingGeneralAndAdministrativeExpenses": 487000000,
        "otherExpenses": 0,
        "operatingExpenses": 487000000,
        "costAndExpenses": 1647000000,
        "interestIncome": 0,
        "interestExpense": -91000000,
        "depreciationAndAmortization": -132000000,
        "ebitda": 192000000,
        "ebitdaratio": 0.1223709369,
        "operatingIncome": 324000000,
        "operatingIncomeRatio": 0.206500956,
        "totalOtherIncomeExpensesNet": -41000000,
        "incomeBeforeTax": 283000000,
        "incomeBeforeTaxRatio": 0.1803696622,
        "incomeTaxExpense": 103000000,
        "netIncome": 180000000,
        "netIncomeRatio": 0.1147227533,
        "eps": 0.57,
        "epsdiluted": 0.57,
        "weightedAverageShsOut": 314285714,
        "weightedAverageShsOutDil": 314285714,
        "link": "https://www.sec.gov/Archives/edgar/data/1275283/000095014407001653/0000950144-07-001653-index.htm",
        "finalLink": "https://www.sec.gov/Archives/edgar/data/1275283/000095014407001653/g05637e10vk.htm"
    },
    {
        "date": "2006-09-30",
        "symbol": "RAI",
        "reportedCurrency": "USD",
        "cik": "0001275283",
        "fillingDate": "2006-11-07",
        "acceptedDate": "2006-11-07 16:28:20",
        "calendarYear": "2006",
        "period": "Q3",
        "revenue": 2190000000,
        "costOfRevenue": 1202000000,
        "grossProfit": 988000000,
        "grossProfitRatio": 0.4511415525,
        "researchAndDevelopmentExpenses": 0,
        "generalAndAdministrativeExpenses": 437000000,
        "sellingAndMarketingExpenses": 0,
        "sellingGeneralAndAdministrativeExpenses": 437000000,
        "otherExpenses": 0,
        "operatingExpenses": 437000000,
        "costAndExpenses": 1639000000,
        "interestIncome": 0,
        "interestExpense": -92000000,
        "depreciationAndAmortization": -147000000,
        "ebitda": 397000000,
        "ebitdaratio": 0.1812785388,
        "operatingIncome": 544000000,
        "operatingIncomeRatio": 0.2484018265,
        "totalOtherIncomeExpensesNet": -55000000,
        "incomeBeforeTax": 489000000,
        "incomeBeforeTaxRatio": 0.2232876712,
        "incomeTaxExpense": 180000000,
        "netIncome": 309000000,
        "netIncomeRatio": 0.1410958904,
        "eps": 0.97,
        "epsdiluted": 0.97,
        "weightedAverageShsOut": 317901234,
        "weightedAverageShsOutDil": 317901234,
        "link": "https://www.sec.gov/Archives/edgar/data/1275283/000095014406010408/0000950144-06-010408-index.htm",
        "finalLink": "https://www.sec.gov/Archives/edgar/data/1275283/000095014406010408/g03969e10vq.htm"
    },
    {
        "date": "2006-06-30",
        "symbol": "RAI",
        "reportedCurrency": "USD",
        "cik": "0001275283",
        "fillingDate": "2006-08-04",
        "acceptedDate": "2006-08-04 13:10:28",
        "calendarYear": "2006",
        "period": "Q2",
        "revenue": 2291000000,
        "costOfRevenue": 1276000000,
        "grossProfit": 1015000000,
        "grossProfitRatio": 0.4430379747,
        "researchAndDevelopmentExpenses": 0,
        "generalAndAdministrativeExpenses": 392000000,
        "sellingAndMarketingExpenses": 0,
        "sellingGeneralAndAdministrativeExpenses": 392000000,
        "otherExpenses": 0,
        "operatingExpenses": 392000000,
        "costAndExpenses": 1668000000,
        "interestIncome": 0,
        "interestExpense": -52000000,
        "depreciationAndAmortization": -69000000,
        "ebitda": 547000000,
        "ebitdaratio": 0.2387603667,
        "operatingIncome": 616000000,
        "operatingIncomeRatio": 0.2688782191,
        "totalOtherIncomeExpensesNet": -26000000,
        "incomeBeforeTax": 590000000,
        "incomeBeforeTaxRatio": 0.2575294631,
        "incomeTaxExpense": 223000000,
        "netIncome": 376000000,
        "netIncomeRatio": 0.1641204714,
        "eps": 2.29,
        "epsdiluted": 2.29,
        "weightedAverageShsOut": 164236902,
        "weightedAverageShsOutDil": 164236902,
        "link": "https://www.sec.gov/Archives/edgar/data/1275283/000095014406007353/0000950144-06-007353-index.htm",
        "finalLink": "https://www.sec.gov/Archives/edgar/data/1275283/000095014406007353/g02661e10vq.htm"
    },
    {
        "date": "2006-03-31",
        "symbol": "RAI",
        "reportedCurrency": "USD",
        "cik": "0001275283",
        "fillingDate": "2006-05-05",
        "acceptedDate": "2006-05-05 15:23:32",
        "calendarYear": "2006",
        "period": "Q1",
        "revenue": 1960000000,
        "costOfRevenue": 1165000000,
        "grossProfit": 795000000,
        "grossProfitRatio": 0.4056122449,
        "researchAndDevelopmentExpenses": 0,
        "generalAndAdministrativeExpenses": 342000000,
        "sellingAndMarketingExpenses": 0,
        "sellingGeneralAndAdministrativeExpenses": 342000000,
        "otherExpenses": 0,
        "operatingExpenses": 342000000,
        "costAndExpenses": 1507000000,
        "interestIncome": 0,
        "interestExpense": -35000000,
        "depreciationAndAmortization": 31000000,
        "ebitda": 477000000,
        "ebitdaratio": 0.2433673469,
        "operatingIncome": 446000000,
        "operatingIncomeRatio": 0.2275510204,
        "totalOtherIncomeExpensesNet": 1000000,
        "incomeBeforeTax": 447000000,
        "incomeBeforeTaxRatio": 0.2280612245,
        "incomeTaxExpense": 167000000,
        "netIncome": 345000000,
        "netIncomeRatio": 0.1760204082,
        "eps": 1.9,
        "epsdiluted": 1.9,
        "weightedAverageShsOut": 181578947,
        "weightedAverageShsOutDil": 181578947,
        "link": "https://www.sec.gov/Archives/edgar/data/1275283/000095014406004486/0000950144-06-004486-index.htm",
        "finalLink": "https://www.sec.gov/Archives/edgar/data/1275283/000095014406004486/g01251e10vq.htm"
    },
    {
        "date": "2005-12-31",
        "symbol": "RAI",
        "reportedCurrency": "USD",
        "cik": "0001275283",
        "fillingDate": "2006-02-27",
        "acceptedDate": "2006-02-27 12:55:29",
        "calendarYear": "2005",
        "period": "Q4",
        "revenue": 1952000000,
        "costOfRevenue": 1183000000,
        "grossProfit": 769000000,
        "grossProfitRatio": 0.393954918,
        "researchAndDevelopmentExpenses": 0,
        "generalAndAdministrativeExpenses": 436000000,
        "sellingAndMarketingExpenses": 0,
        "sellingGeneralAndAdministrativeExpenses": 436000000,
        "otherExpenses": 0,
        "operatingExpenses": 436000000,
        "costAndExpenses": 1619000000,
        "interestIncome": 0,
        "interestExpense": -32000000,
        "depreciationAndAmortization": 24000000,
        "ebitda": 242000000,
        "ebitdaratio": 0.1239754098,
        "operatingIncome": 218000000,
        "operatingIncomeRatio": 0.1116803279,
        "totalOtherIncomeExpensesNet": -1000000,
        "incomeBeforeTax": 217000000,
        "incomeBeforeTaxRatio": 0.1111680328,
        "incomeTaxExpense": -23000000,
        "netIncome": 297000000,
        "netIncomeRatio": 0.1521516393,
        "eps": 1.9,
        "epsdiluted": 1.9,
        "weightedAverageShsOut": 155988023,
        "weightedAverageShsOutDil": 155988023,
        "link": "https://www.sec.gov/Archives/edgar/data/1275283/000095014406001530/0000950144-06-001530-index.htm",
        "finalLink": "https://www.sec.gov/Archives/edgar/data/1275283/000095014406001530/g99749e10vk.htm"
    },
    {
        "date": "2005-09-30",
        "symbol": "RAI",
        "reportedCurrency": "USD",
        "cik": "0001275283",
        "fillingDate": "2005-11-03",
        "acceptedDate": "2005-11-03 15:25:53",
        "calendarYear": "2005",
        "period": "Q3",
        "revenue": 2024000000,
        "costOfRevenue": 1384000000,
        "grossProfit": 640000000,
        "grossProfitRatio": 0.3162055336,
        "researchAndDevelopmentExpenses": 0,
        "generalAndAdministrativeExpenses": 399000000,
        "sellingAndMarketingExpenses": 0,
        "sellingGeneralAndAdministrativeExpenses": 399000000,
        "otherExpenses": 0,
        "operatingExpenses": 399000000,
        "costAndExpenses": 1783000000,
        "interestIncome": 0,
        "interestExpense": -31000000,
        "depreciationAndAmortization": -46000000,
        "ebitda": 311000000,
        "ebitdaratio": 0.1536561265,
        "operatingIncome": 357000000,
        "operatingIncomeRatio": 0.1763833992,
        "totalOtherIncomeExpensesNet": -15000000,
        "incomeBeforeTax": 342000000,
        "incomeBeforeTaxRatio": 0.168972332,
        "incomeTaxExpense": 129000000,
        "netIncome": 213000000,
        "netIncomeRatio": 0.1052371542,
        "eps": 1.44,
        "epsdiluted": 1.44,
        "weightedAverageShsOut": 147524752,
        "weightedAverageShsOutDil": 147524752,
        "link": "https://www.sec.gov/Archives/edgar/data/1275283/000095014405011080/0000950144-05-011080-index.htm",
        "finalLink": "https://www.sec.gov/Archives/edgar/data/1275283/000095014405011080/g97961e10vq.htm"
    },
    {
        "date": "2005-06-30",
        "symbol": "RAI",
        "reportedCurrency": "USD",
        "cik": "0001275283",
        "fillingDate": "2005-08-04",
        "acceptedDate": "2005-08-04 16:50:22",
        "calendarYear": "2005",
        "period": "Q2",
        "revenue": 1991000000,
        "costOfRevenue": 1241000000,
        "grossProfit": 750000000,
        "grossProfitRatio": 0.3766951281,
        "researchAndDevelopmentExpenses": 0,
        "generalAndAdministrativeExpenses": 412000000,
        "sellingAndMarketingExpenses": 0,
        "sellingGeneralAndAdministrativeExpenses": 412000000,
        "otherExpenses": 0,
        "operatingExpenses": 412000000,
        "costAndExpenses": 1653000000,
        "interestIncome": 0,
        "interestExpense": -26000000,
        "depreciationAndAmortization": -42000000,
        "ebitda": 375000000,
        "ebitdaratio": 0.188347564,
        "operatingIncome": 417000000,
        "operatingIncomeRatio": 0.2094424912,
        "totalOtherIncomeExpensesNet": -16000000,
        "incomeBeforeTax": 401000000,
        "incomeBeforeTaxRatio": 0.2014063285,
        "incomeTaxExpense": 150000000,
        "netIncome": 251000000,
        "netIncomeRatio": 0.1260673029,
        "eps": 1.7,
        "epsdiluted": 1.7,
        "weightedAverageShsOut": 147368421,
        "weightedAverageShsOutDil": 147368421,
        "link": "https://www.sec.gov/Archives/edgar/data/1275283/000095014405008224/0000950144-05-008224-index.htm",
        "finalLink": "https://www.sec.gov/Archives/edgar/data/1275283/000095014405008224/g96603e10vq.htm"
    },
    {
        "date": "2005-03-31",
        "symbol": "RAI",
        "reportedCurrency": "USD",
        "cik": "0001275283",
        "fillingDate": "2005-05-09",
        "acceptedDate": "2005-05-09 17:21:05",
        "calendarYear": "2005",
        "period": "Q1",
        "revenue": 1812000000,
        "costOfRevenue": 1111000000,
        "grossProfit": 701000000,
        "grossProfitRatio": 0.3868653422,
        "researchAndDevelopmentExpenses": 0,
        "generalAndAdministrativeExpenses": 364000000,
        "sellingAndMarketingExpenses": 0,
        "sellingGeneralAndAdministrativeExpenses": 364000000,
        "otherExpenses": 0,
        "operatingExpenses": 364000000,
        "costAndExpenses": 1475000000,
        "interestIncome": 0,
        "interestExpense": -24000000,
        "depreciationAndAmortization": -35000000,
        "ebitda": 432000000,
        "ebitdaratio": 0.238410596,
        "operatingIncome": 467000000,
        "operatingIncomeRatio": 0.2577262693,
        "totalOtherIncomeExpensesNet": -11000000,
        "incomeBeforeTax": 456000000,
        "incomeBeforeTaxRatio": 0.2516556291,
        "incomeTaxExpense": 175000000,
        "netIncome": 281000000,
        "netIncomeRatio": 0.1550772627,
        "eps": 1.91,
        "epsdiluted": 1.91,
        "weightedAverageShsOut": 147120418,
        "weightedAverageShsOutDil": 147120418,
        "link": "https://www.sec.gov/Archives/edgar/data/1275283/000095014405005138/0000950144-05-005138-index.htm",
        "finalLink": "https://www.sec.gov/Archives/edgar/data/1275283/000095014405005138/g94981e10vq.htm"
    },
    {
        "date": "2004-12-31",
        "symbol": "RAI",
        "reportedCurrency": "USD",
        "cik": "0001275283",
        "fillingDate": "2005-03-09",
        "acceptedDate": "2005-03-09 15:27:33",
        "calendarYear": "2004",
        "period": "Q4",
        "revenue": 1760000000,
        "costOfRevenue": 1225000000,
        "grossProfit": 535000000,
        "grossProfitRatio": 0.3039772727,
        "researchAndDevelopmentExpenses": 0,
        "generalAndAdministrativeExpenses": 485000000,
        "sellingAndMarketingExpenses": 0,
        "sellingGeneralAndAdministrativeExpenses": 485000000,
        "otherExpenses": 0,
        "operatingExpenses": 485000000,
        "costAndExpenses": 1710000000,
        "interestIncome": 0,
        "interestExpense": -23000000,
        "depreciationAndAmortization": -15000000,
        "ebitda": 34000000,
        "ebitdaratio": 0.0193181818,
        "operatingIncome": 49000000,
        "operatingIncomeRatio": 0.0278409091,
        "totalOtherIncomeExpensesNet": -3000000,
        "incomeBeforeTax": 46000000,
        "incomeBeforeTaxRatio": 0.0261363636,
        "incomeTaxExpense": -19000000,
        "netIncome": 76000000,
        "netIncomeRatio": 0.0431818182,
        "eps": 0.63,
        "epsdiluted": 0.63,
        "weightedAverageShsOut": 121554770,
        "weightedAverageShsOutDil": 121554770,
        "link": "https://www.sec.gov/Archives/edgar/data/1275283/000095014405002273/0000950144-05-002273-index.htm",
        "finalLink": "https://www.sec.gov/Archives/edgar/data/1275283/000095014405002273/g93533e10vk.htm"
    }
]