[
    {
        "date": "2024-12-31",
        "symbol": "REE",
        "reportedCurrency": "USD",
        "cik": "0001843588",
        "fillingDate": "2025-05-15",
        "acceptedDate": "2025-05-15 06:08:48",
        "calendarYear": "2024",
        "period": "Q4",
        "revenue": 12000,
        "costOfRevenue": 1872000,
        "grossProfit": -1860000,
        "grossProfitRatio": -155,
        "researchAndDevelopmentExpenses": 13653000,
        "generalAndAdministrativeExpenses": 0,
        "sellingAndMarketingExpenses": 0,
        "sellingGeneralAndAdministrativeExpenses": 6278000,
        "otherExpenses": 0,
        "operatingExpenses": 19931000,
        "costAndExpenses": 21803000,
        "interestIncome": 0,
        "interestExpense": 4494000,
        "depreciationAndAmortization": 786000,
        "ebitda": -50643000,
        "ebitdaratio": -4220.25,
        "operatingIncome": -21791000,
        "operatingIncomeRatio": -1815.9166666667,
        "totalOtherIncomeExpensesNet": -14724000,
        "incomeBeforeTax": -36515000,
        "incomeBeforeTaxRatio": -3042.9166666667,
        "incomeTaxExpense": 781000,
        "netIncome": -37296000,
        "netIncomeRatio": -3108,
        "eps": -2.34,
        "epsdiluted": -2.34,
        "weightedAverageShsOut": 15933291,
        "weightedAverageShsOutDil": 15933291,
        "link": "https://www.sec.gov/Archives/edgar/data/1843588/000162828025025661/0001628280-25-025661-index.htm",
        "finalLink": "https://www.sec.gov/Archives/edgar/data/1843588/000162828025025661/ree-20241231.htm"
    },
    {
        "date": "2024-09-30",
        "symbol": "REE",
        "reportedCurrency": "USD",
        "cik": "0001843588",
        "fillingDate": "2024-12-17",
        "acceptedDate": "2024-12-17 07:36:37",
        "calendarYear": "2024",
        "period": "Q3",
        "revenue": 11000,
        "costOfRevenue": 354000,
        "grossProfit": -343000,
        "grossProfitRatio": -31.1818181818,
        "researchAndDevelopmentExpenses": 12386000,
        "generalAndAdministrativeExpenses": 0,
        "sellingAndMarketingExpenses": 0,
        "sellingGeneralAndAdministrativeExpenses": 5792000,
        "otherExpenses": 0,
        "operatingExpenses": 18178000,
        "costAndExpenses": 18532000,
        "interestIncome": 0,
        "interestExpense": 5579000,
        "depreciationAndAmortization": 788000,
        "ebitda": -17733000,
        "ebitdaratio": -1612.0909090909,
        "operatingIncome": -18521000,
        "operatingIncomeRatio": -1683.7272727273,
        "totalOtherIncomeExpensesNet": -19979000,
        "incomeBeforeTax": -38500000,
        "incomeBeforeTaxRatio": -3500,
        "incomeTaxExpense": -12000,
        "netIncome": -38488000,
        "netIncomeRatio": -3498.9090909091,
        "eps": -2.56,
        "epsdiluted": -2.56,
        "weightedAverageShsOut": 15015194,
        "weightedAverageShsOutDil": 15015194,
        "link": "https://www.sec.gov/Archives/edgar/data/1843588/000121390024109505/0001213900-24-109505-index.htm",
        "finalLink": "https://www.sec.gov/Archives/edgar/data/1843588/000121390024109505/ea022499701ex99-1_reeauto.htm"
    },
    {
        "date": "2024-06-30",
        "symbol": "REE",
        "reportedCurrency": "USD",
        "cik": "0001843588",
        "fillingDate": "2024-09-26",
        "acceptedDate": "2024-09-26 06:29:24",
        "calendarYear": "2024",
        "period": "Q2",
        "revenue": 0,
        "costOfRevenue": 651000,
        "grossProfit": -651000,
        "grossProfitRatio": 0,
        "researchAndDevelopmentExpenses": 8063000,
        "generalAndAdministrativeExpenses": 0,
        "sellingAndMarketingExpenses": 0,
        "sellingGeneralAndAdministrativeExpenses": 6931000,
        "otherExpenses": 0,
        "operatingExpenses": 14994000,
        "costAndExpenses": 15645000,
        "interestIncome": 1424000,
        "interestExpense": 776000,
        "depreciationAndAmortization": 795000,
        "ebitda": -10243000,
        "ebitdaratio": 0,
        "operatingIncome": -15645000,
        "operatingIncomeRatio": 0,
        "totalOtherIncomeExpensesNet": 4716000,
        "incomeBeforeTax": -10929000,
        "incomeBeforeTaxRatio": 0,
        "incomeTaxExpense": -142000,
        "netIncome": -10787000,
        "netIncomeRatio": 0,
        "eps": -0.98,
        "epsdiluted": -0.98,
        "weightedAverageShsOut": 11023880,
        "weightedAverageShsOutDil": 11023880,
        "link": "https://www.sec.gov/Archives/edgar/data/1843588/000162828024041317/0001628280-24-041317-index.htm",
        "finalLink": "https://www.sec.gov/Archives/edgar/data/1843588/000162828024041317/ree-20240630prex991.htm"
    },
    {
        "date": "2024-03-31",
        "symbol": "REE",
        "reportedCurrency": "USD",
        "cik": "0001843588",
        "fillingDate": "2024-05-30",
        "acceptedDate": "2024-05-30 06:40:20",
        "calendarYear": "2024",
        "period": "Q1",
        "revenue": 160000,
        "costOfRevenue": 1617000,
        "grossProfit": -1457000,
        "grossProfitRatio": -9.10625,
        "researchAndDevelopmentExpenses": 15358000,
        "generalAndAdministrativeExpenses": 0,
        "sellingAndMarketingExpenses": 0,
        "sellingGeneralAndAdministrativeExpenses": 6357000,
        "otherExpenses": 0,
        "operatingExpenses": 21715000,
        "costAndExpenses": 23332000,
        "interestIncome": 131000,
        "interestExpense": 0,
        "depreciationAndAmortization": 813000,
        "ebitda": -22359000,
        "ebitdaratio": -139.74375,
        "operatingIncome": -23172000,
        "operatingIncomeRatio": -144.825,
        "totalOtherIncomeExpensesNet": -575000,
        "incomeBeforeTax": -23747000,
        "incomeBeforeTaxRatio": -148.41875,
        "incomeTaxExpense": 1436000,
        "netIncome": -25183000,
        "netIncomeRatio": -157.39375,
        "eps": -2.28,
        "epsdiluted": -2.28,
        "weightedAverageShsOut": 11023880,
        "weightedAverageShsOutDil": 11023880,
        "link": "https://www.sec.gov/Archives/edgar/data/1843588/000121390024047675/0001213900-24-047675-index.htm",
        "finalLink": "https://www.sec.gov/Archives/edgar/data/1843588/000121390024047675/ea020676501ex99-1_reeauto.htm"
    },
    {
        "date": "2023-12-31",
        "symbol": "REE",
        "reportedCurrency": "USD",
        "cik": "0001843588",
        "fillingDate": "2024-03-27",
        "acceptedDate": "2024-03-27 07:32:39",
        "calendarYear": "2023",
        "period": "Q4",
        "revenue": 455000,
        "costOfRevenue": 2454000,
        "grossProfit": -1999000,
        "grossProfitRatio": -4.3934065934,
        "researchAndDevelopmentExpenses": 28587000,
        "generalAndAdministrativeExpenses": 0,
        "sellingAndMarketingExpenses": 0,
        "sellingGeneralAndAdministrativeExpenses": 6584000,
        "otherExpenses": 0,
        "operatingExpenses": 35171000,
        "costAndExpenses": 37625000,
        "interestIncome": 765000,
        "interestExpense": -125000,
        "depreciationAndAmortization": 1541000,
        "ebitda": -35629000,
        "ebitdaratio": -78.3054945055,
        "operatingIncome": -37170000,
        "operatingIncomeRatio": -81.6923076923,
        "totalOtherIncomeExpensesNet": 737000,
        "incomeBeforeTax": -36433000,
        "incomeBeforeTaxRatio": -80.0725274725,
        "incomeTaxExpense": -1200000,
        "netIncome": -35233000,
        "netIncomeRatio": -77.4351648352,
        "eps": -3.44,
        "epsdiluted": -3.44,
        "weightedAverageShsOut": 10236827,
        "weightedAverageShsOutDil": 10236827,
        "link": "https://www.sec.gov/Archives/edgar/data/1843588/000162828024013211/0001628280-24-013211-index.htm",
        "finalLink": "https://www.sec.gov/Archives/edgar/data/1843588/000162828024013211/ree-20231231.htm"
    },
    {
        "date": "2023-09-30",
        "symbol": "REE",
        "reportedCurrency": "USD",
        "cik": "0001843588",
        "fillingDate": "2023-09-30",
        "acceptedDate": "2023-09-29 20:00:00",
        "calendarYear": "2023",
        "period": "Q3",
        "revenue": 210000,
        "costOfRevenue": 1414000,
        "grossProfit": -1204000,
        "grossProfitRatio": -5.7333333333,
        "researchAndDevelopmentExpenses": 15864000,
        "generalAndAdministrativeExpenses": 0,
        "sellingAndMarketingExpenses": 0,
        "sellingGeneralAndAdministrativeExpenses": 8513000,
        "otherExpenses": 0,
        "operatingExpenses": 24377000,
        "costAndExpenses": 25791000,
        "interestIncome": 1450000,
        "interestExpense": 0,
        "depreciationAndAmortization": 1375000,
        "ebitda": -24206000,
        "ebitdaratio": -115.2666666667,
        "operatingIncome": -25581000,
        "operatingIncomeRatio": -121.8142857143,
        "totalOtherIncomeExpensesNet": 1450000,
        "incomeBeforeTax": -24131000,
        "incomeBeforeTaxRatio": -114.9095238095,
        "incomeTaxExpense": 11000,
        "netIncome": -24142000,
        "netIncomeRatio": -114.9619047619,
        "eps": -2.39,
        "epsdiluted": -2.39,
        "weightedAverageShsOut": 10117734,
        "weightedAverageShsOutDil": 10117734,
        "link": null,
        "finalLink": null
    },
    {
        "date": "2023-06-30",
        "symbol": "REE",
        "reportedCurrency": "USD",
        "cik": "0001843588",
        "fillingDate": "2023-06-30",
        "acceptedDate": "2023-06-30 00:00:00",
        "calendarYear": "2023",
        "period": "Q2",
        "revenue": 943000,
        "costOfRevenue": 943000,
        "grossProfit": 0,
        "grossProfitRatio": 0,
        "researchAndDevelopmentExpenses": 19337000,
        "generalAndAdministrativeExpenses": 0,
        "sellingAndMarketingExpenses": 0,
        "sellingGeneralAndAdministrativeExpenses": 8087000,
        "otherExpenses": 0,
        "operatingExpenses": 27424000,
        "costAndExpenses": 28367000,
        "interestIncome": 1076000,
        "interestExpense": 0,
        "depreciationAndAmortization": 2400000,
        "ebitda": -25024000,
        "ebitdaratio": -26.5365853659,
        "operatingIncome": -27424000,
        "operatingIncomeRatio": -29.0816542948,
        "totalOtherIncomeExpensesNet": 1076000,
        "incomeBeforeTax": -26348000,
        "incomeBeforeTaxRatio": -27.9406150583,
        "incomeTaxExpense": -137000,
        "netIncome": -26211000,
        "netIncomeRatio": -27.7953340403,
        "eps": -3.18,
        "epsdiluted": -3.18,
        "weightedAverageShsOut": 8244869,
        "weightedAverageShsOutDil": 8244869,
        "link": null,
        "finalLink": null
    },
    {
        "date": "2023-03-31",
        "symbol": "REE",
        "reportedCurrency": "USD",
        "cik": "0001843588",
        "fillingDate": "2023-03-31",
        "acceptedDate": "2023-03-29 20:00:00",
        "calendarYear": "2023",
        "period": "Q1",
        "revenue": 0,
        "costOfRevenue": 0,
        "grossProfit": 0,
        "grossProfitRatio": 0,
        "researchAndDevelopmentExpenses": 18874000,
        "generalAndAdministrativeExpenses": 0,
        "sellingAndMarketingExpenses": 0,
        "sellingGeneralAndAdministrativeExpenses": 10843000,
        "otherExpenses": 0,
        "operatingExpenses": 29717000,
        "costAndExpenses": 29717000,
        "interestIncome": 1061000,
        "interestExpense": 0,
        "depreciationAndAmortization": 483000,
        "ebitda": -29234000,
        "ebitdaratio": 0,
        "operatingIncome": -29717000,
        "operatingIncomeRatio": 0,
        "totalOtherIncomeExpensesNet": 1061000,
        "incomeBeforeTax": -28656000,
        "incomeBeforeTaxRatio": 0,
        "incomeTaxExpense": -34000,
        "netIncome": -28622000,
        "netIncomeRatio": 0,
        "eps": -3.52,
        "epsdiluted": -3.52,
        "weightedAverageShsOut": 8135346,
        "weightedAverageShsOutDil": 8135346,
        "link": null,
        "finalLink": null
    },
    {
        "date": "2022-12-31",
        "symbol": "REE",
        "reportedCurrency": "USD",
        "cik": "0001843588",
        "fillingDate": "2023-03-28",
        "acceptedDate": "2023-03-28 08:31:30",
        "calendarYear": "2022",
        "period": "Q4",
        "revenue": 0,
        "costOfRevenue": 2085000,
        "grossProfit": -2085000,
        "grossProfitRatio": 0,
        "researchAndDevelopmentExpenses": 18423000,
        "generalAndAdministrativeExpenses": 0,
        "sellingAndMarketingExpenses": 0,
        "sellingGeneralAndAdministrativeExpenses": 9388000,
        "otherExpenses": 0,
        "operatingExpenses": 27811000,
        "costAndExpenses": 27811000,
        "interestIncome": 1054000,
        "interestExpense": 0,
        "depreciationAndAmortization": 2085000,
        "ebitda": -25093000,
        "ebitdaratio": 0,
        "operatingIncome": -27811000,
        "operatingIncomeRatio": 0,
        "totalOtherIncomeExpensesNet": 633000,
        "incomeBeforeTax": -27178000,
        "incomeBeforeTaxRatio": 0,
        "incomeTaxExpense": 81000,
        "netIncome": -27259000,
        "netIncomeRatio": 0,
        "eps": -2.75,
        "epsdiluted": -2.75,
        "weightedAverageShsOut": 9925741,
        "weightedAverageShsOutDil": 9925741,
        "link": "https://www.sec.gov/Archives/edgar/data/1843588/000184358823000010/0001843588-23-000010-index.htm",
        "finalLink": "https://www.sec.gov/Archives/edgar/data/1843588/000184358823000010/ree-20221231.htm"
    },
    {
        "date": "2022-09-30",
        "symbol": "REE",
        "reportedCurrency": "USD",
        "cik": "0001843588",
        "fillingDate": "2022-11-16",
        "acceptedDate": "2022-11-16 07:00:16",
        "calendarYear": "2022",
        "period": "Q3",
        "revenue": 0,
        "costOfRevenue": 964000,
        "grossProfit": -964000,
        "grossProfitRatio": 0,
        "researchAndDevelopmentExpenses": 20879000,
        "generalAndAdministrativeExpenses": 0,
        "sellingAndMarketingExpenses": 0,
        "sellingGeneralAndAdministrativeExpenses": 13194000,
        "otherExpenses": 0,
        "operatingExpenses": 34073000,
        "costAndExpenses": 34073000,
        "interestIncome": 893000,
        "interestExpense": 893000,
        "depreciationAndAmortization": 964000,
        "ebitda": -32755000,
        "ebitdaratio": 0,
        "operatingIncome": -34073000,
        "operatingIncomeRatio": 0,
        "totalOtherIncomeExpensesNet": 1075000,
        "incomeBeforeTax": -32998000,
        "incomeBeforeTaxRatio": 0,
        "incomeTaxExpense": 454000,
        "netIncome": -33452000,
        "netIncomeRatio": 0,
        "eps": -3.41,
        "epsdiluted": -3.41,
        "weightedAverageShsOut": 9806378,
        "weightedAverageShsOutDil": 9806378,
        "link": "https://www.sec.gov/Archives/edgar/data/1843588/000117184322007507/0001171843-22-007507-index.htm",
        "finalLink": "https://www.sec.gov/Archives/edgar/data/1843588/000117184322007507/exh_991.htm"
    },
    {
        "date": "2022-06-30",
        "symbol": "REE",
        "reportedCurrency": "USD",
        "cik": "0001843588",
        "fillingDate": "2022-06-30",
        "acceptedDate": "2022-06-30 00:00:00",
        "calendarYear": "2022",
        "period": "Q2",
        "revenue": 0,
        "costOfRevenue": 9000,
        "grossProfit": -9000,
        "grossProfitRatio": 0,
        "researchAndDevelopmentExpenses": 16526000,
        "generalAndAdministrativeExpenses": 0,
        "sellingAndMarketingExpenses": 0,
        "sellingGeneralAndAdministrativeExpenses": 11330000,
        "otherExpenses": 0,
        "operatingExpenses": 27856000,
        "costAndExpenses": 27865000,
        "interestIncome": 247000,
        "interestExpense": 247000,
        "depreciationAndAmortization": 1093000,
        "ebitda": -28326000,
        "ebitdaratio": 0,
        "operatingIncome": -27865000,
        "operatingIncomeRatio": 0,
        "totalOtherIncomeExpensesNet": 4790000,
        "incomeBeforeTax": -23075000,
        "incomeBeforeTaxRatio": 0,
        "incomeTaxExpense": 619000,
        "netIncome": -23694000,
        "netIncomeRatio": 0,
        "eps": -2.97,
        "epsdiluted": -2.97,
        "weightedAverageShsOut": 7985433,
        "weightedAverageShsOutDil": 7985433,
        "link": null,
        "finalLink": null
    },
    {
        "date": "2022-03-31",
        "symbol": "REE",
        "reportedCurrency": "USD",
        "cik": "0001843588",
        "fillingDate": "2022-05-17",
        "acceptedDate": "2022-05-17 07:30:08",
        "calendarYear": "2022",
        "period": "Q1",
        "revenue": 0,
        "costOfRevenue": 538000,
        "grossProfit": -538000,
        "grossProfitRatio": 0,
        "researchAndDevelopmentExpenses": 22397000,
        "generalAndAdministrativeExpenses": 0,
        "sellingAndMarketingExpenses": 0,
        "sellingGeneralAndAdministrativeExpenses": 15288000,
        "otherExpenses": 0,
        "operatingExpenses": 37685000,
        "costAndExpenses": 38223000,
        "interestIncome": 472000,
        "interestExpense": 472000,
        "depreciationAndAmortization": 767000,
        "ebitda": -37456000,
        "ebitdaratio": 0,
        "operatingIncome": -38223000,
        "operatingIncomeRatio": 0,
        "totalOtherIncomeExpensesNet": 15802000,
        "incomeBeforeTax": -22421000,
        "incomeBeforeTaxRatio": 0,
        "incomeTaxExpense": 594000,
        "netIncome": -23015000,
        "netIncomeRatio": 0,
        "eps": -2.38,
        "epsdiluted": -2.38,
        "weightedAverageShsOut": 9658254,
        "weightedAverageShsOutDil": 9658254,
        "link": "https://www.sec.gov/Archives/edgar/data/1843588/000117184322003760/0001171843-22-003760-index.htm",
        "finalLink": "https://www.sec.gov/Archives/edgar/data/1843588/000117184322003760/exh_991.htm"
    },
    {
        "date": "2021-12-31",
        "symbol": "REE",
        "reportedCurrency": "USD",
        "cik": "0001843588",
        "fillingDate": "2022-03-03",
        "acceptedDate": "2022-03-03 06:30:07",
        "calendarYear": "2021",
        "period": "Q4",
        "revenue": 0,
        "costOfRevenue": 656000,
        "grossProfit": -656000,
        "grossProfitRatio": 0,
        "researchAndDevelopmentExpenses": 23292000,
        "generalAndAdministrativeExpenses": 0,
        "sellingAndMarketingExpenses": 0,
        "sellingGeneralAndAdministrativeExpenses": 15538000,
        "otherExpenses": 0,
        "operatingExpenses": 38830000,
        "costAndExpenses": 39486000,
        "interestIncome": 297000,
        "interestExpense": 297000,
        "depreciationAndAmortization": 192000,
        "ebitda": -39294000,
        "ebitdaratio": 0,
        "operatingIncome": -39486000,
        "operatingIncomeRatio": 0,
        "totalOtherIncomeExpensesNet": -5942000,
        "incomeBeforeTax": -45428000,
        "incomeBeforeTaxRatio": 0,
        "incomeTaxExpense": 1223000,
        "netIncome": -46651000,
        "netIncomeRatio": 0,
        "eps": -4.92,
        "epsdiluted": -4.92,
        "weightedAverageShsOut": 9476497,
        "weightedAverageShsOutDil": 9476497,
        "link": "https://www.sec.gov/Archives/edgar/data/1843588/000117184322001592/0001171843-22-001592-index.htm",
        "finalLink": "https://www.sec.gov/Archives/edgar/data/1843588/000117184322001592/exh_991.htm"
    },
    {
        "date": "2021-09-30",
        "symbol": "REE",
        "reportedCurrency": "USD",
        "cik": "0001843588",
        "fillingDate": "2021-09-30",
        "acceptedDate": "2021-09-30 00:00:00",
        "calendarYear": "2021",
        "period": "Q3",
        "revenue": 0,
        "costOfRevenue": 324000,
        "grossProfit": -324000,
        "grossProfitRatio": 0,
        "researchAndDevelopmentExpenses": 212438000,
        "generalAndAdministrativeExpenses": 0,
        "sellingAndMarketingExpenses": 0,
        "sellingGeneralAndAdministrativeExpenses": 219507000,
        "otherExpenses": 0,
        "operatingExpenses": 431945000,
        "costAndExpenses": 432269000,
        "interestIncome": 114000,
        "interestExpense": 114000,
        "depreciationAndAmortization": 123000,
        "ebitda": -432146000,
        "ebitdaratio": 0,
        "operatingIncome": -432269000,
        "operatingIncomeRatio": 0,
        "totalOtherIncomeExpensesNet": 17377000,
        "incomeBeforeTax": -414892000,
        "incomeBeforeTaxRatio": 0,
        "incomeTaxExpense": 13000,
        "netIncome": -414905000,
        "netIncomeRatio": 0,
        "eps": -47.12,
        "epsdiluted": -47.12,
        "weightedAverageShsOut": 8804721,
        "weightedAverageShsOutDil": 8804721,
        "link": null,
        "finalLink": null
    },
    {
        "date": "2021-06-30",
        "symbol": "REE",
        "reportedCurrency": "USD",
        "cik": "0001843588",
        "fillingDate": "2021-07-28",
        "acceptedDate": "2021-07-28 17:26:15",
        "calendarYear": "2021",
        "period": "Q2",
        "revenue": 0,
        "costOfRevenue": 4000,
        "grossProfit": -4000,
        "grossProfitRatio": 0,
        "researchAndDevelopmentExpenses": 9545000,
        "generalAndAdministrativeExpenses": 0,
        "sellingAndMarketingExpenses": 0,
        "sellingGeneralAndAdministrativeExpenses": 21590000,
        "otherExpenses": 0,
        "operatingExpenses": 31135000,
        "costAndExpenses": 31139000,
        "interestIncome": 8000,
        "interestExpense": 8000,
        "depreciationAndAmortization": 95000,
        "ebitda": -31044000,
        "ebitdaratio": 0,
        "operatingIncome": -31139000,
        "operatingIncomeRatio": 0,
        "totalOtherIncomeExpensesNet": 8000,
        "incomeBeforeTax": -31131000,
        "incomeBeforeTaxRatio": 0,
        "incomeTaxExpense": 45000,
        "netIncome": -31176000,
        "netIncomeRatio": 0,
        "eps": -4.07,
        "epsdiluted": -4.07,
        "weightedAverageShsOut": 7664207,
        "weightedAverageShsOutDil": 7664207,
        "link": "https://www.sec.gov/Archives/edgar/data/1843588/000121390021039131/0001213900-21-039131-index.htm",
        "finalLink": "https://www.sec.gov/Archives/edgar/data/1843588/000121390021039131/ea144898-20f_reeauto.htm"
    },
    {
        "date": "2021-03-31",
        "symbol": "REE",
        "reportedCurrency": "USD",
        "cik": "0001843588",
        "fillingDate": "2021-03-31",
        "acceptedDate": "2021-03-30 20:00:00",
        "calendarYear": "2021",
        "period": "Q1",
        "revenue": 6000,
        "costOfRevenue": 11000,
        "grossProfit": -5000,
        "grossProfitRatio": -0.8333333333,
        "researchAndDevelopmentExpenses": 7149000,
        "generalAndAdministrativeExpenses": 0,
        "sellingAndMarketingExpenses": 0,
        "sellingGeneralAndAdministrativeExpenses": 5448000,
        "otherExpenses": 0,
        "operatingExpenses": 12597000,
        "costAndExpenses": 12608000,
        "interestIncome": 4000,
        "interestExpense": 4000,
        "depreciationAndAmortization": 74000,
        "ebitda": -12528000,
        "ebitdaratio": -2088,
        "operatingIncome": -12602000,
        "operatingIncomeRatio": -2100.3333333333,
        "totalOtherIncomeExpensesNet": 4000,
        "incomeBeforeTax": -12598000,
        "incomeBeforeTaxRatio": -2099.6666666667,
        "incomeTaxExpense": 0,
        "netIncome": -12598000,
        "netIncomeRatio": -2099.6666666667,
        "eps": -1.64,
        "epsdiluted": -1.64,
        "weightedAverageShsOut": 7664207,
        "weightedAverageShsOutDil": 7664207,
        "link": "",
        "finalLink": ""
    },
    {
        "date": "2020-12-31",
        "symbol": "REE",
        "reportedCurrency": "USD",
        "cik": "0001843588",
        "fillingDate": "2020-12-31",
        "acceptedDate": "2020-12-30 19:00:00",
        "calendarYear": "2020",
        "period": "Q4",
        "revenue": 52000,
        "costOfRevenue": 78000,
        "grossProfit": -26000,
        "grossProfitRatio": -0.5,
        "researchAndDevelopmentExpenses": 4971000,
        "generalAndAdministrativeExpenses": 0,
        "sellingAndMarketingExpenses": 0,
        "sellingGeneralAndAdministrativeExpenses": 5730000,
        "otherExpenses": 0,
        "operatingExpenses": 10701000,
        "costAndExpenses": 10779000,
        "interestIncome": 32000,
        "interestExpense": 8000,
        "depreciationAndAmortization": 51000,
        "ebitda": -10676000,
        "ebitdaratio": -205.3076923077,
        "operatingIncome": -10727000,
        "operatingIncomeRatio": -206.2884615385,
        "totalOtherIncomeExpensesNet": 8000,
        "incomeBeforeTax": -10719000,
        "incomeBeforeTaxRatio": -206.1346153846,
        "incomeTaxExpense": 0,
        "netIncome": -10719000,
        "netIncomeRatio": -206.1346153846,
        "eps": -1.4,
        "epsdiluted": -1.4,
        "weightedAverageShsOut": 7664207,
        "weightedAverageShsOutDil": 7664207,
        "link": "",
        "finalLink": ""
    },
    {
        "date": "2020-09-30",
        "symbol": "REE",
        "reportedCurrency": "USD",
        "cik": "0001843588",
        "fillingDate": "2020-09-30",
        "acceptedDate": "2020-09-29 20:00:00",
        "calendarYear": "2020",
        "period": "Q3",
        "revenue": 119000,
        "costOfRevenue": 224000,
        "grossProfit": -105000,
        "grossProfitRatio": -0.8823529412,
        "researchAndDevelopmentExpenses": 4465000,
        "generalAndAdministrativeExpenses": 0,
        "sellingAndMarketingExpenses": 0,
        "sellingGeneralAndAdministrativeExpenses": 14301000,
        "otherExpenses": 0,
        "operatingExpenses": 18766000,
        "costAndExpenses": 18990000,
        "interestIncome": 84000,
        "interestExpense": 84000,
        "depreciationAndAmortization": 52750,
        "ebitda": -18871000,
        "ebitdaratio": -158.5798319328,
        "operatingIncome": -18871000,
        "operatingIncomeRatio": -158.5798319328,
        "totalOtherIncomeExpensesNet": 84000,
        "incomeBeforeTax": -18787000,
        "incomeBeforeTaxRatio": -157.8739495798,
        "incomeTaxExpense": -52750,
        "netIncome": -18787000,
        "netIncomeRatio": -157.8739495798,
        "eps": -2.45,
        "epsdiluted": -2.45,
        "weightedAverageShsOut": 7664207,
        "weightedAverageShsOutDil": 7664207,
        "link": "",
        "finalLink": ""
    },
    {
        "date": "2020-06-30",
        "symbol": "REE",
        "reportedCurrency": "USD",
        "cik": "0001843588",
        "fillingDate": "2020-06-30",
        "acceptedDate": "2020-06-29 20:00:00",
        "calendarYear": "2020",
        "period": "Q2",
        "revenue": 89000,
        "costOfRevenue": 204000,
        "grossProfit": -115000,
        "grossProfitRatio": -1.2921348315,
        "researchAndDevelopmentExpenses": 18191000,
        "generalAndAdministrativeExpenses": 0,
        "sellingAndMarketingExpenses": 0,
        "sellingGeneralAndAdministrativeExpenses": 15711000,
        "otherExpenses": 0,
        "operatingExpenses": 33902000,
        "costAndExpenses": 34106000,
        "interestIncome": 166000,
        "interestExpense": 166000,
        "depreciationAndAmortization": 41500,
        "ebitda": -34017000,
        "ebitdaratio": -382.2134831461,
        "operatingIncome": -34017000,
        "operatingIncomeRatio": -382.2134831461,
        "totalOtherIncomeExpensesNet": 166000,
        "incomeBeforeTax": -33851000,
        "incomeBeforeTaxRatio": -380.3483146067,
        "incomeTaxExpense": -51116,
        "netIncome": -33851000,
        "netIncomeRatio": -380.3483146067,
        "eps": -4.42,
        "epsdiluted": -4.42,
        "weightedAverageShsOut": 7664207,
        "weightedAverageShsOutDil": 7664207,
        "link": "",
        "finalLink": ""
    },
    {
        "date": "2020-03-31",
        "symbol": "REE",
        "reportedCurrency": "USD",
        "cik": "0001843588",
        "fillingDate": "2020-03-31",
        "acceptedDate": "2020-03-30 20:00:00",
        "calendarYear": "2020",
        "period": "Q1",
        "revenue": 97000,
        "costOfRevenue": 161750,
        "grossProfit": -64750,
        "grossProfitRatio": -0.6675257732,
        "researchAndDevelopmentExpenses": 7397250,
        "generalAndAdministrativeExpenses": 9562500,
        "sellingAndMarketingExpenses": 0,
        "sellingGeneralAndAdministrativeExpenses": 9562500,
        "otherExpenses": -33919500,
        "operatingExpenses": -16959750,
        "costAndExpenses": 17121500,
        "interestIncome": 0,
        "interestExpense": 0,
        "depreciationAndAmortization": 96250,
        "ebitda": -16928250,
        "ebitdaratio": -174.5180412371,
        "operatingIncome": -17024500,
        "operatingIncomeRatio": -175.5103092784,
        "totalOtherIncomeExpensesNet": 96250,
        "incomeBeforeTax": -16928250,
        "incomeBeforeTaxRatio": -174.5180412371,
        "incomeTaxExpense": 48950,
        "netIncome": -16928250,
        "netIncomeRatio": -174.5180412371,
        "eps": -2.21,
        "epsdiluted": -2.21,
        "weightedAverageShsOut": 7664207,
        "weightedAverageShsOutDil": 7664207,
        "link": "",
        "finalLink": ""
    },
    {
        "date": "2019-12-31",
        "symbol": "REE",
        "reportedCurrency": "USD",
        "cik": "0001843588",
        "fillingDate": "2019-12-31",
        "acceptedDate": "2019-12-30 19:00:00",
        "calendarYear": "2019",
        "period": "Q4",
        "revenue": 170250,
        "costOfRevenue": 122500,
        "grossProfit": 47750,
        "grossProfitRatio": 0.2804698972,
        "researchAndDevelopmentExpenses": 1759500,
        "generalAndAdministrativeExpenses": 1794500,
        "sellingAndMarketingExpenses": 0,
        "sellingGeneralAndAdministrativeExpenses": 1794500,
        "otherExpenses": -7108000,
        "operatingExpenses": -3554000,
        "costAndExpenses": 3676500,
        "interestIncome": 0,
        "interestExpense": 0,
        "depreciationAndAmortization": 457500,
        "ebitda": -3048750,
        "ebitdaratio": -17.9074889868,
        "operatingIncome": -3506250,
        "operatingIncomeRatio": -20.5947136564,
        "totalOtherIncomeExpensesNet": 457500,
        "incomeBeforeTax": -3048750,
        "incomeBeforeTaxRatio": -17.9074889868,
        "incomeTaxExpense": 0,
        "netIncome": -3048750,
        "netIncomeRatio": -17.9074889868,
        "eps": -0.4,
        "epsdiluted": -0.4,
        "weightedAverageShsOut": 7664207,
        "weightedAverageShsOutDil": 7664207,
        "link": "",
        "finalLink": ""
    },
    {
        "date": "2019-09-30",
        "symbol": "REE",
        "reportedCurrency": "USD",
        "cik": "0001843588",
        "fillingDate": "2019-09-30",
        "acceptedDate": "2019-09-29 20:00:00",
        "calendarYear": "2019",
        "period": "Q3",
        "revenue": 170250,
        "costOfRevenue": 122500,
        "grossProfit": 47750,
        "grossProfitRatio": 0.2804698972,
        "researchAndDevelopmentExpenses": 1759500,
        "generalAndAdministrativeExpenses": 1794500,
        "sellingAndMarketingExpenses": 0,
        "sellingGeneralAndAdministrativeExpenses": 1794500,
        "otherExpenses": -7108000,
        "operatingExpenses": -3554000,
        "costAndExpenses": 3676500,
        "interestIncome": 0,
        "interestExpense": 0,
        "depreciationAndAmortization": 457500,
        "ebitda": -3048750,
        "ebitdaratio": -17.9074889868,
        "operatingIncome": -3506250,
        "operatingIncomeRatio": -20.5947136564,
        "totalOtherIncomeExpensesNet": 457500,
        "incomeBeforeTax": -3048750,
        "incomeBeforeTaxRatio": -17.9074889868,
        "incomeTaxExpense": 0,
        "netIncome": -3048750,
        "netIncomeRatio": -17.9074889868,
        "eps": -0.4,
        "epsdiluted": -0.4,
        "weightedAverageShsOut": 7664207,
        "weightedAverageShsOutDil": 7664207,
        "link": "",
        "finalLink": ""
    },
    {
        "date": "2019-06-30",
        "symbol": "REE",
        "reportedCurrency": "USD",
        "cik": "0001843588",
        "fillingDate": "2019-06-30",
        "acceptedDate": "2019-06-29 20:00:00",
        "calendarYear": "2019",
        "period": "Q2",
        "revenue": 170250,
        "costOfRevenue": 122500,
        "grossProfit": 47750,
        "grossProfitRatio": 0.2804698972,
        "researchAndDevelopmentExpenses": 1759500,
        "generalAndAdministrativeExpenses": 1794500,
        "sellingAndMarketingExpenses": 0,
        "sellingGeneralAndAdministrativeExpenses": 1794500,
        "otherExpenses": -7108000,
        "operatingExpenses": -3554000,
        "costAndExpenses": 3676500,
        "interestIncome": 0,
        "interestExpense": 0,
        "depreciationAndAmortization": 457500,
        "ebitda": -3048750,
        "ebitdaratio": -17.9074889868,
        "operatingIncome": -3506250,
        "operatingIncomeRatio": -20.5947136564,
        "totalOtherIncomeExpensesNet": 457500,
        "incomeBeforeTax": -3048750,
        "incomeBeforeTaxRatio": -17.9074889868,
        "incomeTaxExpense": 0,
        "netIncome": -3048750,
        "netIncomeRatio": -17.9074889868,
        "eps": -0.4,
        "epsdiluted": -0.4,
        "weightedAverageShsOut": 7664207,
        "weightedAverageShsOutDil": 7664207,
        "link": "",
        "finalLink": ""
    },
    {
        "date": "2019-03-31",
        "symbol": "REE",
        "reportedCurrency": "USD",
        "cik": "0001843588",
        "fillingDate": "2019-03-31",
        "acceptedDate": "2019-03-30 20:00:00",
        "calendarYear": "2019",
        "period": "Q1",
        "revenue": 170250,
        "costOfRevenue": 122500,
        "grossProfit": 47750,
        "grossProfitRatio": 0.2804698972,
        "researchAndDevelopmentExpenses": 1759500,
        "generalAndAdministrativeExpenses": 1794500,
        "sellingAndMarketingExpenses": 0,
        "sellingGeneralAndAdministrativeExpenses": 1794500,
        "otherExpenses": -7108000,
        "operatingExpenses": -3554000,
        "costAndExpenses": 3676500,
        "interestIncome": 0,
        "interestExpense": 0,
        "depreciationAndAmortization": 457500,
        "ebitda": -3048750,
        "ebitdaratio": -17.9074889868,
        "operatingIncome": -3506250,
        "operatingIncomeRatio": -20.5947136564,
        "totalOtherIncomeExpensesNet": 457500,
        "incomeBeforeTax": -3048750,
        "incomeBeforeTaxRatio": -17.9074889868,
        "incomeTaxExpense": 0,
        "netIncome": -3048750,
        "netIncomeRatio": -17.9074889868,
        "eps": -0.4,
        "epsdiluted": -0.4,
        "weightedAverageShsOut": 7664207,
        "weightedAverageShsOutDil": 7664207,
        "link": "",
        "finalLink": ""
    }
]