[
    {
        "date": "2018-09-30",
        "symbol": "REN",
        "reportedCurrency": "USD",
        "cik": "0001469510",
        "fillingDate": "2018-11-05",
        "acceptedDate": "2018-11-05 16:20:38",
        "calendarYear": "2018",
        "period": "Q3",
        "revenue": 106747000,
        "costOfRevenue": 0,
        "grossProfit": 106747000,
        "grossProfitRatio": 1,
        "researchAndDevelopmentExpenses": 0,
        "generalAndAdministrativeExpenses": 10199000,
        "sellingAndMarketingExpenses": 70713000,
        "sellingGeneralAndAdministrativeExpenses": 80912000,
        "otherExpenses": 0,
        "operatingExpenses": 80912000,
        "costAndExpenses": 80912000,
        "interestIncome": 0,
        "interestExpense": 0,
        "depreciationAndAmortization": 33675000,
        "ebitda": 19373000,
        "ebitdaratio": 0.181485194,
        "operatingIncome": 25835000,
        "operatingIncomeRatio": 0.242020853,
        "totalOtherIncomeExpensesNet": -40137000,
        "incomeBeforeTax": -14302000,
        "incomeBeforeTaxRatio": -0.1339803461,
        "incomeTaxExpense": 0,
        "netIncome": -14302000,
        "netIncomeRatio": -0.1339803461,
        "eps": -3.62,
        "epsdiluted": -0.64,
        "weightedAverageShsOut": 3955000,
        "weightedAverageShsOutDil": 22242000,
        "link": "https://www.sec.gov/Archives/edgar/data/1469510/000156459018026852/0001564590-18-026852-index.html",
        "finalLink": "https://www.sec.gov/Archives/edgar/data/1469510/000156459018026852/ren-10q_20180930.htm"
    },
    {
        "date": "2018-06-30",
        "symbol": "REN",
        "reportedCurrency": "USD",
        "cik": "0001469510",
        "fillingDate": "2018-08-06",
        "acceptedDate": "2018-08-06 16:45:11",
        "calendarYear": "2018",
        "period": "Q2",
        "revenue": 155666000,
        "costOfRevenue": 0,
        "grossProfit": 155666000,
        "grossProfitRatio": 1,
        "researchAndDevelopmentExpenses": 0,
        "generalAndAdministrativeExpenses": 15875000,
        "sellingAndMarketingExpenses": 44334000,
        "sellingGeneralAndAdministrativeExpenses": 60209000,
        "otherExpenses": 0,
        "operatingExpenses": 60209000,
        "costAndExpenses": 60209000,
        "interestIncome": 0,
        "interestExpense": 0,
        "depreciationAndAmortization": 24107000,
        "ebitda": 20375000,
        "ebitdaratio": 0.1308892115,
        "operatingIncome": 13171000,
        "operatingIncomeRatio": 0.0846106407,
        "totalOtherIncomeExpensesNet": -16903000,
        "incomeBeforeTax": -3732000,
        "incomeBeforeTaxRatio": -0.0239744067,
        "incomeTaxExpense": 0,
        "netIncome": -3732000,
        "netIncomeRatio": -0.0239744067,
        "eps": -0.94,
        "epsdiluted": -0.17,
        "weightedAverageShsOut": 3955000,
        "weightedAverageShsOutDil": 22194000,
        "link": "https://www.sec.gov/Archives/edgar/data/1469510/000156459018019470/0001564590-18-019470-index.html",
        "finalLink": "https://www.sec.gov/Archives/edgar/data/1469510/000156459018019470/ren-10q_20180630.htm"
    },
    {
        "date": "2018-03-31",
        "symbol": "REN",
        "reportedCurrency": "USD",
        "cik": "0001469510",
        "fillingDate": "2018-05-07",
        "acceptedDate": "2018-05-07 16:27:06",
        "calendarYear": "2018",
        "period": "Q1",
        "revenue": 74718000,
        "costOfRevenue": 67150000,
        "grossProfit": 7568000,
        "grossProfitRatio": 0.1012875077,
        "researchAndDevelopmentExpenses": 0,
        "generalAndAdministrativeExpenses": 21067000,
        "sellingAndMarketingExpenses": 52083000,
        "sellingGeneralAndAdministrativeExpenses": 73150000,
        "otherExpenses": 0,
        "operatingExpenses": 73150000,
        "costAndExpenses": 73150000,
        "interestIncome": 0,
        "interestExpense": 0,
        "depreciationAndAmortization": 24074000,
        "ebitda": 11217000,
        "ebitdaratio": 0.150124468,
        "operatingIncome": 1568000,
        "operatingIncomeRatio": 0.0209855724,
        "totalOtherIncomeExpensesNet": -14425000,
        "incomeBeforeTax": -12857000,
        "incomeBeforeTaxRatio": -0.1720736636,
        "incomeTaxExpense": 0,
        "netIncome": -12857000,
        "netIncomeRatio": -0.1720736636,
        "eps": -3.3,
        "epsdiluted": -0.58,
        "weightedAverageShsOut": 3894000,
        "weightedAverageShsOutDil": 22038000,
        "link": "https://www.sec.gov/Archives/edgar/data/1469510/000156459018011263/0001564590-18-011263-index.html",
        "finalLink": "https://www.sec.gov/Archives/edgar/data/1469510/000156459018011263/ren-10q_20180331.htm"
    },
    {
        "date": "2017-12-31",
        "symbol": "REN",
        "reportedCurrency": "USD",
        "cik": "0001469510",
        "fillingDate": "2018-03-12",
        "acceptedDate": "2018-03-12 17:22:34",
        "calendarYear": "2017",
        "period": "Q4",
        "revenue": 85674000,
        "costOfRevenue": 77228000,
        "grossProfit": 8446000,
        "grossProfitRatio": 0.0985830007,
        "researchAndDevelopmentExpenses": 0,
        "generalAndAdministrativeExpenses": 19104000,
        "sellingAndMarketingExpenses": 52983000,
        "sellingGeneralAndAdministrativeExpenses": 72087000,
        "otherExpenses": 0,
        "operatingExpenses": 72087000,
        "costAndExpenses": 72087000,
        "interestIncome": 0,
        "interestExpense": 0,
        "depreciationAndAmortization": 28735000,
        "ebitda": 27696000,
        "ebitdaratio": 0.3232719378,
        "operatingIncome": 13587000,
        "operatingIncomeRatio": 0.1585895371,
        "totalOtherIncomeExpensesNet": -15184000,
        "incomeBeforeTax": -1597000,
        "incomeBeforeTaxRatio": -0.0186404277,
        "incomeTaxExpense": 293000,
        "netIncome": -1332000,
        "netIncomeRatio": -0.0155473072,
        "eps": -0.36,
        "epsdiluted": -0.0609,
        "weightedAverageShsOut": 3731000,
        "weightedAverageShsOutDil": 21889000,
        "link": "https://www.sec.gov/Archives/edgar/data/1469510/000156459018005317/0001564590-18-005317-index.html",
        "finalLink": "https://www.sec.gov/Archives/edgar/data/1469510/000156459018005317/ren-10k_20171231.htm"
    },
    {
        "date": "2017-09-30",
        "symbol": "REN",
        "reportedCurrency": "USD",
        "cik": "0001469510",
        "fillingDate": "2017-11-06",
        "acceptedDate": "2017-11-06 17:12:07",
        "calendarYear": "2017",
        "period": "Q3",
        "revenue": 81552000,
        "costOfRevenue": 73025000,
        "grossProfit": 8527000,
        "grossProfitRatio": 0.1045590543,
        "researchAndDevelopmentExpenses": 0,
        "generalAndAdministrativeExpenses": 9546000,
        "sellingAndMarketingExpenses": 64377000,
        "sellingGeneralAndAdministrativeExpenses": 73923000,
        "otherExpenses": 0,
        "operatingExpenses": 73923000,
        "costAndExpenses": 73923000,
        "interestIncome": 0,
        "interestExpense": 0,
        "depreciationAndAmortization": 26059000,
        "ebitda": 11429000,
        "ebitdaratio": 0.140143712,
        "operatingIncome": 7629000,
        "operatingIncomeRatio": 0.0935476751,
        "totalOtherIncomeExpensesNet": -22259000,
        "incomeBeforeTax": -14630000,
        "incomeBeforeTaxRatio": -0.179394742,
        "incomeTaxExpense": -28000,
        "netIncome": -14602000,
        "netIncomeRatio": -0.1790514028,
        "eps": -3.92,
        "epsdiluted": -0.67,
        "weightedAverageShsOut": 3724000,
        "weightedAverageShsOutDil": 21866000,
        "link": "https://www.sec.gov/Archives/edgar/data/1469510/000156459017021863/0001564590-17-021863-index.html",
        "finalLink": "https://www.sec.gov/Archives/edgar/data/1469510/000156459017021863/ren-10q_20170930.htm"
    },
    {
        "date": "2017-06-30",
        "symbol": "REN",
        "reportedCurrency": "USD",
        "cik": "0001469510",
        "fillingDate": "2017-08-07",
        "acceptedDate": "2017-08-07 16:40:34",
        "calendarYear": "2017",
        "period": "Q2",
        "revenue": 71026000,
        "costOfRevenue": 62247000,
        "grossProfit": 8779000,
        "grossProfitRatio": 0.1236026244,
        "researchAndDevelopmentExpenses": 0,
        "generalAndAdministrativeExpenses": 9472000,
        "sellingAndMarketingExpenses": 47141000,
        "sellingGeneralAndAdministrativeExpenses": 56613000,
        "otherExpenses": 0,
        "operatingExpenses": 56613000,
        "costAndExpenses": 56613000,
        "interestIncome": 0,
        "interestExpense": 0,
        "depreciationAndAmortization": 22853000,
        "ebitda": 36081000,
        "ebitdaratio": 0.5079970715,
        "operatingIncome": 14413000,
        "operatingIncomeRatio": 0.2029256892,
        "totalOtherIncomeExpensesNet": -1185000,
        "incomeBeforeTax": 13228000,
        "incomeBeforeTaxRatio": 0.186241658,
        "incomeTaxExpense": 0,
        "netIncome": 13228000,
        "netIncomeRatio": 0.186241658,
        "eps": 3.55,
        "epsdiluted": 0.6,
        "weightedAverageShsOut": 3724000,
        "weightedAverageShsOutDil": 21866000,
        "link": "https://www.sec.gov/Archives/edgar/data/1469510/000156459017016035/0001564590-17-016035-index.html",
        "finalLink": "https://www.sec.gov/Archives/edgar/data/1469510/000156459017016035/ren-10q_20170630.htm"
    },
    {
        "date": "2017-03-31",
        "symbol": "REN",
        "reportedCurrency": "USD",
        "cik": "0001469510",
        "fillingDate": "2017-05-03",
        "acceptedDate": "2017-05-03 16:39:02",
        "calendarYear": "2017",
        "period": "Q1",
        "revenue": 65226000,
        "costOfRevenue": 47529000,
        "grossProfit": 17697000,
        "grossProfitRatio": 0.271318186,
        "researchAndDevelopmentExpenses": 0,
        "generalAndAdministrativeExpenses": 10415000,
        "sellingAndMarketingExpenses": 46421000,
        "sellingGeneralAndAdministrativeExpenses": 56836000,
        "otherExpenses": 0,
        "operatingExpenses": 56836000,
        "costAndExpenses": 56836000,
        "interestIncome": 0,
        "interestExpense": 0,
        "depreciationAndAmortization": 23778000,
        "ebitda": 25251000,
        "ebitdaratio": 0.3871308987,
        "operatingIncome": 8390000,
        "operatingIncomeRatio": 0.1286296875,
        "totalOtherIncomeExpensesNet": -6917000,
        "incomeBeforeTax": 1473000,
        "incomeBeforeTaxRatio": 0.022583019,
        "incomeTaxExpense": 0,
        "netIncome": 1473000,
        "netIncomeRatio": 0.022583019,
        "eps": 0.4,
        "epsdiluted": 0.0674,
        "weightedAverageShsOut": 3724000,
        "weightedAverageShsOutDil": 21866000,
        "link": "https://www.sec.gov/Archives/edgar/data/1469510/000156459017008404/0001564590-17-008404-index.html",
        "finalLink": "https://www.sec.gov/Archives/edgar/data/1469510/000156459017008404/ren-10q_20170331.htm"
    },
    {
        "date": "2016-12-31",
        "symbol": "REN",
        "reportedCurrency": "USD",
        "cik": "0001469510",
        "fillingDate": "2017-03-13",
        "acceptedDate": "2017-03-13 16:33:57",
        "calendarYear": "2016",
        "period": "Q4",
        "revenue": 62668000,
        "costOfRevenue": 51314000,
        "grossProfit": 11354000,
        "grossProfitRatio": 0.1811769962,
        "researchAndDevelopmentExpenses": 0,
        "generalAndAdministrativeExpenses": 8968000,
        "sellingAndMarketingExpenses": 55075000,
        "sellingGeneralAndAdministrativeExpenses": 64043000,
        "otherExpenses": 0,
        "operatingExpenses": 64043000,
        "costAndExpenses": 64043000,
        "interestIncome": 0,
        "interestExpense": 0,
        "depreciationAndAmortization": 18080000,
        "ebitda": -2477000,
        "ebitdaratio": -0.0395257548,
        "operatingIncome": -1375000,
        "operatingIncomeRatio": -0.0219410225,
        "totalOtherIncomeExpensesNet": -19182000,
        "incomeBeforeTax": -20557000,
        "incomeBeforeTaxRatio": -0.3280302547,
        "incomeTaxExpense": 91000,
        "netIncome": -20648000,
        "netIncomeRatio": -0.3294823514,
        "eps": -5.54,
        "epsdiluted": -0.94,
        "weightedAverageShsOut": 21866000,
        "weightedAverageShsOutDil": 21866000,
        "link": "https://www.sec.gov/Archives/edgar/data/1469510/000156459017004131/0001564590-17-004131-index.html",
        "finalLink": "https://www.sec.gov/Archives/edgar/data/1469510/000156459017004131/ren-10k_20161231.htm"
    },
    {
        "date": "2016-09-30",
        "symbol": "REN",
        "reportedCurrency": "USD",
        "cik": "0001469510",
        "fillingDate": "2016-11-07",
        "acceptedDate": "2016-11-07 16:28:45",
        "calendarYear": "2016",
        "period": "Q3",
        "revenue": 47418000,
        "costOfRevenue": 34146000,
        "grossProfit": 13272000,
        "grossProfitRatio": 0.2798937112,
        "researchAndDevelopmentExpenses": 0,
        "generalAndAdministrativeExpenses": 7161000,
        "sellingAndMarketingExpenses": 49927000,
        "sellingGeneralAndAdministrativeExpenses": 57088000,
        "otherExpenses": 0,
        "operatingExpenses": 57088000,
        "costAndExpenses": 57088000,
        "interestIncome": 0,
        "interestExpense": 0,
        "depreciationAndAmortization": 13786000,
        "ebitda": -5070000,
        "ebitdaratio": -0.1069214222,
        "operatingIncome": -9670000,
        "operatingIncomeRatio": -0.2039309967,
        "totalOtherIncomeExpensesNet": -9186000,
        "incomeBeforeTax": -18856000,
        "incomeBeforeTaxRatio": -0.397654899,
        "incomeTaxExpense": 0,
        "netIncome": -18856000,
        "netIncomeRatio": -0.397654899,
        "eps": -5.06,
        "epsdiluted": -0.86,
        "weightedAverageShsOut": 21866000,
        "weightedAverageShsOutDil": 21866000,
        "link": "https://www.sec.gov/Archives/edgar/data/1469510/000156459016027964/0001564590-16-027964-index.html",
        "finalLink": "https://www.sec.gov/Archives/edgar/data/1469510/000156459016027964/ren-10q_20160930.htm"
    },
    {
        "date": "2016-06-30",
        "symbol": "REN",
        "reportedCurrency": "USD",
        "cik": "0001469510",
        "fillingDate": "2016-08-08",
        "acceptedDate": "2016-08-08 16:16:44",
        "calendarYear": "2016",
        "period": "Q2",
        "revenue": 35390000,
        "costOfRevenue": 22407000,
        "grossProfit": 12983000,
        "grossProfitRatio": 0.3668550438,
        "researchAndDevelopmentExpenses": 0,
        "generalAndAdministrativeExpenses": 7530000,
        "sellingAndMarketingExpenses": 32237000,
        "sellingGeneralAndAdministrativeExpenses": 39767000,
        "otherExpenses": 0,
        "operatingExpenses": 39767000,
        "costAndExpenses": 39767000,
        "interestIncome": 0,
        "interestExpense": 0,
        "depreciationAndAmortization": 12172000,
        "ebitda": -24734000,
        "ebitdaratio": -0.6988979938,
        "operatingIncome": -4377000,
        "operatingIncomeRatio": -0.1236790054,
        "totalOtherIncomeExpensesNet": -32529000,
        "incomeBeforeTax": -36906000,
        "incomeBeforeTaxRatio": -1.0428369596,
        "incomeTaxExpense": 0,
        "netIncome": -36906000,
        "netIncomeRatio": -1.0428369596,
        "eps": -0.82,
        "epsdiluted": -1.69,
        "weightedAverageShsOut": 45063000,
        "weightedAverageShsOutDil": 21866000,
        "link": "https://www.sec.gov/Archives/edgar/data/1469510/000156459016023286/0001564590-16-023286-index.htm",
        "finalLink": "https://www.sec.gov/Archives/edgar/data/1469510/000156459016023286/ren-10q_20160630.htm"
    },
    {
        "date": "2016-03-31",
        "symbol": "REN",
        "reportedCurrency": "USD",
        "cik": "0001469510",
        "fillingDate": "2016-05-09",
        "acceptedDate": "2016-05-09 18:18:07",
        "calendarYear": "2016",
        "period": "Q1",
        "revenue": 19002000,
        "costOfRevenue": 5927000,
        "grossProfit": 13075000,
        "grossProfitRatio": 0.6880854647,
        "researchAndDevelopmentExpenses": 0,
        "generalAndAdministrativeExpenses": 8968000,
        "sellingAndMarketingExpenses": 86118000,
        "sellingGeneralAndAdministrativeExpenses": 95086000,
        "otherExpenses": 0,
        "operatingExpenses": 95086000,
        "costAndExpenses": 95086000,
        "interestIncome": 0,
        "interestExpense": 0,
        "depreciationAndAmortization": 11664000,
        "ebitda": -73648000,
        "ebitdaratio": -3.8758025471,
        "operatingIncome": -76084000,
        "operatingIncomeRatio": -4.003999579,
        "totalOtherIncomeExpensesNet": -9228000,
        "incomeBeforeTax": -85312000,
        "incomeBeforeTaxRatio": -4.4896326702,
        "incomeTaxExpense": 0,
        "netIncome": -85312000,
        "netIncomeRatio": -4.4896326702,
        "eps": -1.89,
        "epsdiluted": -3.9,
        "weightedAverageShsOut": 45063000,
        "weightedAverageShsOutDil": 21866000,
        "link": "https://www.sec.gov/Archives/edgar/data/1469510/000156459016018682/0001564590-16-018682-index.html",
        "finalLink": "https://www.sec.gov/Archives/edgar/data/1469510/000156459016018682/ren-10q_20160331.htm"
    },
    {
        "date": "2015-12-31",
        "symbol": "REN",
        "reportedCurrency": "USD",
        "cik": "0001469510",
        "fillingDate": "2016-03-07",
        "acceptedDate": "2016-03-07 16:15:23",
        "calendarYear": "2015",
        "period": "Q4",
        "revenue": 28498000,
        "costOfRevenue": 7458000,
        "grossProfit": 21040000,
        "grossProfitRatio": 0.7382974244,
        "researchAndDevelopmentExpenses": 0,
        "generalAndAdministrativeExpenses": 9277000,
        "sellingAndMarketingExpenses": 112827000,
        "sellingGeneralAndAdministrativeExpenses": 122104000,
        "otherExpenses": 0,
        "operatingExpenses": 122104000,
        "costAndExpenses": 122104000,
        "interestIncome": 0,
        "interestExpense": 0,
        "depreciationAndAmortization": 20687000,
        "ebitda": -93848000,
        "ebitdaratio": -3.2931433785,
        "operatingIncome": -93606000,
        "operatingIncomeRatio": -3.2846515545,
        "totalOtherIncomeExpensesNet": 1425000,
        "incomeBeforeTax": -92181000,
        "incomeBeforeTaxRatio": -3.2346480455,
        "incomeTaxExpense": 0,
        "netIncome": -92181000,
        "netIncomeRatio": -3.2346480455,
        "eps": -2.05,
        "epsdiluted": -4.22,
        "weightedAverageShsOut": 45063000,
        "weightedAverageShsOutDil": 21866000,
        "link": "https://www.sec.gov/Archives/edgar/data/1469510/000156459016014121/0001564590-16-014121-index.html",
        "finalLink": "https://www.sec.gov/Archives/edgar/data/1469510/000156459016014121/ren-10k_20151231.htm"
    },
    {
        "date": "2015-09-30",
        "symbol": "REN",
        "reportedCurrency": "USD",
        "cik": "0001469510",
        "fillingDate": "2015-11-09",
        "acceptedDate": "2015-11-09 16:18:59",
        "calendarYear": "2015",
        "period": "Q3",
        "revenue": 36617000,
        "costOfRevenue": 20310000,
        "grossProfit": 16307000,
        "grossProfitRatio": 0.4453395964,
        "researchAndDevelopmentExpenses": 0,
        "generalAndAdministrativeExpenses": 7329000,
        "sellingAndMarketingExpenses": 246155000,
        "sellingGeneralAndAdministrativeExpenses": 253484000,
        "otherExpenses": 0,
        "operatingExpenses": 253484000,
        "costAndExpenses": 253484000,
        "interestIncome": 0,
        "interestExpense": 0,
        "depreciationAndAmortization": 23601000,
        "ebitda": -136814000,
        "ebitdaratio": -3.7363519677,
        "operatingIncome": -216867000,
        "operatingIncomeRatio": -5.9225769451,
        "totalOtherIncomeExpensesNet": 34098000,
        "incomeBeforeTax": -182769000,
        "incomeBeforeTaxRatio": -4.9913701286,
        "incomeTaxExpense": 0,
        "netIncome": -182769000,
        "netIncomeRatio": -4.9913701286,
        "eps": -2.56,
        "epsdiluted": -2.56,
        "weightedAverageShsOut": 71436000,
        "weightedAverageShsOutDil": 71436000,
        "link": "https://www.sec.gov/Archives/edgar/data/1469510/000156459015010156/0001564590-15-010156-index.html",
        "finalLink": "https://www.sec.gov/Archives/edgar/data/1469510/000156459015010156/ren-10q_20150930.htm"
    },
    {
        "date": "2015-06-30",
        "symbol": "REN",
        "reportedCurrency": "USD",
        "cik": "0001469510",
        "fillingDate": "2015-08-10",
        "acceptedDate": "2015-08-10 16:07:45",
        "calendarYear": "2015",
        "period": "Q2",
        "revenue": 48396000,
        "costOfRevenue": 21379000,
        "grossProfit": 27017000,
        "grossProfitRatio": 0.5582486156,
        "researchAndDevelopmentExpenses": 0,
        "generalAndAdministrativeExpenses": 7530000,
        "sellingAndMarketingExpenses": 262761000,
        "sellingGeneralAndAdministrativeExpenses": 270291000,
        "otherExpenses": 0,
        "operatingExpenses": 270291000,
        "costAndExpenses": 270291000,
        "interestIncome": 0,
        "interestExpense": 0,
        "depreciationAndAmortization": 28219000,
        "ebitda": -230888000,
        "ebitdaratio": -4.7708075048,
        "operatingIncome": -221895000,
        "operatingIncomeRatio": -4.5849863625,
        "totalOtherIncomeExpensesNet": -37212000,
        "incomeBeforeTax": -259107000,
        "incomeBeforeTaxRatio": -5.3538928837,
        "incomeTaxExpense": 0,
        "netIncome": -259107000,
        "netIncomeRatio": -5.3538928837,
        "eps": -3.47,
        "epsdiluted": -3.47,
        "weightedAverageShsOut": 74612000,
        "weightedAverageShsOutDil": 74612000,
        "link": "https://www.sec.gov/Archives/edgar/data/1469510/000156459015006829/0001564590-15-006829-index.html",
        "finalLink": "https://www.sec.gov/Archives/edgar/data/1469510/000156459015006829/ren-10q_20150630.htm"
    },
    {
        "date": "2015-03-31",
        "symbol": "REN",
        "reportedCurrency": "USD",
        "cik": "0001469510",
        "fillingDate": "2015-05-11",
        "acceptedDate": "2015-05-11 16:37:52",
        "calendarYear": "2015",
        "period": "Q1",
        "revenue": 6000,
        "costOfRevenue": 0,
        "grossProfit": 6000,
        "grossProfitRatio": 1,
        "researchAndDevelopmentExpenses": 0,
        "generalAndAdministrativeExpenses": 7311000,
        "sellingAndMarketingExpenses": 278158000,
        "sellingGeneralAndAdministrativeExpenses": 285469000,
        "otherExpenses": 0,
        "operatingExpenses": 285469000,
        "costAndExpenses": 285469000,
        "interestIncome": 0,
        "interestExpense": 0,
        "depreciationAndAmortization": 33409000,
        "ebitda": -197167000,
        "ebitdaratio": -32861.1666666667,
        "operatingIncome": -244336000,
        "operatingIncomeRatio": -40722.6666666667,
        "totalOtherIncomeExpensesNet": 13760000,
        "incomeBeforeTax": -230576000,
        "incomeBeforeTaxRatio": -38429.3333333333,
        "incomeTaxExpense": -22354000,
        "netIncome": -208222000,
        "netIncomeRatio": -34703.6666666667,
        "eps": -2.79,
        "epsdiluted": -2.79,
        "weightedAverageShsOut": 74612000,
        "weightedAverageShsOutDil": 74612000,
        "link": "https://www.sec.gov/Archives/edgar/data/1469510/000156459015003925/0001564590-15-003925-index.html",
        "finalLink": "https://www.sec.gov/Archives/edgar/data/1469510/000156459015003925/ren-10q_20150331.htm"
    },
    {
        "date": "2014-12-31",
        "symbol": "REN",
        "reportedCurrency": "USD",
        "cik": "0001469510",
        "fillingDate": "2015-03-05",
        "acceptedDate": "2015-03-05 06:04:33",
        "calendarYear": "2014",
        "period": "Q4",
        "revenue": 17000,
        "costOfRevenue": 0,
        "grossProfit": 17000,
        "grossProfitRatio": 1,
        "researchAndDevelopmentExpenses": 0,
        "generalAndAdministrativeExpenses": 11029000,
        "sellingAndMarketingExpenses": 188302000,
        "sellingGeneralAndAdministrativeExpenses": 199331000,
        "otherExpenses": 0,
        "operatingExpenses": 199331000,
        "costAndExpenses": 199331000,
        "interestIncome": 0,
        "interestExpense": 0,
        "depreciationAndAmortization": 36211000,
        "ebitda": 22783000,
        "ebitdaratio": 1340.1764705882,
        "operatingIncome": -133399000,
        "operatingIncomeRatio": -7847,
        "totalOtherIncomeExpensesNet": 112531000,
        "incomeBeforeTax": -20868000,
        "incomeBeforeTaxRatio": -1227.5294117647,
        "incomeTaxExpense": 3720000,
        "netIncome": -17148000,
        "netIncomeRatio": -1008.7058823529,
        "eps": -0.23,
        "epsdiluted": -0.23,
        "weightedAverageShsOut": 74612000,
        "weightedAverageShsOutDil": 74612000,
        "link": "https://www.sec.gov/Archives/edgar/data/1469510/000156459015001302/0001564590-15-001302-index.htm",
        "finalLink": "https://www.sec.gov/Archives/edgar/data/1469510/000156459015001302/ren-10k_20141231.htm"
    },
    {
        "date": "2014-09-30",
        "symbol": "REN",
        "reportedCurrency": "USD",
        "cik": "0001469510",
        "fillingDate": "2014-11-10",
        "acceptedDate": "2014-11-10 08:01:11",
        "calendarYear": "2014",
        "period": "Q3",
        "revenue": 84102000,
        "costOfRevenue": 0,
        "grossProfit": 179322000,
        "grossProfitRatio": 2.1321966184,
        "researchAndDevelopmentExpenses": 0,
        "generalAndAdministrativeExpenses": 9823000,
        "sellingAndMarketingExpenses": 71561000,
        "sellingGeneralAndAdministrativeExpenses": 81384000,
        "otherExpenses": 0,
        "operatingExpenses": 81384000,
        "costAndExpenses": 81384000,
        "interestIncome": 0,
        "interestExpense": 0,
        "depreciationAndAmortization": 33559000,
        "ebitda": 55892000,
        "ebitdaratio": 0.6645739697,
        "operatingIncome": 2718000,
        "operatingIncomeRatio": 0.0323178997,
        "totalOtherIncomeExpensesNet": 19615000,
        "incomeBeforeTax": 22333000,
        "incomeBeforeTaxRatio": 0.2655465982,
        "incomeTaxExpense": 7367000,
        "netIncome": 14966000,
        "netIncomeRatio": 0.1779505838,
        "eps": 0.2,
        "epsdiluted": 0.2,
        "weightedAverageShsOut": 74612000,
        "weightedAverageShsOutDil": 74612000,
        "link": "https://www.sec.gov/Archives/edgar/data/1469510/000156459014005337/0001564590-14-005337-index.html",
        "finalLink": "https://www.sec.gov/Archives/edgar/data/1469510/000156459014005337/ren-10q_20140930.htm"
    },
    {
        "date": "2014-06-30",
        "symbol": "REN",
        "reportedCurrency": "USD",
        "cik": "0001469510",
        "fillingDate": "2014-08-11",
        "acceptedDate": "2014-08-11 16:32:16",
        "calendarYear": "2014",
        "period": "Q2",
        "revenue": 88459000,
        "costOfRevenue": 0,
        "grossProfit": 88459000,
        "grossProfitRatio": 1,
        "researchAndDevelopmentExpenses": 0,
        "generalAndAdministrativeExpenses": 10497000,
        "sellingAndMarketingExpenses": 71030000,
        "sellingGeneralAndAdministrativeExpenses": 81527000,
        "otherExpenses": 0,
        "operatingExpenses": 81527000,
        "costAndExpenses": 81527000,
        "interestIncome": 0,
        "interestExpense": 0,
        "depreciationAndAmortization": 32214000,
        "ebitda": 23881000,
        "ebitdaratio": 0.2699668773,
        "operatingIncome": 6932000,
        "operatingIncomeRatio": 0.0783639878,
        "totalOtherIncomeExpensesNet": -29733000,
        "incomeBeforeTax": -22801000,
        "incomeBeforeTaxRatio": -0.2577578313,
        "incomeTaxExpense": 7787000,
        "netIncome": -16120000,
        "netIncomeRatio": -0.1822313162,
        "eps": -0.22,
        "epsdiluted": -0.22,
        "weightedAverageShsOut": 73692000,
        "weightedAverageShsOutDil": 73692000,
        "link": "https://www.sec.gov/Archives/edgar/data/1469510/000119312514304964/0001193125-14-304964-index.html",
        "finalLink": "https://www.sec.gov/Archives/edgar/data/1469510/000119312514304964/d764168d10q.htm"
    },
    {
        "date": "2014-03-31",
        "symbol": "REN",
        "reportedCurrency": "USD",
        "cik": "0001469510",
        "fillingDate": "2014-05-12",
        "acceptedDate": "2014-05-12 16:06:58",
        "calendarYear": "2014",
        "period": "Q1",
        "revenue": 90878000,
        "costOfRevenue": 0,
        "grossProfit": 90878000,
        "grossProfitRatio": 1,
        "researchAndDevelopmentExpenses": 0,
        "generalAndAdministrativeExpenses": 8643000,
        "sellingAndMarketingExpenses": 71160000,
        "sellingGeneralAndAdministrativeExpenses": 79803000,
        "otherExpenses": 0,
        "operatingExpenses": 79803000,
        "costAndExpenses": 79803000,
        "interestIncome": 0,
        "interestExpense": 0,
        "depreciationAndAmortization": 32507000,
        "ebitda": 27853000,
        "ebitdaratio": 0.3064878188,
        "operatingIncome": 11075000,
        "operatingIncomeRatio": 0.1218666784,
        "totalOtherIncomeExpensesNet": -15729000,
        "incomeBeforeTax": -4654000,
        "incomeBeforeTaxRatio": -0.0512115143,
        "incomeTaxExpense": -1106000,
        "netIncome": -3548000,
        "netIncomeRatio": -0.0390413521,
        "eps": -0.0482,
        "epsdiluted": -0.0482,
        "weightedAverageShsOut": 73540000,
        "weightedAverageShsOutDil": 73540000,
        "link": "https://www.sec.gov/Archives/edgar/data/1469510/000119312514194794/0001193125-14-194794-index.html",
        "finalLink": "https://www.sec.gov/Archives/edgar/data/1469510/000119312514194794/d704319d10q.htm"
    },
    {
        "date": "2013-12-31",
        "symbol": "REN",
        "reportedCurrency": "USD",
        "cik": "0001469510",
        "fillingDate": "2014-03-10",
        "acceptedDate": "2014-03-10 08:31:22",
        "calendarYear": "2013",
        "period": "Q4",
        "revenue": 92681000,
        "costOfRevenue": 0,
        "grossProfit": 92681000,
        "grossProfitRatio": 1,
        "researchAndDevelopmentExpenses": 0,
        "generalAndAdministrativeExpenses": 9067000,
        "sellingAndMarketingExpenses": 261251000,
        "sellingGeneralAndAdministrativeExpenses": 270318000,
        "otherExpenses": 0,
        "operatingExpenses": 270318000,
        "costAndExpenses": 270318000,
        "interestIncome": 0,
        "interestExpense": 0,
        "depreciationAndAmortization": 36596000,
        "ebitda": -13873000,
        "ebitdaratio": -0.1496854803,
        "operatingIncome": -177637000,
        "operatingIncomeRatio": -1.916649583,
        "totalOtherIncomeExpensesNet": -6106000,
        "incomeBeforeTax": -183743000,
        "incomeBeforeTaxRatio": -1.9825314789,
        "incomeTaxExpense": 66637000,
        "netIncome": -117106000,
        "netIncomeRatio": -1.2635383736,
        "eps": -1.72,
        "epsdiluted": -1.72,
        "weightedAverageShsOut": 68260000,
        "weightedAverageShsOutDil": 68260000,
        "link": "https://www.sec.gov/Archives/edgar/data/1469510/000119312514090249/0001193125-14-090249-index.htm",
        "finalLink": "https://www.sec.gov/Archives/edgar/data/1469510/000119312514090249/d658897d10k.htm"
    },
    {
        "date": "2013-09-30",
        "symbol": "REN",
        "reportedCurrency": "USD",
        "cik": "0001469510",
        "fillingDate": "2013-11-05",
        "acceptedDate": "2013-11-05 06:13:21",
        "calendarYear": "2013",
        "period": "Q3",
        "revenue": 89085000,
        "costOfRevenue": 0,
        "grossProfit": 89085000,
        "grossProfitRatio": 1,
        "researchAndDevelopmentExpenses": 0,
        "generalAndAdministrativeExpenses": 8861000,
        "sellingAndMarketingExpenses": 61194000,
        "sellingGeneralAndAdministrativeExpenses": 70055000,
        "otherExpenses": 0,
        "operatingExpenses": 70055000,
        "costAndExpenses": 70055000,
        "interestIncome": 0,
        "interestExpense": -15262000,
        "depreciationAndAmortization": 27306000,
        "ebitda": 10988000,
        "ebitdaratio": 0.1233428748,
        "operatingIncome": 19030000,
        "operatingIncomeRatio": 0.2136162092,
        "totalOtherIncomeExpensesNet": -23322000,
        "incomeBeforeTax": -4292000,
        "incomeBeforeTaxRatio": -0.0481787057,
        "incomeTaxExpense": 1618000,
        "netIncome": -2674000,
        "netIncomeRatio": -0.0300162766,
        "eps": -0.0401,
        "epsdiluted": -0.0401,
        "weightedAverageShsOut": 66617000,
        "weightedAverageShsOutDil": 66673000,
        "link": "https://www.sec.gov/Archives/edgar/data/1469510/000119312513426311/0001193125-13-426311-index.html",
        "finalLink": "https://www.sec.gov/Archives/edgar/data/1469510/000119312513426311/d614629d10q.htm"
    },
    {
        "date": "2013-06-30",
        "symbol": "REN",
        "reportedCurrency": "USD",
        "cik": "0001469510",
        "fillingDate": "2013-08-05",
        "acceptedDate": "2013-08-05 08:33:14",
        "calendarYear": "2013",
        "period": "Q2",
        "revenue": 89116000,
        "costOfRevenue": 0,
        "grossProfit": 89116000,
        "grossProfitRatio": 1,
        "researchAndDevelopmentExpenses": 0,
        "generalAndAdministrativeExpenses": 9129000,
        "sellingAndMarketingExpenses": 65260000,
        "sellingGeneralAndAdministrativeExpenses": 74389000,
        "otherExpenses": 0,
        "operatingExpenses": 74389000,
        "costAndExpenses": 74389000,
        "interestIncome": 0,
        "interestExpense": 7181000,
        "depreciationAndAmortization": 29438000,
        "ebitda": 51021000,
        "ebitdaratio": 0.5725234526,
        "operatingIncome": 14727000,
        "operatingIncomeRatio": 0.1652565196,
        "totalOtherIncomeExpensesNet": -325000,
        "incomeBeforeTax": 14402000,
        "incomeBeforeTaxRatio": 0.1616095875,
        "incomeTaxExpense": 5379000,
        "netIncome": 9023000,
        "netIncomeRatio": 0.1012500561,
        "eps": 0.14,
        "epsdiluted": 0.14,
        "weightedAverageShsOut": 63322000,
        "weightedAverageShsOutDil": 63322000,
        "link": "https://www.sec.gov/Archives/edgar/data/1469510/000119312513318316/0001193125-13-318316-index.html",
        "finalLink": "https://www.sec.gov/Archives/edgar/data/1469510/000119312513318316/d542171d10q.htm"
    },
    {
        "date": "2013-03-31",
        "symbol": "REN",
        "reportedCurrency": "USD",
        "cik": "0001469510",
        "fillingDate": "2013-05-06",
        "acceptedDate": "2013-05-06 09:01:25",
        "calendarYear": "2013",
        "period": "Q1",
        "revenue": 78897000,
        "costOfRevenue": 0,
        "grossProfit": 78897000,
        "grossProfitRatio": 1,
        "researchAndDevelopmentExpenses": 0,
        "generalAndAdministrativeExpenses": 8568000,
        "sellingAndMarketingExpenses": 60317000,
        "sellingGeneralAndAdministrativeExpenses": 68885000,
        "otherExpenses": 0,
        "operatingExpenses": 68885000,
        "costAndExpenses": 68885000,
        "interestIncome": 0,
        "interestExpense": 8081000,
        "depreciationAndAmortization": 25485000,
        "ebitda": 28714000,
        "ebitdaratio": 0.3639428622,
        "operatingIncome": 10012000,
        "operatingIncomeRatio": 0.1268996286,
        "totalOtherIncomeExpensesNet": -14864000,
        "incomeBeforeTax": -4852000,
        "incomeBeforeTaxRatio": -0.0614979023,
        "incomeTaxExpense": -1803000,
        "netIncome": -3049000,
        "netIncomeRatio": -0.0386453224,
        "eps": -0.051,
        "epsdiluted": -0.051,
        "weightedAverageShsOut": 59802000,
        "weightedAverageShsOutDil": 59802000,
        "link": "https://www.sec.gov/Archives/edgar/data/1469510/000119312513200421/0001193125-13-200421-index.html",
        "finalLink": "https://www.sec.gov/Archives/edgar/data/1469510/000119312513200421/d515384d10q.htm"
    },
    {
        "date": "2012-12-31",
        "symbol": "REN",
        "reportedCurrency": "USD",
        "cik": "0001469510",
        "fillingDate": "2013-03-07",
        "acceptedDate": "2013-03-07 16:01:04",
        "calendarYear": "2012",
        "period": "Q4",
        "revenue": 197937000,
        "costOfRevenue": 19927000,
        "grossProfit": 178010000,
        "grossProfitRatio": 0.8993265534,
        "researchAndDevelopmentExpenses": 0,
        "generalAndAdministrativeExpenses": 6452000,
        "sellingAndMarketingExpenses": 174912000,
        "sellingGeneralAndAdministrativeExpenses": 181364000,
        "otherExpenses": 0,
        "operatingExpenses": 181364000,
        "costAndExpenses": 161437000,
        "interestIncome": 0,
        "interestExpense": 15523000,
        "depreciationAndAmortization": 75339000,
        "ebitda": 116558000,
        "ebitdaratio": 0.5888641335,
        "operatingIncome": 36500000,
        "operatingIncomeRatio": 0.1844021077,
        "totalOtherIncomeExpensesNet": -10675000,
        "incomeBeforeTax": 25825000,
        "incomeBeforeTaxRatio": 0.1304708064,
        "incomeTaxExpense": 10592000,
        "netIncome": 15104000,
        "netIncomeRatio": 0.0763071078,
        "eps": 0.25,
        "epsdiluted": 0.25,
        "weightedAverageShsOut": 59424000,
        "weightedAverageShsOutDil": 59452000,
        "link": "https://www.sec.gov/Archives/edgar/data/1469510/000119312513095959/0001193125-13-095959-index.html",
        "finalLink": "https://www.sec.gov/Archives/edgar/data/1469510/000119312513095959/d453405d10k.htm"
    },
    {
        "date": "2012-09-30",
        "symbol": "REN",
        "reportedCurrency": "USD",
        "cik": "0001469510",
        "fillingDate": "2012-11-05",
        "acceptedDate": "2012-11-05 16:08:05",
        "calendarYear": "2012",
        "period": "Q3",
        "revenue": 63393000,
        "costOfRevenue": 0,
        "grossProfit": 63393000,
        "grossProfitRatio": 1,
        "researchAndDevelopmentExpenses": 0,
        "generalAndAdministrativeExpenses": 6672000,
        "sellingAndMarketingExpenses": 49346000,
        "sellingGeneralAndAdministrativeExpenses": 56018000,
        "otherExpenses": 0,
        "operatingExpenses": 56018000,
        "costAndExpenses": 56018000,
        "interestIncome": 0,
        "interestExpense": 4601000,
        "depreciationAndAmortization": 19600000,
        "ebitda": 23241000,
        "ebitdaratio": 0.3666177654,
        "operatingIncome": 7375000,
        "operatingIncomeRatio": 0.116337766,
        "totalOtherIncomeExpensesNet": -11373000,
        "incomeBeforeTax": -3998000,
        "incomeBeforeTaxRatio": -0.0630669001,
        "incomeTaxExpense": 1519000,
        "netIncome": -2479000,
        "netIncomeRatio": -0.039105264,
        "eps": -0.0417,
        "epsdiluted": -0.0408,
        "weightedAverageShsOut": 59411000,
        "weightedAverageShsOutDil": 60744000,
        "link": "https://www.sec.gov/Archives/edgar/data/1469510/000119312512451771/0001193125-12-451771-index.html",
        "finalLink": "https://www.sec.gov/Archives/edgar/data/1469510/000119312512451771/d398389d10q.htm"
    },
    {
        "date": "2012-06-30",
        "symbol": "REN",
        "reportedCurrency": "USD",
        "cik": "0001469510",
        "fillingDate": "2012-08-06",
        "acceptedDate": "2012-08-06 16:07:04",
        "calendarYear": "2012",
        "period": "Q2",
        "revenue": 64479000,
        "costOfRevenue": 0,
        "grossProfit": 64479000,
        "grossProfitRatio": 1,
        "researchAndDevelopmentExpenses": 0,
        "generalAndAdministrativeExpenses": 5692000,
        "sellingAndMarketingExpenses": 48164000,
        "sellingGeneralAndAdministrativeExpenses": 53856000,
        "otherExpenses": 0,
        "operatingExpenses": 53856000,
        "costAndExpenses": 53856000,
        "interestIncome": 0,
        "interestExpense": 3696000,
        "depreciationAndAmortization": 18958000,
        "ebitda": 32284000,
        "ebitdaratio": 0.5006901472,
        "operatingIncome": 10623000,
        "operatingIncomeRatio": 0.1647513144,
        "totalOtherIncomeExpensesNet": 25833000,
        "incomeBeforeTax": 36456000,
        "incomeBeforeTaxRatio": 0.5653933839,
        "incomeTaxExpense": -13192000,
        "netIncome": 22822000,
        "netIncomeRatio": 0.3539446952,
        "eps": 0.38,
        "epsdiluted": 0.38,
        "weightedAverageShsOut": 59401000,
        "weightedAverageShsOutDil": 60664000,
        "link": "https://www.sec.gov/Archives/edgar/data/1469510/000119312512337725/0001193125-12-337725-index.html",
        "finalLink": "https://www.sec.gov/Archives/edgar/data/1469510/000119312512337725/d331027d10q.htm"
    },
    {
        "date": "2012-03-31",
        "symbol": "REN",
        "reportedCurrency": "USD",
        "cik": "0001469510",
        "fillingDate": "2012-05-08",
        "acceptedDate": "2012-05-08 06:09:04",
        "calendarYear": "2012",
        "period": "Q1",
        "revenue": 63540000,
        "costOfRevenue": 0,
        "grossProfit": 63540000,
        "grossProfitRatio": 1,
        "researchAndDevelopmentExpenses": 0,
        "generalAndAdministrativeExpenses": 5216000,
        "sellingAndMarketingExpenses": 44468000,
        "sellingGeneralAndAdministrativeExpenses": 49684000,
        "otherExpenses": 0,
        "operatingExpenses": 49684000,
        "costAndExpenses": 49684000,
        "interestIncome": 0,
        "interestExpense": 1214000,
        "depreciationAndAmortization": 17058000,
        "ebitda": 17530000,
        "ebitdaratio": 0.2758892037,
        "operatingIncome": 13856000,
        "operatingIncomeRatio": 0.2180673591,
        "totalOtherIncomeExpensesNet": -15040000,
        "incomeBeforeTax": -1184000,
        "incomeBeforeTaxRatio": -0.0186339314,
        "incomeTaxExpense": -13826000,
        "netIncome": -742000,
        "netIncomeRatio": -0.0116776833,
        "eps": -0.0125,
        "epsdiluted": -0.0125,
        "weightedAverageShsOut": 59400000,
        "weightedAverageShsOutDil": 59400000,
        "link": "https://www.sec.gov/Archives/edgar/data/1469510/000119312512216486/0001193125-12-216486-index.htm",
        "finalLink": "https://www.sec.gov/Archives/edgar/data/1469510/000119312512216486/d331291d10q.htm"
    },
    {
        "date": "2011-12-31",
        "symbol": "REN",
        "reportedCurrency": "USD",
        "cik": "0001469510",
        "fillingDate": "2012-03-13",
        "acceptedDate": "2012-03-13 06:05:04",
        "calendarYear": "2011",
        "period": "Q4",
        "revenue": 58920000,
        "costOfRevenue": 0,
        "grossProfit": 58920000,
        "grossProfitRatio": 1,
        "researchAndDevelopmentExpenses": 0,
        "generalAndAdministrativeExpenses": 6341000,
        "sellingAndMarketingExpenses": 41388000,
        "sellingGeneralAndAdministrativeExpenses": 47729000,
        "otherExpenses": 0,
        "operatingExpenses": 47729000,
        "costAndExpenses": 47729000,
        "interestIncome": 0,
        "interestExpense": 1061000,
        "depreciationAndAmortization": 16773000,
        "ebitda": 11736000,
        "ebitdaratio": 0.199185336,
        "operatingIncome": 11191000,
        "operatingIncomeRatio": 0.1899355058,
        "totalOtherIncomeExpensesNet": -37053000,
        "incomeBeforeTax": -25862000,
        "incomeBeforeTaxRatio": -0.438934148,
        "incomeTaxExpense": 9882000,
        "netIncome": -15980000,
        "netIncomeRatio": -0.2712152071,
        "eps": -0.28,
        "epsdiluted": -0.25,
        "weightedAverageShsOut": 57612000,
        "weightedAverageShsOutDil": 65029000,
        "link": "https://www.sec.gov/Archives/edgar/data/1469510/000119312512110830/0001193125-12-110830-index.html",
        "finalLink": "https://www.sec.gov/Archives/edgar/data/1469510/000119312512110830/d315690d10k.htm"
    },
    {
        "date": "2011-09-30",
        "symbol": "REN",
        "reportedCurrency": "USD",
        "cik": "0001469510",
        "fillingDate": "2011-11-07",
        "acceptedDate": "2011-11-07 16:05:54",
        "calendarYear": "2011",
        "period": "Q3",
        "revenue": 54024000,
        "costOfRevenue": 0,
        "grossProfit": 54024000,
        "grossProfitRatio": 1,
        "researchAndDevelopmentExpenses": 0,
        "generalAndAdministrativeExpenses": 5467000,
        "sellingAndMarketingExpenses": 36574000,
        "sellingGeneralAndAdministrativeExpenses": 42041000,
        "otherExpenses": 0,
        "operatingExpenses": 42041000,
        "costAndExpenses": 42041000,
        "interestIncome": 0,
        "interestExpense": 896000,
        "depreciationAndAmortization": 14231000,
        "ebitda": 30147000,
        "ebitdaratio": 0.5580297645,
        "operatingIncome": 11983000,
        "operatingIncomeRatio": 0.2218088257,
        "totalOtherIncomeExpensesNet": 48139000,
        "incomeBeforeTax": 60122000,
        "incomeBeforeTaxRatio": 1.1128757589,
        "incomeTaxExpense": -22551000,
        "netIncome": 37571000,
        "netIncomeRatio": 0.6954501703,
        "eps": 0.66,
        "epsdiluted": 0.56,
        "weightedAverageShsOut": 57097000,
        "weightedAverageShsOutDil": 66697000,
        "link": "https://www.sec.gov/Archives/edgar/data/1469510/000095012311095926/0000950123-11-095926-index.html",
        "finalLink": "https://www.sec.gov/Archives/edgar/data/1469510/000095012311095926/c23884e10vq.htm"
    },
    {
        "date": "2011-06-30",
        "symbol": "REN",
        "reportedCurrency": "USD",
        "cik": "0001469510",
        "fillingDate": "2011-08-08",
        "acceptedDate": "2011-08-08 16:01:07",
        "calendarYear": "2011",
        "period": "Q2",
        "revenue": 59908000,
        "costOfRevenue": 0,
        "grossProfit": 59908000,
        "grossProfitRatio": 1,
        "researchAndDevelopmentExpenses": 0,
        "generalAndAdministrativeExpenses": 4754000,
        "sellingAndMarketingExpenses": 35450000,
        "sellingGeneralAndAdministrativeExpenses": 40204000,
        "otherExpenses": 0,
        "operatingExpenses": 40204000,
        "costAndExpenses": 40204000,
        "interestIncome": 0,
        "interestExpense": 773000,
        "depreciationAndAmortization": 13691000,
        "ebitda": 25205000,
        "ebitdaratio": 0.4207284503,
        "operatingIncome": 19704000,
        "operatingIncomeRatio": 0.32890432,
        "totalOtherIncomeExpensesNet": 20889000,
        "incomeBeforeTax": 40593000,
        "incomeBeforeTaxRatio": 0.6775889698,
        "incomeTaxExpense": -14926000,
        "netIncome": 25667000,
        "netIncomeRatio": 0.4284402751,
        "eps": 0.46,
        "epsdiluted": 0.38,
        "weightedAverageShsOut": 56059000,
        "weightedAverageShsOutDil": 67713000,
        "link": "https://www.sec.gov/Archives/edgar/data/1469510/000095012311074409/0000950123-11-074409-index.html",
        "finalLink": "https://www.sec.gov/Archives/edgar/data/1469510/000095012311074409/c20338e10vq.htm"
    },
    {
        "date": "2011-03-31",
        "symbol": "REN",
        "reportedCurrency": "USD",
        "cik": "0001469510",
        "fillingDate": "2011-05-06",
        "acceptedDate": "2011-05-06 16:14:21",
        "calendarYear": "2011",
        "period": "Q1",
        "revenue": 54056000,
        "costOfRevenue": 0,
        "grossProfit": 54056000,
        "grossProfitRatio": 1,
        "researchAndDevelopmentExpenses": 0,
        "generalAndAdministrativeExpenses": 4352000,
        "sellingAndMarketingExpenses": 35147000,
        "sellingGeneralAndAdministrativeExpenses": 39499000,
        "otherExpenses": 0,
        "operatingExpenses": 39499000,
        "costAndExpenses": 39499000,
        "interestIncome": 0,
        "interestExpense": 1114000,
        "depreciationAndAmortization": 12969000,
        "ebitda": 7035000,
        "ebitdaratio": 0.1301428149,
        "operatingIncome": 14557000,
        "operatingIncomeRatio": 0.2692948054,
        "totalOtherIncomeExpensesNet": -41055000,
        "incomeBeforeTax": -26498000,
        "incomeBeforeTaxRatio": -0.490195353,
        "incomeTaxExpense": 9725000,
        "netIncome": -16773000,
        "netIncomeRatio": -0.3102893296,
        "eps": -0.32,
        "epsdiluted": -0.32,
        "weightedAverageShsOut": 53204000,
        "weightedAverageShsOutDil": 53204000,
        "link": "https://www.sec.gov/Archives/edgar/data/1469510/000095012311046620/0000950123-11-046620-index.html",
        "finalLink": "https://www.sec.gov/Archives/edgar/data/1469510/000095012311046620/d82115e10vq.htm"
    },
    {
        "date": "2010-12-31",
        "symbol": "REN",
        "reportedCurrency": "USD",
        "cik": "0001469510",
        "fillingDate": "2011-03-15",
        "acceptedDate": "2011-03-14 21:44:13",
        "calendarYear": "2010",
        "period": "Q4",
        "revenue": 49793000,
        "costOfRevenue": 0,
        "grossProfit": 49793000,
        "grossProfitRatio": 1,
        "researchAndDevelopmentExpenses": 0,
        "generalAndAdministrativeExpenses": 7711000,
        "sellingAndMarketingExpenses": 32365000,
        "sellingGeneralAndAdministrativeExpenses": 40076000,
        "otherExpenses": 0,
        "operatingExpenses": 40076000,
        "costAndExpenses": 40076000,
        "interestIncome": 0,
        "interestExpense": 1220000,
        "depreciationAndAmortization": 25772000,
        "ebitda": 22686000,
        "ebitdaratio": 0.4556062097,
        "operatingIncome": 9717000,
        "operatingIncomeRatio": 0.1951479124,
        "totalOtherIncomeExpensesNet": -26463000,
        "incomeBeforeTax": -16746000,
        "incomeBeforeTaxRatio": -0.3363123331,
        "incomeTaxExpense": 6220000,
        "netIncome": -10526000,
        "netIncomeRatio": -0.211395176,
        "eps": -0.21,
        "epsdiluted": -0.21,
        "weightedAverageShsOut": 49900000,
        "weightedAverageShsOutDil": 50475000,
        "link": "https://www.sec.gov/Archives/edgar/data/1469510/000095012311025335/0000950123-11-025335-index.htm",
        "finalLink": "https://www.sec.gov/Archives/edgar/data/1469510/000095012311025335/d80587e10vk.htm"
    },
    {
        "date": "2010-09-30",
        "symbol": "REN",
        "reportedCurrency": "USD",
        "cik": "0001469510",
        "fillingDate": "2010-11-15",
        "acceptedDate": "2010-11-12 18:38:54",
        "calendarYear": "2010",
        "period": "Q3",
        "revenue": 41828000,
        "costOfRevenue": 0,
        "grossProfit": 41828000,
        "grossProfitRatio": 1,
        "researchAndDevelopmentExpenses": 0,
        "generalAndAdministrativeExpenses": 5242000,
        "sellingAndMarketingExpenses": 30937000,
        "sellingGeneralAndAdministrativeExpenses": 36179000,
        "otherExpenses": 0,
        "operatingExpenses": 36179000,
        "costAndExpenses": 36179000,
        "interestIncome": 0,
        "interestExpense": 1285000,
        "depreciationAndAmortization": 5766000,
        "ebitda": 5550000,
        "ebitdaratio": 0.1326862389,
        "operatingIncome": 5649000,
        "operatingIncomeRatio": 0.1350530745,
        "totalOtherIncomeExpensesNet": -18270000,
        "incomeBeforeTax": -12621000,
        "incomeBeforeTaxRatio": -0.3017356794,
        "incomeTaxExpense": 5560000,
        "netIncome": -7061000,
        "netIncomeRatio": -0.1688103663,
        "eps": -0.14,
        "epsdiluted": -0.14,
        "weightedAverageShsOut": 49905000,
        "weightedAverageShsOutDil": 50949000,
        "link": "https://www.sec.gov/Archives/edgar/data/1469510/000095012310105130/0000950123-10-105130-index.html",
        "finalLink": "https://www.sec.gov/Archives/edgar/data/1469510/000095012310105130/d77711e10vq.htm"
    },
    {
        "date": "2010-06-30",
        "symbol": "REN",
        "reportedCurrency": "USD",
        "cik": "0001469510",
        "fillingDate": "2010-08-12",
        "acceptedDate": "2010-08-11 18:39:33",
        "calendarYear": "2010",
        "period": "Q2",
        "revenue": 40642000,
        "costOfRevenue": 0,
        "grossProfit": 40642000,
        "grossProfitRatio": 1,
        "researchAndDevelopmentExpenses": 0,
        "generalAndAdministrativeExpenses": 3834000,
        "sellingAndMarketingExpenses": 29222000,
        "sellingGeneralAndAdministrativeExpenses": 33056000,
        "otherExpenses": 0,
        "operatingExpenses": 33056000,
        "costAndExpenses": 33056000,
        "interestIncome": 0,
        "interestExpense": 1275000,
        "depreciationAndAmortization": 7506000,
        "ebitda": 16366000,
        "ebitdaratio": 0.4026868756,
        "operatingIncome": 7586000,
        "operatingIncomeRatio": 0.1866542001,
        "totalOtherIncomeExpensesNet": 22965000,
        "incomeBeforeTax": 30551000,
        "incomeBeforeTaxRatio": 0.7517100536,
        "incomeTaxExpense": -11483000,
        "netIncome": 19068000,
        "netIncomeRatio": 0.4691698243,
        "eps": 0.38,
        "epsdiluted": 0.38,
        "weightedAverageShsOut": 49905000,
        "weightedAverageShsOutDil": 50820000,
        "link": "https://www.sec.gov/Archives/edgar/data/1469510/000095012310076263/0000950123-10-076263-index.html",
        "finalLink": "https://www.sec.gov/Archives/edgar/data/1469510/000095012310076263/d75285e10vq.htm"
    },
    {
        "date": "2010-03-31",
        "symbol": "REN",
        "reportedCurrency": "USD",
        "cik": "0001469510",
        "fillingDate": "2010-05-11",
        "acceptedDate": "2010-05-10 20:01:20",
        "calendarYear": "2010",
        "period": "Q1",
        "revenue": 41132000,
        "costOfRevenue": 0,
        "grossProfit": 41132000,
        "grossProfitRatio": 1,
        "researchAndDevelopmentExpenses": 0,
        "generalAndAdministrativeExpenses": 2653000,
        "sellingAndMarketingExpenses": 30261000,
        "sellingGeneralAndAdministrativeExpenses": 32914000,
        "otherExpenses": 0,
        "operatingExpenses": 32914000,
        "costAndExpenses": 32914000,
        "interestIncome": 0,
        "interestExpense": 1075000,
        "depreciationAndAmortization": 7972000,
        "ebitda": 11066000,
        "ebitdaratio": 0.2690362735,
        "operatingIncome": 8218000,
        "operatingIncomeRatio": 0.1997957794,
        "totalOtherIncomeExpensesNet": -829000,
        "incomeBeforeTax": 7389000,
        "incomeBeforeTaxRatio": 0.1796411553,
        "incomeTaxExpense": -2685000,
        "netIncome": 4704000,
        "netIncomeRatio": 0.1143635126,
        "eps": 0.09,
        "epsdiluted": 0.09,
        "weightedAverageShsOut": 52266666,
        "weightedAverageShsOutDil": 52266666,
        "link": "https://www.sec.gov/Archives/edgar/data/1469510/000095012310047436/0000950123-10-047436-index.html",
        "finalLink": "https://www.sec.gov/Archives/edgar/data/1469510/000095012310047436/d72933e10vq.htm"
    },
    {
        "date": "2009-12-31",
        "symbol": "REN",
        "reportedCurrency": "USD",
        "cik": "0001469510",
        "fillingDate": "2010-03-30",
        "acceptedDate": "2010-03-30 17:28:34",
        "calendarYear": "2009",
        "period": "Q4",
        "revenue": 40146000,
        "costOfRevenue": 0,
        "grossProfit": 40146000,
        "grossProfitRatio": 1,
        "researchAndDevelopmentExpenses": 0,
        "generalAndAdministrativeExpenses": 8344000,
        "sellingAndMarketingExpenses": 31509000,
        "sellingGeneralAndAdministrativeExpenses": 39853000,
        "otherExpenses": 0,
        "operatingExpenses": 39853000,
        "costAndExpenses": 39853000,
        "interestIncome": 0,
        "interestExpense": 1228000,
        "depreciationAndAmortization": 10871000,
        "ebitda": 14647000,
        "ebitdaratio": 0.3648433219,
        "operatingIncome": 293000,
        "operatingIncomeRatio": 0.007298361,
        "totalOtherIncomeExpensesNet": -37519000,
        "incomeBeforeTax": -37226000,
        "incomeBeforeTaxRatio": -0.927265481,
        "incomeTaxExpense": 13997000,
        "netIncome": -11449000,
        "netIncomeRatio": -0.2851840781,
        "eps": -0.0405,
        "epsdiluted": -0.0405,
        "weightedAverageShsOut": 282768750,
        "weightedAverageShsOutDil": 282768750,
        "link": "https://www.sec.gov/Archives/edgar/data/1469510/000095012310030122/0000950123-10-030122-index.html",
        "finalLink": "https://www.sec.gov/Archives/edgar/data/1469510/000095012310030122/d71534e10vk.htm"
    }
]