[
    {
        "date": "2025-09-30",
        "symbol": "RHI",
        "reportedCurrency": "USD",
        "cik": "0000315213",
        "fillingDate": "2025-10-31",
        "acceptedDate": "2025-10-31 15:21:03",
        "calendarYear": "2025",
        "period": "Q3",
        "revenue": 1354477000,
        "costOfRevenue": 850246000,
        "grossProfit": 504231000,
        "grossProfitRatio": 0.3722698872,
        "researchAndDevelopmentExpenses": 0,
        "generalAndAdministrativeExpenses": 0,
        "sellingAndMarketingExpenses": 0,
        "sellingGeneralAndAdministrativeExpenses": 490643000,
        "otherExpenses": 0,
        "operatingExpenses": 490643000,
        "costAndExpenses": 1340889000,
        "interestIncome": 2510000,
        "interestExpense": 0,
        "depreciationAndAmortization": -8612000,
        "ebitda": 55107000,
        "ebitdaratio": 0.0406850762,
        "operatingIncome": 13588000,
        "operatingIncomeRatio": 0.0100319164,
        "totalOtherIncomeExpensesNet": 50131000,
        "incomeBeforeTax": 63719000,
        "incomeBeforeTaxRatio": 0.0470432499,
        "incomeTaxExpense": 20803000,
        "netIncome": 42916000,
        "netIncomeRatio": 0.0316845543,
        "eps": 0.43,
        "epsdiluted": 0.43,
        "weightedAverageShsOut": 100321000,
        "weightedAverageShsOutDil": 100529000,
        "link": "https://www.sec.gov/Archives/edgar/data/315213/000031521325000074/0000315213-25-000074-index.htm",
        "finalLink": "https://www.sec.gov/Archives/edgar/data/315213/000031521325000074/rhi-20250930.htm"
    },
    {
        "date": "2025-06-30",
        "symbol": "RHI",
        "reportedCurrency": "USD",
        "cik": "0000315213",
        "fillingDate": "2025-08-05",
        "acceptedDate": "2025-08-05 13:55:54",
        "calendarYear": "2025",
        "period": "Q2",
        "revenue": 1369743000,
        "costOfRevenue": 860269000,
        "grossProfit": 509474000,
        "grossProfitRatio": 0.3719486064,
        "researchAndDevelopmentExpenses": 0,
        "generalAndAdministrativeExpenses": 483532000,
        "sellingAndMarketingExpenses": 11800000,
        "sellingGeneralAndAdministrativeExpenses": 507934000,
        "otherExpenses": 0,
        "operatingExpenses": 507934000,
        "costAndExpenses": 1368203000,
        "interestIncome": 2239000,
        "interestExpense": 0,
        "depreciationAndAmortization": -13006000,
        "ebitda": 48427000,
        "ebitdaratio": 0.0353548074,
        "operatingIncome": 1540000,
        "operatingIncomeRatio": 0.0011242985,
        "totalOtherIncomeExpensesNet": 59893000,
        "incomeBeforeTax": 61433000,
        "incomeBeforeTaxRatio": 0.0448500193,
        "incomeTaxExpense": 20465000,
        "netIncome": 40968000,
        "netIncomeRatio": 0.0299092604,
        "eps": 0.41,
        "epsdiluted": 0.41,
        "weightedAverageShsOut": 100537000,
        "weightedAverageShsOutDil": 100776000,
        "link": "https://www.sec.gov/Archives/edgar/data/315213/000031521325000066/0000315213-25-000066-index.htm",
        "finalLink": "https://www.sec.gov/Archives/edgar/data/315213/000031521325000066/rhi-20250630.htm"
    },
    {
        "date": "2025-03-31",
        "symbol": "RHI",
        "reportedCurrency": "USD",
        "cik": "0000315213",
        "fillingDate": "2025-05-02",
        "acceptedDate": "2025-05-02 16:05:32",
        "calendarYear": "2025",
        "period": "Q1",
        "revenue": 1351907000,
        "costOfRevenue": 852862000,
        "grossProfit": 499045000,
        "grossProfitRatio": 0.3691415164,
        "researchAndDevelopmentExpenses": 0,
        "generalAndAdministrativeExpenses": 0,
        "sellingAndMarketingExpenses": 0,
        "sellingGeneralAndAdministrativeExpenses": 460163000,
        "otherExpenses": 0,
        "operatingExpenses": 460163000,
        "costAndExpenses": 1313025000,
        "interestIncome": 3572000,
        "interestExpense": 0,
        "depreciationAndAmortization": 21618000,
        "ebitda": 60500000,
        "ebitdaratio": 0.044751599,
        "operatingIncome": 38882000,
        "operatingIncomeRatio": 0.0287608541,
        "totalOtherIncomeExpensesNet": -16599000,
        "incomeBeforeTax": 22283000,
        "incomeBeforeTaxRatio": 0.0164826427,
        "incomeTaxExpense": 4933000,
        "netIncome": 17350000,
        "netIncomeRatio": 0.012833723,
        "eps": 0.17,
        "epsdiluted": 0.17,
        "weightedAverageShsOut": 100666000,
        "weightedAverageShsOutDil": 101015000,
        "link": "https://www.sec.gov/Archives/edgar/data/315213/000031521325000036/0000315213-25-000036-index.htm",
        "finalLink": "https://www.sec.gov/Archives/edgar/data/315213/000031521325000036/rhi-20250331.htm"
    },
    {
        "date": "2024-12-31",
        "symbol": "RHI",
        "reportedCurrency": "USD",
        "cik": "0000315213",
        "fillingDate": "2025-02-13",
        "acceptedDate": "2025-02-13 15:19:19",
        "calendarYear": "2024",
        "period": "Q4",
        "revenue": 1382372000,
        "costOfRevenue": 846274000,
        "grossProfit": 536098000,
        "grossProfitRatio": 0.3878102276,
        "researchAndDevelopmentExpenses": 0,
        "generalAndAdministrativeExpenses": 458226000,
        "sellingAndMarketingExpenses": 0,
        "sellingGeneralAndAdministrativeExpenses": 471326000,
        "otherExpenses": 304000,
        "operatingExpenses": 471630000,
        "costAndExpenses": 1317904000,
        "interestIncome": 5128000,
        "interestExpense": 0,
        "depreciationAndAmortization": 22152000,
        "ebitda": 86620000,
        "ebitdaratio": 0.0626604127,
        "operatingIncome": 64468000,
        "operatingIncomeRatio": 0.0466357826,
        "totalOtherIncomeExpensesNet": 10868000,
        "incomeBeforeTax": 75336000,
        "incomeBeforeTaxRatio": 0.0544976316,
        "incomeTaxExpense": 21046000,
        "netIncome": 54290000,
        "netIncomeRatio": 0.0392730756,
        "eps": 0.53,
        "epsdiluted": 0.53,
        "weightedAverageShsOut": 101549000,
        "weightedAverageShsOutDil": 103028000,
        "link": "https://www.sec.gov/Archives/edgar/data/315213/000031521325000007/0000315213-25-000007-index.htm",
        "finalLink": "https://www.sec.gov/Archives/edgar/data/315213/000031521325000007/rhi-20241231.htm"
    },
    {
        "date": "2024-09-30",
        "symbol": "RHI",
        "reportedCurrency": "USD",
        "cik": "0000315213",
        "fillingDate": "2024-10-30",
        "acceptedDate": "2024-10-30 16:21:45",
        "calendarYear": "2024",
        "period": "Q3",
        "revenue": 1465004000,
        "costOfRevenue": 893348000,
        "grossProfit": 571656000,
        "grossProfitRatio": 0.3902078083,
        "researchAndDevelopmentExpenses": 0,
        "generalAndAdministrativeExpenses": 0,
        "sellingAndMarketingExpenses": 0,
        "sellingGeneralAndAdministrativeExpenses": 510786000,
        "otherExpenses": 0,
        "operatingExpenses": 510786000,
        "costAndExpenses": 1404134000,
        "interestIncome": 5391000,
        "interestExpense": 0,
        "depreciationAndAmortization": 22449000,
        "ebitda": 83014000,
        "ebitdaratio": 0.0566646917,
        "operatingIncome": 60870000,
        "operatingIncomeRatio": 0.0415493746,
        "totalOtherIncomeExpensesNet": 34316000,
        "incomeBeforeTax": 95186000,
        "incomeBeforeTaxRatio": 0.0649732014,
        "incomeTaxExpense": 29735000,
        "netIncome": 65451000,
        "netIncomeRatio": 0.0446763285,
        "eps": 0.64,
        "epsdiluted": 0.64,
        "weightedAverageShsOut": 102175000,
        "weightedAverageShsOutDil": 102393000,
        "link": "https://www.sec.gov/Archives/edgar/data/315213/000031521324000099/0000315213-24-000099-index.htm",
        "finalLink": "https://www.sec.gov/Archives/edgar/data/315213/000031521324000099/rhi-20240930.htm"
    },
    {
        "date": "2024-06-30",
        "symbol": "RHI",
        "reportedCurrency": "USD",
        "cik": "0000315213",
        "fillingDate": "2024-07-31",
        "acceptedDate": "2024-07-31 16:37:49",
        "calendarYear": "2024",
        "period": "Q2",
        "revenue": 1472524000,
        "costOfRevenue": 908665000,
        "grossProfit": 563859000,
        "grossProfitRatio": 0.3829200746,
        "researchAndDevelopmentExpenses": 0,
        "generalAndAdministrativeExpenses": 473716000,
        "sellingAndMarketingExpenses": 14600000,
        "sellingGeneralAndAdministrativeExpenses": 488316000,
        "otherExpenses": -304000,
        "operatingExpenses": 488316000,
        "costAndExpenses": 1396981000,
        "interestIncome": 5186000,
        "interestExpense": 0,
        "depreciationAndAmortization": 22223000,
        "ebitda": 97766000,
        "ebitdaratio": 0.0663934849,
        "operatingIncome": 75543000,
        "operatingIncomeRatio": 0.0513017105,
        "totalOtherIncomeExpensesNet": 20919000,
        "incomeBeforeTax": 96462000,
        "incomeBeforeTaxRatio": 0.0655079306,
        "incomeTaxExpense": 28306000,
        "netIncome": 68156000,
        "netIncomeRatio": 0.0462851539,
        "eps": 0.66,
        "epsdiluted": 0.66,
        "weightedAverageShsOut": 103151000,
        "weightedAverageShsOutDil": 103328000,
        "link": "https://www.sec.gov/Archives/edgar/data/315213/000031521324000086/0000315213-24-000086-index.htm",
        "finalLink": "https://www.sec.gov/Archives/edgar/data/315213/000031521324000086/rhi-20240630.htm"
    },
    {
        "date": "2024-03-31",
        "symbol": "RHI",
        "reportedCurrency": "USD",
        "cik": "0000315213",
        "fillingDate": "2024-05-02",
        "acceptedDate": "2024-05-02 13:07:17",
        "calendarYear": "2024",
        "period": "Q1",
        "revenue": 1475937000,
        "costOfRevenue": 926448000,
        "grossProfit": 549489000,
        "grossProfitRatio": 0.3722984111,
        "researchAndDevelopmentExpenses": 0,
        "generalAndAdministrativeExpenses": 495391000,
        "sellingAndMarketingExpenses": 13200000,
        "sellingGeneralAndAdministrativeExpenses": 508591000,
        "otherExpenses": 0,
        "operatingExpenses": 508591000,
        "costAndExpenses": 1435039000,
        "interestIncome": 6413000,
        "interestExpense": 0,
        "depreciationAndAmortization": 13308000,
        "ebitda": 54206000,
        "ebitdaratio": 0.0367264998,
        "operatingIncome": 40898000,
        "operatingIncomeRatio": 0.0277098548,
        "totalOtherIncomeExpensesNet": 49789000,
        "incomeBeforeTax": 90687000,
        "incomeBeforeTaxRatio": 0.0614436795,
        "incomeTaxExpense": 26986000,
        "netIncome": 63701000,
        "netIncomeRatio": 0.0431597013,
        "eps": 0.61,
        "epsdiluted": 0.61,
        "weightedAverageShsOut": 103787000,
        "weightedAverageShsOutDil": 104399000,
        "link": "https://www.sec.gov/Archives/edgar/data/315213/000031521324000055/0000315213-24-000055-index.htm",
        "finalLink": "https://www.sec.gov/Archives/edgar/data/315213/000031521324000055/rhi-20240331.htm"
    },
    {
        "date": "2023-12-31",
        "symbol": "RHI",
        "reportedCurrency": "USD",
        "cik": "0000315213",
        "fillingDate": "2024-02-20",
        "acceptedDate": "2024-02-20 14:37:02",
        "calendarYear": "2023",
        "period": "Q4",
        "revenue": 1472892000,
        "costOfRevenue": 888728000,
        "grossProfit": 584164000,
        "grossProfitRatio": 0.3966102063,
        "researchAndDevelopmentExpenses": 0,
        "generalAndAdministrativeExpenses": 503166000,
        "sellingAndMarketingExpenses": 13500000,
        "sellingGeneralAndAdministrativeExpenses": 516666000,
        "otherExpenses": 0,
        "operatingExpenses": 517387000,
        "costAndExpenses": 1406115000,
        "interestIncome": 6697000,
        "interestExpense": 0,
        "depreciationAndAmortization": 33640000,
        "ebitda": 100417000,
        "ebitdaratio": 0.068176757,
        "operatingIncome": 20120000,
        "operatingIncomeRatio": 0.0136602005,
        "totalOtherIncomeExpensesNet": 57567000,
        "incomeBeforeTax": 120131000,
        "incomeBeforeTaxRatio": 0.0815613093,
        "incomeTaxExpense": 32827000,
        "netIncome": 87304000,
        "netIncomeRatio": 0.0592738639,
        "eps": 0.84,
        "epsdiluted": 0.83,
        "weightedAverageShsOut": 104286000,
        "weightedAverageShsOutDil": 104960000,
        "link": "https://www.sec.gov/Archives/edgar/data/315213/000031521324000011/0000315213-24-000011-index.htm",
        "finalLink": "https://www.sec.gov/Archives/edgar/data/315213/000031521324000011/rhi-20231231.htm"
    },
    {
        "date": "2023-09-30",
        "symbol": "RHI",
        "reportedCurrency": "USD",
        "cik": "0000315213",
        "fillingDate": "2023-10-31",
        "acceptedDate": "2023-10-31 15:07:03",
        "calendarYear": "2023",
        "period": "Q3",
        "revenue": 1563812000,
        "costOfRevenue": 922873000,
        "grossProfit": 640939000,
        "grossProfitRatio": 0.4098568114,
        "researchAndDevelopmentExpenses": 0,
        "generalAndAdministrativeExpenses": 483332000,
        "sellingAndMarketingExpenses": 13400000,
        "sellingGeneralAndAdministrativeExpenses": 496732000,
        "otherExpenses": 0,
        "operatingExpenses": 497452000,
        "costAndExpenses": 1420325000,
        "interestIncome": 7131000,
        "interestExpense": 0,
        "depreciationAndAmortization": 13454000,
        "ebitda": 156941000,
        "ebitdaratio": 0.1003579714,
        "operatingIncome": 157762000,
        "operatingIncomeRatio": 0.1008829706,
        "totalOtherIncomeExpensesNet": -7144000,
        "incomeBeforeTax": 136343000,
        "incomeBeforeTaxRatio": 0.0871863114,
        "incomeTaxExpense": 40798000,
        "netIncome": 95545000,
        "netIncomeRatio": 0.0610974977,
        "eps": 0.91,
        "epsdiluted": 0.9,
        "weightedAverageShsOut": 105340000,
        "weightedAverageShsOutDil": 105810000,
        "link": "https://www.sec.gov/Archives/edgar/data/315213/000031521323000105/0000315213-23-000105-index.htm",
        "finalLink": "https://www.sec.gov/Archives/edgar/data/315213/000031521323000105/rhi-20230930.htm"
    },
    {
        "date": "2023-06-30",
        "symbol": "RHI",
        "reportedCurrency": "USD",
        "cik": "0000315213",
        "fillingDate": "2023-08-01",
        "acceptedDate": "2023-08-01 14:55:32",
        "calendarYear": "2023",
        "period": "Q2",
        "revenue": 1639478000,
        "costOfRevenue": 979309000,
        "grossProfit": 660169000,
        "grossProfitRatio": 0.4026702402,
        "researchAndDevelopmentExpenses": 0,
        "generalAndAdministrativeExpenses": 527304000,
        "sellingAndMarketingExpenses": 14600000,
        "sellingGeneralAndAdministrativeExpenses": 541904000,
        "otherExpenses": 0,
        "operatingExpenses": 542625000,
        "costAndExpenses": 1521934000,
        "interestIncome": 5320000,
        "interestExpense": 0,
        "depreciationAndAmortization": 13212000,
        "ebitda": 130756000,
        "ebitdaratio": 0.0797546536,
        "operatingIncome": 89197000,
        "operatingIncomeRatio": 0.0544057316,
        "totalOtherIncomeExpensesNet": 32946000,
        "incomeBeforeTax": 151211000,
        "incomeBeforeTaxRatio": 0.0922311858,
        "incomeTaxExpense": 44919000,
        "netIncome": 106292000,
        "netIncomeRatio": 0.0648328309,
        "eps": 1,
        "epsdiluted": 1,
        "weightedAverageShsOut": 106102000,
        "weightedAverageShsOutDil": 106422000,
        "link": "https://www.sec.gov/Archives/edgar/data/315213/000031521323000081/0000315213-23-000081-index.htm",
        "finalLink": "https://www.sec.gov/Archives/edgar/data/315213/000031521323000081/rhi-20230630.htm"
    },
    {
        "date": "2023-03-31",
        "symbol": "RHI",
        "reportedCurrency": "USD",
        "cik": "0000315213",
        "fillingDate": "2023-05-03",
        "acceptedDate": "2023-05-03 15:40:06",
        "calendarYear": "2023",
        "period": "Q1",
        "revenue": 1716335000,
        "costOfRevenue": 1026603000,
        "grossProfit": 689732000,
        "grossProfitRatio": 0.4018632726,
        "researchAndDevelopmentExpenses": 0,
        "generalAndAdministrativeExpenses": 538929000,
        "sellingAndMarketingExpenses": 13300000,
        "sellingGeneralAndAdministrativeExpenses": 552229000,
        "otherExpenses": 0,
        "operatingExpenses": 552950000,
        "costAndExpenses": 1579553000,
        "interestIncome": 4825000,
        "interestExpense": 0,
        "depreciationAndAmortization": 13459000,
        "ebitda": 150241000,
        "ebitdaratio": 0.0875359414,
        "operatingIncome": 109491000,
        "operatingIncomeRatio": 0.0637934902,
        "totalOtherIncomeExpensesNet": 31395000,
        "incomeBeforeTax": 168898000,
        "incomeBeforeTaxRatio": 0.0984061969,
        "incomeTaxExpense": 46893000,
        "netIncome": 122005000,
        "netIncomeRatio": 0.0710846076,
        "eps": 1.15,
        "epsdiluted": 1.14,
        "weightedAverageShsOut": 106420000,
        "weightedAverageShsOutDil": 107130000,
        "link": "https://www.sec.gov/Archives/edgar/data/315213/000031521323000041/0000315213-23-000041-index.htm",
        "finalLink": "https://www.sec.gov/Archives/edgar/data/315213/000031521323000041/rhi-20230331.htm"
    },
    {
        "date": "2022-12-31",
        "symbol": "RHI",
        "reportedCurrency": "USD",
        "cik": "0000315213",
        "fillingDate": "2023-02-10",
        "acceptedDate": "2023-02-10 15:08:26",
        "calendarYear": "2022",
        "period": "Q4",
        "revenue": 1727026000,
        "costOfRevenue": 1007979000,
        "grossProfit": 719047000,
        "grossProfitRatio": 0.4163498407,
        "researchAndDevelopmentExpenses": 0,
        "generalAndAdministrativeExpenses": 531729000,
        "sellingAndMarketingExpenses": 13400000,
        "sellingGeneralAndAdministrativeExpenses": 545129000,
        "otherExpenses": -1250000,
        "operatingExpenses": 545546000,
        "costAndExpenses": 1553525000,
        "interestIncome": 4778000,
        "interestExpense": 0,
        "depreciationAndAmortization": 13046000,
        "ebitda": 186547000,
        "ebitdaratio": 0.108016324,
        "operatingIncome": 148682000,
        "operatingIncomeRatio": 0.0860913501,
        "totalOtherIncomeExpensesNet": -76568000,
        "incomeBeforeTax": 203098000,
        "incomeBeforeTaxRatio": 0.1175998508,
        "incomeTaxExpense": 55445000,
        "netIncome": 147653000,
        "netIncomeRatio": 0.0854955282,
        "eps": 1.38,
        "epsdiluted": 1.37,
        "weightedAverageShsOut": 106980000,
        "weightedAverageShsOutDil": 107808000,
        "link": "https://www.sec.gov/Archives/edgar/data/315213/000031521323000016/0000315213-23-000016-index.htm",
        "finalLink": "https://www.sec.gov/Archives/edgar/data/315213/000031521323000016/rhi-20221231.htm"
    },
    {
        "date": "2022-09-30",
        "symbol": "RHI",
        "reportedCurrency": "USD",
        "cik": "0000315213",
        "fillingDate": "2022-10-28",
        "acceptedDate": "2022-10-28 15:09:18",
        "calendarYear": "2022",
        "period": "Q3",
        "revenue": 1833455000,
        "costOfRevenue": 1045846000,
        "grossProfit": 787609000,
        "grossProfitRatio": 0.4295764008,
        "researchAndDevelopmentExpenses": 0,
        "generalAndAdministrativeExpenses": 535079000,
        "sellingAndMarketingExpenses": 13500000,
        "sellingGeneralAndAdministrativeExpenses": 548579000,
        "otherExpenses": 0,
        "operatingExpenses": 548996000,
        "costAndExpenses": 1594842000,
        "interestIncome": 2346000,
        "interestExpense": 0,
        "depreciationAndAmortization": 12279000,
        "ebitda": 250892000,
        "ebitdaratio": 0.1368411005,
        "operatingIncome": 253948000,
        "operatingIncomeRatio": 0.138507899,
        "totalOtherIncomeExpensesNet": -12989000,
        "incomeBeforeTax": 225624000,
        "incomeBeforeTaxRatio": 0.1230594697,
        "incomeTaxExpense": 59418000,
        "netIncome": 166206000,
        "netIncomeRatio": 0.0906518022,
        "eps": 1.54,
        "epsdiluted": 1.53,
        "weightedAverageShsOut": 107855000,
        "weightedAverageShsOutDil": 108618000,
        "link": "https://www.sec.gov/Archives/edgar/data/315213/000031521322000090/0000315213-22-000090-index.htm",
        "finalLink": "https://www.sec.gov/Archives/edgar/data/315213/000031521322000090/rhi-20220930.htm"
    },
    {
        "date": "2022-06-30",
        "symbol": "RHI",
        "reportedCurrency": "USD",
        "cik": "0000315213",
        "fillingDate": "2022-08-03",
        "acceptedDate": "2022-08-03 14:25:44",
        "calendarYear": "2022",
        "period": "Q2",
        "revenue": 1862827000,
        "costOfRevenue": 1047280000,
        "grossProfit": 815547000,
        "grossProfitRatio": 0.437800719,
        "researchAndDevelopmentExpenses": 0,
        "generalAndAdministrativeExpenses": 494894000,
        "sellingAndMarketingExpenses": 14500000,
        "sellingGeneralAndAdministrativeExpenses": 509394000,
        "otherExpenses": 0,
        "operatingExpenses": 509810000,
        "costAndExpenses": 1557090000,
        "interestIncome": 718000,
        "interestExpense": 0,
        "depreciationAndAmortization": 12243000,
        "ebitda": 317980000,
        "ebitdaratio": 0.1706975473,
        "operatingIncome": 371359000,
        "operatingIncomeRatio": 0.1993523822,
        "totalOtherIncomeExpensesNet": -64904000,
        "incomeBeforeTax": 240833000,
        "incomeBeforeTaxRatio": 0.1292836103,
        "incomeTaxExpense": 65012000,
        "netIncome": 175821000,
        "netIncomeRatio": 0.0943839659,
        "eps": 1.62,
        "epsdiluted": 1.6,
        "weightedAverageShsOut": 108833000,
        "weightedAverageShsOutDil": 109696000,
        "link": "https://www.sec.gov/Archives/edgar/data/315213/000031521322000071/0000315213-22-000071-index.htm",
        "finalLink": "https://www.sec.gov/Archives/edgar/data/315213/000031521322000071/rhi-20220630.htm"
    },
    {
        "date": "2022-03-31",
        "symbol": "RHI",
        "reportedCurrency": "USD",
        "cik": "0000315213",
        "fillingDate": "2022-05-04",
        "acceptedDate": "2022-05-04 15:03:57",
        "calendarYear": "2022",
        "period": "Q1",
        "revenue": 1814834000,
        "costOfRevenue": 1042988000,
        "grossProfit": 771846000,
        "grossProfitRatio": 0.4252984019,
        "researchAndDevelopmentExpenses": 0,
        "generalAndAdministrativeExpenses": 499994000,
        "sellingAndMarketingExpenses": 14200000,
        "sellingGeneralAndAdministrativeExpenses": 514194000,
        "otherExpenses": 0,
        "operatingExpenses": 514611000,
        "costAndExpenses": 1557599000,
        "interestIncome": 166000,
        "interestExpense": 0,
        "depreciationAndAmortization": 11497000,
        "ebitda": 268732000,
        "ebitdaratio": 0.148075251,
        "operatingIncome": 287236000,
        "operatingIncomeRatio": 0.1582712248,
        "totalOtherIncomeExpensesNet": -29835000,
        "incomeBeforeTax": 227400000,
        "incomeBeforeTaxRatio": 0.1253007162,
        "incomeTaxExpense": 59161000,
        "netIncome": 168239000,
        "netIncomeRatio": 0.0927021425,
        "eps": 1.54,
        "epsdiluted": 1.52,
        "weightedAverageShsOut": 109218000,
        "weightedAverageShsOutDil": 110591000,
        "link": "https://www.sec.gov/Archives/edgar/data/315213/000031521322000044/0000315213-22-000044-index.htm",
        "finalLink": "https://www.sec.gov/Archives/edgar/data/315213/000031521322000044/rhi-20220331.htm"
    },
    {
        "date": "2021-12-31",
        "symbol": "RHI",
        "reportedCurrency": "USD",
        "cik": "0000315213",
        "fillingDate": "2022-02-14",
        "acceptedDate": "2022-02-14 15:27:34",
        "calendarYear": "2021",
        "period": "Q4",
        "revenue": 1769917000,
        "costOfRevenue": 1025799000,
        "grossProfit": 744118000,
        "grossProfitRatio": 0.4204253646,
        "researchAndDevelopmentExpenses": 0,
        "generalAndAdministrativeExpenses": 529351000,
        "sellingAndMarketingExpenses": 15200000,
        "sellingGeneralAndAdministrativeExpenses": 544551000,
        "otherExpenses": -1724000,
        "operatingExpenses": 545068000,
        "costAndExpenses": 1570867000,
        "interestIncome": 52000,
        "interestExpense": 0,
        "depreciationAndAmortization": 52727000,
        "ebitda": 211242000,
        "ebitdaratio": 0.1193513594,
        "operatingIncome": 176010000,
        "operatingIncomeRatio": 0.0994453412,
        "totalOtherIncomeExpensesNet": 22574000,
        "incomeBeforeTax": 222142000,
        "incomeBeforeTaxRatio": 0.1255098403,
        "incomeTaxExpense": 54198000,
        "netIncome": 167944000,
        "netIncomeRatio": 0.0948880654,
        "eps": 1.53,
        "epsdiluted": 1.51,
        "weightedAverageShsOut": 109480000,
        "weightedAverageShsOutDil": 111010000,
        "link": "https://www.sec.gov/Archives/edgar/data/315213/000031521322000018/0000315213-22-000018-index.htm",
        "finalLink": "https://www.sec.gov/Archives/edgar/data/315213/000031521322000018/rhi-20211231.htm"
    },
    {
        "date": "2021-09-30",
        "symbol": "RHI",
        "reportedCurrency": "USD",
        "cik": "0000315213",
        "fillingDate": "2021-10-29",
        "acceptedDate": "2021-10-29 16:46:39",
        "calendarYear": "2021",
        "period": "Q3",
        "revenue": 1712566000,
        "costOfRevenue": 987239000,
        "grossProfit": 725327000,
        "grossProfitRatio": 0.4235322901,
        "researchAndDevelopmentExpenses": 0,
        "generalAndAdministrativeExpenses": 481676000,
        "sellingAndMarketingExpenses": 13900000,
        "sellingGeneralAndAdministrativeExpenses": 495576000,
        "otherExpenses": 0,
        "operatingExpenses": 496148000,
        "costAndExpenses": 1483387000,
        "interestIncome": 238000,
        "interestExpense": 0,
        "depreciationAndAmortization": 13393000,
        "ebitda": 242572000,
        "ebitdaratio": 0.1416424243,
        "operatingIncome": 230938000,
        "operatingIncomeRatio": 0.1348491095,
        "totalOtherIncomeExpensesNet": -1521000,
        "incomeBeforeTax": 227658000,
        "incomeBeforeTaxRatio": 0.1329338548,
        "incomeTaxExpense": 56787000,
        "netIncome": 170871000,
        "netIncomeRatio": 0.0997748408,
        "eps": 1.55,
        "epsdiluted": 1.53,
        "weightedAverageShsOut": 110176000,
        "weightedAverageShsOutDil": 111490000,
        "link": "https://www.sec.gov/Archives/edgar/data/315213/000031521321000093/0000315213-21-000093-index.htm",
        "finalLink": "https://www.sec.gov/Archives/edgar/data/315213/000031521321000093/rhi-20210930.htm"
    },
    {
        "date": "2021-06-30",
        "symbol": "RHI",
        "reportedCurrency": "USD",
        "cik": "0000315213",
        "fillingDate": "2021-08-04",
        "acceptedDate": "2021-08-04 14:06:07",
        "calendarYear": "2021",
        "period": "Q2",
        "revenue": 1580581000,
        "costOfRevenue": 915709000,
        "grossProfit": 664872000,
        "grossProfitRatio": 0.4206503811,
        "researchAndDevelopmentExpenses": 0,
        "generalAndAdministrativeExpenses": 476293000,
        "sellingAndMarketingExpenses": 11800000,
        "sellingGeneralAndAdministrativeExpenses": 488093000,
        "otherExpenses": 0,
        "operatingExpenses": 488669000,
        "costAndExpenses": 1404378000,
        "interestIncome": 0,
        "interestExpense": 151000,
        "depreciationAndAmortization": 14329000,
        "ebitda": 190532000,
        "ebitdaratio": 0.1205455462,
        "operatingIncome": 148393000,
        "operatingIncomeRatio": 0.0938850967,
        "totalOtherIncomeExpensesNet": 27659000,
        "incomeBeforeTax": 203862000,
        "incomeBeforeTaxRatio": 0.1289791539,
        "incomeTaxExpense": 54649000,
        "netIncome": 149213000,
        "netIncomeRatio": 0.0944038933,
        "eps": 1.35,
        "epsdiluted": 1.33,
        "weightedAverageShsOut": 110861000,
        "weightedAverageShsOutDil": 111889000,
        "link": "https://www.sec.gov/Archives/edgar/data/315213/000031521321000083/0000315213-21-000083-index.htm",
        "finalLink": "https://www.sec.gov/Archives/edgar/data/315213/000031521321000083/rhi-20210630.htm"
    },
    {
        "date": "2021-03-31",
        "symbol": "RHI",
        "reportedCurrency": "USD",
        "cik": "0000315213",
        "fillingDate": "2021-04-30",
        "acceptedDate": "2021-04-30 15:30:41",
        "calendarYear": "2021",
        "period": "Q1",
        "revenue": 1398380000,
        "costOfRevenue": 836669000,
        "grossProfit": 561711000,
        "grossProfitRatio": 0.401686952,
        "researchAndDevelopmentExpenses": 0,
        "generalAndAdministrativeExpenses": 414662000,
        "sellingAndMarketingExpenses": 8400000,
        "sellingGeneralAndAdministrativeExpenses": 423062000,
        "otherExpenses": 0,
        "operatingExpenses": 423638000,
        "costAndExpenses": 1260307000,
        "interestIncome": 45000,
        "interestExpense": 0,
        "depreciationAndAmortization": 576000,
        "ebitda": 152611000,
        "ebitdaratio": 0.1091341409,
        "operatingIncome": 126085000,
        "operatingIncomeRatio": 0.0901650481,
        "totalOtherIncomeExpensesNet": 11457000,
        "incomeBeforeTax": 150106000,
        "incomeBeforeTaxRatio": 0.1073427824,
        "incomeTaxExpense": 39508000,
        "netIncome": 110598000,
        "netIncomeRatio": 0.07909009,
        "eps": 0.99,
        "epsdiluted": 0.98,
        "weightedAverageShsOut": 111424000,
        "weightedAverageShsOutDil": 112496000,
        "link": "https://www.sec.gov/Archives/edgar/data/315213/000031521321000059/0000315213-21-000059-index.htm",
        "finalLink": "https://www.sec.gov/Archives/edgar/data/315213/000031521321000059/rhi-20210331.htm"
    },
    {
        "date": "2020-12-31",
        "symbol": "RHI",
        "reportedCurrency": "USD",
        "cik": "0000315213",
        "fillingDate": "2021-02-12",
        "acceptedDate": "2021-02-12 16:25:38",
        "calendarYear": "2020",
        "period": "Q4",
        "revenue": 1304086000,
        "costOfRevenue": 789744000,
        "grossProfit": 514342000,
        "grossProfitRatio": 0.3944080375,
        "researchAndDevelopmentExpenses": 0,
        "generalAndAdministrativeExpenses": 416862000,
        "sellingAndMarketingExpenses": 8300000,
        "sellingGeneralAndAdministrativeExpenses": 425162000,
        "otherExpenses": 0,
        "operatingExpenses": 425378000,
        "costAndExpenses": 1215122000,
        "interestIncome": 79000,
        "interestExpense": 0,
        "depreciationAndAmortization": 217000,
        "ebitda": 104349000,
        "ebitdaratio": 0.0800169621,
        "operatingIncome": 48422000,
        "operatingIncomeRatio": 0.0371309868,
        "totalOtherIncomeExpensesNet": 47953000,
        "incomeBeforeTax": 129585000,
        "incomeBeforeTaxRatio": 0.0993684466,
        "incomeTaxExpense": 35169000,
        "netIncome": 94416000,
        "netIncomeRatio": 0.0724001331,
        "eps": 0.84,
        "epsdiluted": 0.84,
        "weightedAverageShsOut": 112057000,
        "weightedAverageShsOutDil": 112940000,
        "link": "https://www.sec.gov/Archives/edgar/data/315213/000031521321000025/0000315213-21-000025-index.htm",
        "finalLink": "https://www.sec.gov/Archives/edgar/data/315213/000031521321000025/rhi-20201231.htm"
    },
    {
        "date": "2020-09-30",
        "symbol": "RHI",
        "reportedCurrency": "USD",
        "cik": "0000315213",
        "fillingDate": "2020-11-02",
        "acceptedDate": "2020-11-02 16:44:19",
        "calendarYear": "2020",
        "period": "Q3",
        "revenue": 1189897000,
        "costOfRevenue": 722551000,
        "grossProfit": 467346000,
        "grossProfitRatio": 0.3927617264,
        "researchAndDevelopmentExpenses": 0,
        "generalAndAdministrativeExpenses": 383099000,
        "sellingAndMarketingExpenses": 7700000,
        "sellingGeneralAndAdministrativeExpenses": 390799000,
        "otherExpenses": 0,
        "operatingExpenses": 391133000,
        "costAndExpenses": 1113684000,
        "interestIncome": 202000,
        "interestExpense": 0,
        "depreciationAndAmortization": 334000,
        "ebitda": 92135000,
        "ebitdaratio": 0.0774310718,
        "operatingIncome": 50118000,
        "operatingIncomeRatio": 0.042119612,
        "totalOtherIncomeExpensesNet": 25963000,
        "incomeBeforeTax": 102510000,
        "incomeBeforeTaxRatio": 0.0861503139,
        "incomeTaxExpense": 26761000,
        "netIncome": 75749000,
        "netIncomeRatio": 0.0636601319,
        "eps": 0.67,
        "epsdiluted": 0.67,
        "weightedAverageShsOut": 112809000,
        "weightedAverageShsOutDil": 113355000,
        "link": "https://www.sec.gov/Archives/edgar/data/315213/000031521320000093/0000315213-20-000093-index.htm",
        "finalLink": "https://www.sec.gov/Archives/edgar/data/315213/000031521320000093/rhi-20200930.htm"
    },
    {
        "date": "2020-06-30",
        "symbol": "RHI",
        "reportedCurrency": "USD",
        "cik": "0000315213",
        "fillingDate": "2020-08-03",
        "acceptedDate": "2020-08-03 16:26:00",
        "calendarYear": "2020",
        "period": "Q2",
        "revenue": 1108326000,
        "costOfRevenue": 685249000,
        "grossProfit": 423077000,
        "grossProfitRatio": 0.3817261347,
        "researchAndDevelopmentExpenses": 0,
        "generalAndAdministrativeExpenses": 358128000,
        "sellingAndMarketingExpenses": 6700000,
        "sellingGeneralAndAdministrativeExpenses": 364828000,
        "otherExpenses": 0,
        "operatingExpenses": 365158000,
        "costAndExpenses": 1050407000,
        "interestIncome": 105000,
        "interestExpense": 0,
        "depreciationAndAmortization": 330000,
        "ebitda": 24918000,
        "ebitdaratio": 0.0224825548,
        "operatingIncome": 57919000,
        "operatingIncomeRatio": 0.0522580901,
        "totalOtherIncomeExpensesNet": -225000,
        "incomeBeforeTax": 58024000,
        "incomeBeforeTaxRatio": 0.0523528276,
        "incomeTaxExpense": 11828000,
        "netIncome": 46196000,
        "netIncomeRatio": 0.0416808773,
        "eps": 0.41,
        "epsdiluted": 0.41,
        "weightedAverageShsOut": 112865000,
        "weightedAverageShsOutDil": 113121000,
        "link": "https://www.sec.gov/Archives/edgar/data/315213/000031521320000069/0000315213-20-000069-index.htm",
        "finalLink": "https://www.sec.gov/Archives/edgar/data/315213/000031521320000069/rhi-20200630.htm"
    },
    {
        "date": "2020-03-31",
        "symbol": "RHI",
        "reportedCurrency": "USD",
        "cik": "0000315213",
        "fillingDate": "2020-05-04",
        "acceptedDate": "2020-05-04 16:32:15",
        "calendarYear": "2020",
        "period": "Q1",
        "revenue": 1506691000,
        "costOfRevenue": 895974000,
        "grossProfit": 610717000,
        "grossProfitRatio": 0.4053365952,
        "researchAndDevelopmentExpenses": 0,
        "generalAndAdministrativeExpenses": 465073000,
        "sellingAndMarketingExpenses": 14500000,
        "sellingGeneralAndAdministrativeExpenses": 479573000,
        "otherExpenses": 0,
        "operatingExpenses": 479911000,
        "costAndExpenses": 1375885000,
        "interestIncome": 957000,
        "interestExpense": 0,
        "depreciationAndAmortization": 338000,
        "ebitda": 187433000,
        "ebitdaratio": 0.1244004245,
        "operatingIncome": 130806000,
        "operatingIncomeRatio": 0.0868167395,
        "totalOtherIncomeExpensesNet": -39419000,
        "incomeBeforeTax": 131763000,
        "incomeBeforeTaxRatio": 0.0874519062,
        "incomeTaxExpense": 41848000,
        "netIncome": 89915000,
        "netIncomeRatio": 0.0596771335,
        "eps": 0.79,
        "epsdiluted": 0.79,
        "weightedAverageShsOut": 113187000,
        "weightedAverageShsOutDil": 113858000,
        "link": "https://www.sec.gov/Archives/edgar/data/315213/000031521320000046/0000315213-20-000046-index.htm",
        "finalLink": "https://www.sec.gov/Archives/edgar/data/315213/000031521320000046/rhi-20200331.htm"
    },
    {
        "date": "2019-12-31",
        "symbol": "RHI",
        "reportedCurrency": "USD",
        "cik": "0000315213",
        "fillingDate": "2020-02-14",
        "acceptedDate": "2020-02-14 15:38:45",
        "calendarYear": "2019",
        "period": "Q4",
        "revenue": 1537385000,
        "costOfRevenue": 898441000,
        "grossProfit": 638944000,
        "grossProfitRatio": 0.4156044192,
        "researchAndDevelopmentExpenses": 0,
        "generalAndAdministrativeExpenses": 491021000,
        "sellingAndMarketingExpenses": 12900000,
        "sellingGeneralAndAdministrativeExpenses": 503921000,
        "otherExpenses": -1022000,
        "operatingExpenses": 486055000,
        "costAndExpenses": 1384496000,
        "interestIncome": 1357000,
        "interestExpense": 0,
        "depreciationAndAmortization": 339000,
        "ebitda": 153228000,
        "ebitdaratio": 0.0996679426,
        "operatingIncome": 152889000,
        "operatingIncomeRatio": 0.0994474383,
        "totalOtherIncomeExpensesNet": -4000,
        "incomeBeforeTax": 154246000,
        "incomeBeforeTaxRatio": 0.100330106,
        "incomeTaxExpense": 41404000,
        "netIncome": 112842000,
        "netIncomeRatio": 0.0733986607,
        "eps": 0.99,
        "epsdiluted": 0.98,
        "weightedAverageShsOut": 114015000,
        "weightedAverageShsOutDil": 114842000,
        "link": "https://www.sec.gov/Archives/edgar/data/315213/000031521320000029/0000315213-20-000029-index.htm",
        "finalLink": "https://www.sec.gov/Archives/edgar/data/315213/000031521320000029/rhi-20191231.htm"
    },
    {
        "date": "2019-09-30",
        "symbol": "RHI",
        "reportedCurrency": "USD",
        "cik": "0000315213",
        "fillingDate": "2019-11-12",
        "acceptedDate": "2019-11-12 13:02:53",
        "calendarYear": "2019",
        "period": "Q3",
        "revenue": 1552132000,
        "costOfRevenue": 905686000,
        "grossProfit": 646446000,
        "grossProfitRatio": 0.4164890615,
        "researchAndDevelopmentExpenses": 0,
        "generalAndAdministrativeExpenses": 469955000,
        "sellingAndMarketingExpenses": 13600000,
        "sellingGeneralAndAdministrativeExpenses": 483555000,
        "otherExpenses": 0,
        "operatingExpenses": 483894000,
        "costAndExpenses": 1389580000,
        "interestIncome": 1230000,
        "interestExpense": 0,
        "depreciationAndAmortization": 339000,
        "ebitda": 178186000,
        "ebitdaratio": 0.114800803,
        "operatingIncome": 162552000,
        "operatingIncomeRatio": 0.1047282061,
        "totalOtherIncomeExpensesNet": 891000,
        "incomeBeforeTax": 163782000,
        "incomeBeforeTaxRatio": 0.1055206645,
        "incomeTaxExpense": 46601000,
        "netIncome": 117181000,
        "netIncomeRatio": 0.0754968005,
        "eps": 1.02,
        "epsdiluted": 1.01,
        "weightedAverageShsOut": 115181000,
        "weightedAverageShsOutDil": 115868000,
        "link": "https://www.sec.gov/Archives/edgar/data/315213/000031521319000013/0000315213-19-000013-index.htm",
        "finalLink": "https://www.sec.gov/Archives/edgar/data/315213/000031521319000013/rhi9301910q.htm"
    },
    {
        "date": "2019-06-30",
        "symbol": "RHI",
        "reportedCurrency": "USD",
        "cik": "0000315213",
        "fillingDate": "2019-08-02",
        "acceptedDate": "2019-08-02 15:12:17",
        "calendarYear": "2019",
        "period": "Q2",
        "revenue": 1516385000,
        "costOfRevenue": 878844000,
        "grossProfit": 637541000,
        "grossProfitRatio": 0.420434784,
        "researchAndDevelopmentExpenses": 0,
        "generalAndAdministrativeExpenses": 463139000,
        "sellingAndMarketingExpenses": 15000000,
        "sellingGeneralAndAdministrativeExpenses": 478139000,
        "otherExpenses": 0,
        "operatingExpenses": 478480000,
        "costAndExpenses": 1357324000,
        "interestIncome": 1042000,
        "interestExpense": 0,
        "depreciationAndAmortization": 341000,
        "ebitda": 175490000,
        "ebitdaratio": 0.1157291849,
        "operatingIncome": 159061000,
        "operatingIncomeRatio": 0.1048948651,
        "totalOtherIncomeExpensesNet": 1042000,
        "incomeBeforeTax": 160103000,
        "incomeBeforeTaxRatio": 0.1055820257,
        "incomeTaxExpense": 45491000,
        "netIncome": 114612000,
        "netIncomeRatio": 0.0755823884,
        "eps": 0.98,
        "epsdiluted": 0.98,
        "weightedAverageShsOut": 116381000,
        "weightedAverageShsOutDil": 116988000,
        "link": "https://www.sec.gov/Archives/edgar/data/315213/000031521319000005/0000315213-19-000005-index.htm",
        "finalLink": "https://www.sec.gov/Archives/edgar/data/315213/000031521319000005/rhi6301910q.htm"
    },
    {
        "date": "2019-03-31",
        "symbol": "RHI",
        "reportedCurrency": "USD",
        "cik": "0000315213",
        "fillingDate": "2019-05-06",
        "acceptedDate": "2019-05-06 16:24:17",
        "calendarYear": "2019",
        "period": "Q1",
        "revenue": 1468530000,
        "costOfRevenue": 860942000,
        "grossProfit": 607588000,
        "grossProfitRatio": 0.413738909,
        "researchAndDevelopmentExpenses": 0,
        "generalAndAdministrativeExpenses": 448559000,
        "sellingAndMarketingExpenses": 12800000,
        "sellingGeneralAndAdministrativeExpenses": 461359000,
        "otherExpenses": 0,
        "operatingExpenses": 461701000,
        "costAndExpenses": 1322643000,
        "interestIncome": 1496000,
        "interestExpense": 0,
        "depreciationAndAmortization": 342000,
        "ebitda": 161881000,
        "ebitdaratio": 0.1102333626,
        "operatingIncome": 145887000,
        "operatingIncomeRatio": 0.0993421993,
        "totalOtherIncomeExpensesNet": 1496000,
        "incomeBeforeTax": 147383000,
        "incomeBeforeTaxRatio": 0.1003609051,
        "incomeTaxExpense": 37585000,
        "netIncome": 109798000,
        "netIncomeRatio": 0.0747672843,
        "eps": 0.94,
        "epsdiluted": 0.93,
        "weightedAverageShsOut": 117068000,
        "weightedAverageShsOutDil": 117966000,
        "link": "https://www.sec.gov/Archives/edgar/data/315213/000162828019005908/0001628280-19-005908-index.htm",
        "finalLink": "https://www.sec.gov/Archives/edgar/data/315213/000162828019005908/rhi3311910q.htm"
    },
    {
        "date": "2018-12-31",
        "symbol": "RHI",
        "reportedCurrency": "USD",
        "cik": "0000315213",
        "fillingDate": "2019-02-15",
        "acceptedDate": "2019-02-15 15:40:42",
        "calendarYear": "2018",
        "period": "Q4",
        "revenue": 1481658000,
        "costOfRevenue": 861596000,
        "grossProfit": 620062000,
        "grossProfitRatio": 0.4184919867,
        "researchAndDevelopmentExpenses": 0,
        "generalAndAdministrativeExpenses": 453779000,
        "sellingAndMarketingExpenses": 12374000,
        "sellingGeneralAndAdministrativeExpenses": 466153000,
        "otherExpenses": -1334000,
        "operatingExpenses": 466524000,
        "costAndExpenses": 1328120000,
        "interestIncome": 1445000,
        "interestExpense": 0,
        "depreciationAndAmortization": 371000,
        "ebitda": 169809000,
        "ebitdaratio": 0.1146074195,
        "operatingIncome": 153538000,
        "operatingIncomeRatio": 0.103625803,
        "totalOtherIncomeExpensesNet": 1445000,
        "incomeBeforeTax": 154983000,
        "incomeBeforeTaxRatio": 0.1046010618,
        "incomeTaxExpense": 41419000,
        "netIncome": 113564000,
        "netIncomeRatio": 0.0766465676,
        "eps": 0.96,
        "epsdiluted": 0.95,
        "weightedAverageShsOut": 118716000,
        "weightedAverageShsOutDil": 119829000,
        "link": "https://www.sec.gov/Archives/edgar/data/315213/000162828019001488/0001628280-19-001488-index.htm",
        "finalLink": "https://www.sec.gov/Archives/edgar/data/315213/000162828019001488/rhi10k123118.htm"
    },
    {
        "date": "2018-09-30",
        "symbol": "RHI",
        "reportedCurrency": "USD",
        "cik": "0000315213",
        "fillingDate": "2018-11-01",
        "acceptedDate": "2018-11-01 15:14:25",
        "calendarYear": "2018",
        "period": "Q3",
        "revenue": 1466226000,
        "costOfRevenue": 855758000,
        "grossProfit": 610468000,
        "grossProfitRatio": 0.4163532771,
        "researchAndDevelopmentExpenses": 0,
        "generalAndAdministrativeExpenses": 446701000,
        "sellingAndMarketingExpenses": 12629000,
        "sellingGeneralAndAdministrativeExpenses": 459330000,
        "otherExpenses": 0,
        "operatingExpenses": 459759000,
        "costAndExpenses": 1315517000,
        "interestIncome": 1196000,
        "interestExpense": 0,
        "depreciationAndAmortization": 429000,
        "ebitda": 167079000,
        "ebitdaratio": 0.1139517373,
        "operatingIncome": 150709000,
        "operatingIncomeRatio": 0.1027870192,
        "totalOtherIncomeExpensesNet": 1196000,
        "incomeBeforeTax": 151905000,
        "incomeBeforeTaxRatio": 0.1036027188,
        "incomeTaxExpense": 36663000,
        "netIncome": 115242000,
        "netIncomeRatio": 0.0785977059,
        "eps": 0.96,
        "epsdiluted": 0.95,
        "weightedAverageShsOut": 120115000,
        "weightedAverageShsOutDil": 121443000,
        "link": "https://www.sec.gov/Archives/edgar/data/315213/000162828018013306/0001628280-18-013306-index.htm",
        "finalLink": "https://www.sec.gov/Archives/edgar/data/315213/000162828018013306/rhi9301810q.htm"
    },
    {
        "date": "2018-06-30",
        "symbol": "RHI",
        "reportedCurrency": "USD",
        "cik": "0000315213",
        "fillingDate": "2018-08-02",
        "acceptedDate": "2018-08-02 14:41:25",
        "calendarYear": "2018",
        "period": "Q2",
        "revenue": 1457054000,
        "costOfRevenue": 849936000,
        "grossProfit": 607118000,
        "grossProfitRatio": 0.4166750168,
        "researchAndDevelopmentExpenses": 0,
        "generalAndAdministrativeExpenses": 443191000,
        "sellingAndMarketingExpenses": 14416000,
        "sellingGeneralAndAdministrativeExpenses": 457607000,
        "otherExpenses": 0,
        "operatingExpenses": 458049000,
        "costAndExpenses": 1307985000,
        "interestIncome": 1006000,
        "interestExpense": 0,
        "depreciationAndAmortization": 442000,
        "ebitda": 149511000,
        "ebitdaratio": 0.1026118455,
        "operatingIncome": 149069000,
        "operatingIncomeRatio": 0.1023084937,
        "totalOtherIncomeExpensesNet": 1006000,
        "incomeBeforeTax": 150075000,
        "incomeBeforeTaxRatio": 0.102998928,
        "incomeTaxExpense": 40760000,
        "netIncome": 109315000,
        "netIncomeRatio": 0.0750246731,
        "eps": 0.9,
        "epsdiluted": 0.89,
        "weightedAverageShsOut": 121307000,
        "weightedAverageShsOutDil": 122268000,
        "link": "https://www.sec.gov/Archives/edgar/data/315213/000162828018010303/0001628280-18-010303-index.htm",
        "finalLink": "https://www.sec.gov/Archives/edgar/data/315213/000162828018010303/rhi6301810q.htm"
    },
    {
        "date": "2018-03-31",
        "symbol": "RHI",
        "reportedCurrency": "USD",
        "cik": "0000315213",
        "fillingDate": "2018-05-03",
        "acceptedDate": "2018-05-03 15:29:46",
        "calendarYear": "2018",
        "period": "Q1",
        "revenue": 1395333000,
        "costOfRevenue": 822967000,
        "grossProfit": 572366000,
        "grossProfitRatio": 0.4102002891,
        "researchAndDevelopmentExpenses": 0,
        "generalAndAdministrativeExpenses": 424918000,
        "sellingAndMarketingExpenses": 13081000,
        "sellingGeneralAndAdministrativeExpenses": 437999000,
        "otherExpenses": 0,
        "operatingExpenses": 438462000,
        "costAndExpenses": 1261429000,
        "interestIncome": 735000,
        "interestExpense": 0,
        "depreciationAndAmortization": 463000,
        "ebitda": 150620000,
        "ebitdaratio": 0.1079455585,
        "operatingIncome": 133904000,
        "operatingIncomeRatio": 0.0959656225,
        "totalOtherIncomeExpensesNet": 735000,
        "incomeBeforeTax": 134639000,
        "incomeBeforeTaxRatio": 0.0964923785,
        "incomeTaxExpense": 38472000,
        "netIncome": 96167000,
        "netIncomeRatio": 0.0689204656,
        "eps": 0.79,
        "epsdiluted": 0.78,
        "weightedAverageShsOut": 121934000,
        "weightedAverageShsOutDil": 122887000,
        "link": "https://www.sec.gov/Archives/edgar/data/315213/000162828018005819/0001628280-18-005819-index.htm",
        "finalLink": "https://www.sec.gov/Archives/edgar/data/315213/000162828018005819/rhi3311810q.htm"
    },
    {
        "date": "2017-12-31",
        "symbol": "RHI",
        "reportedCurrency": "USD",
        "cik": "0000315213",
        "fillingDate": "2018-02-20",
        "acceptedDate": "2018-02-20 16:42:39",
        "calendarYear": "2017",
        "period": "Q4",
        "revenue": 1346282000,
        "costOfRevenue": 793136000,
        "grossProfit": 553146000,
        "grossProfitRatio": 0.4108693424,
        "researchAndDevelopmentExpenses": 0,
        "generalAndAdministrativeExpenses": 410697000,
        "sellingAndMarketingExpenses": 13686000,
        "sellingGeneralAndAdministrativeExpenses": 424383000,
        "otherExpenses": -1147000,
        "operatingExpenses": 424799000,
        "costAndExpenses": 1217935000,
        "interestIncome": 691000,
        "interestExpense": 0,
        "depreciationAndAmortization": 416000,
        "ebitda": 144777000,
        "ebitdaratio": 0.1075383909,
        "operatingIncome": 128347000,
        "operatingIncomeRatio": 0.0953344099,
        "totalOtherIncomeExpensesNet": 691000,
        "incomeBeforeTax": 129038000,
        "incomeBeforeTaxRatio": 0.0958476753,
        "incomeTaxExpense": 81991000,
        "netIncome": 47047000,
        "netIncomeRatio": 0.0349458732,
        "eps": 0.38,
        "epsdiluted": 0.38,
        "weightedAverageShsOut": 122907000,
        "weightedAverageShsOutDil": 123869000,
        "link": "https://www.sec.gov/Archives/edgar/data/315213/000162828018001911/0001628280-18-001911-index.htm",
        "finalLink": "https://www.sec.gov/Archives/edgar/data/315213/000162828018001911/rhi10k123117.htm"
    },
    {
        "date": "2017-09-30",
        "symbol": "RHI",
        "reportedCurrency": "USD",
        "cik": "0000315213",
        "fillingDate": "2017-11-03",
        "acceptedDate": "2017-11-03 13:21:50",
        "calendarYear": "2017",
        "period": "Q3",
        "revenue": 1324709000,
        "costOfRevenue": 778309000,
        "grossProfit": 546400000,
        "grossProfitRatio": 0.4124679458,
        "researchAndDevelopmentExpenses": 0,
        "generalAndAdministrativeExpenses": 402128000,
        "sellingAndMarketingExpenses": 12051000,
        "sellingGeneralAndAdministrativeExpenses": 414179000,
        "otherExpenses": 0,
        "operatingExpenses": 414660000,
        "costAndExpenses": 1192969000,
        "interestIncome": 530000,
        "interestExpense": 0,
        "depreciationAndAmortization": 481000,
        "ebitda": 148292000,
        "ebitdaratio": 0.1119430758,
        "operatingIncome": 131740000,
        "operatingIncomeRatio": 0.0994482562,
        "totalOtherIncomeExpensesNet": 530000,
        "incomeBeforeTax": 132270000,
        "incomeBeforeTaxRatio": 0.0998483441,
        "incomeTaxExpense": 47570000,
        "netIncome": 84700000,
        "netIncomeRatio": 0.0639385707,
        "eps": 0.69,
        "epsdiluted": 0.68,
        "weightedAverageShsOut": 123569000,
        "weightedAverageShsOutDil": 124200000,
        "link": "https://www.sec.gov/Archives/edgar/data/315213/000162828017010794/0001628280-17-010794-index.htm",
        "finalLink": "https://www.sec.gov/Archives/edgar/data/315213/000162828017010794/rhi9301710q.htm"
    },
    {
        "date": "2017-06-30",
        "symbol": "RHI",
        "reportedCurrency": "USD",
        "cik": "0000315213",
        "fillingDate": "2017-08-03",
        "acceptedDate": "2017-08-03 14:13:59",
        "calendarYear": "2017",
        "period": "Q2",
        "revenue": 1308428000,
        "costOfRevenue": 769990000,
        "grossProfit": 538438000,
        "grossProfitRatio": 0.4115151923,
        "researchAndDevelopmentExpenses": 0,
        "generalAndAdministrativeExpenses": 395496000,
        "sellingAndMarketingExpenses": 12225000,
        "sellingGeneralAndAdministrativeExpenses": 407721000,
        "otherExpenses": 0,
        "operatingExpenses": 408086000,
        "costAndExpenses": 1178076000,
        "interestIncome": 355000,
        "interestExpense": 0,
        "depreciationAndAmortization": 365000,
        "ebitda": 146663000,
        "ebitdaratio": 0.1120909977,
        "operatingIncome": 130352000,
        "operatingIncomeRatio": 0.0996248934,
        "totalOtherIncomeExpensesNet": 355000,
        "incomeBeforeTax": 130707000,
        "incomeBeforeTaxRatio": 0.0998962113,
        "incomeTaxExpense": 50391000,
        "netIncome": 80316000,
        "netIncomeRatio": 0.061383584,
        "eps": 0.64,
        "epsdiluted": 0.64,
        "weightedAverageShsOut": 124617000,
        "weightedAverageShsOutDil": 125104000,
        "link": "https://www.sec.gov/Archives/edgar/data/315213/000162828017007951/0001628280-17-007951-index.htm",
        "finalLink": "https://www.sec.gov/Archives/edgar/data/315213/000162828017007951/rhi6301710q.htm"
    },
    {
        "date": "2017-03-31",
        "symbol": "RHI",
        "reportedCurrency": "USD",
        "cik": "0000315213",
        "fillingDate": "2017-05-05",
        "acceptedDate": "2017-05-05 16:09:45",
        "calendarYear": "2017",
        "period": "Q1",
        "revenue": 1287370000,
        "costOfRevenue": 761542000,
        "grossProfit": 525828000,
        "grossProfitRatio": 0.4084513388,
        "researchAndDevelopmentExpenses": 0,
        "generalAndAdministrativeExpenses": 388778000,
        "sellingAndMarketingExpenses": 11471000,
        "sellingGeneralAndAdministrativeExpenses": 400249000,
        "otherExpenses": 0,
        "operatingExpenses": 400550000,
        "costAndExpenses": 1162092000,
        "interestIncome": 223000,
        "interestExpense": 0,
        "depreciationAndAmortization": 301000,
        "ebitda": 141478000,
        "ebitdaratio": 0.1098969216,
        "operatingIncome": 125278000,
        "operatingIncomeRatio": 0.0973131268,
        "totalOtherIncomeExpensesNet": 223000,
        "incomeBeforeTax": 125501000,
        "incomeBeforeTaxRatio": 0.0974863481,
        "incomeTaxExpense": 46980000,
        "netIncome": 78521000,
        "netIncomeRatio": 0.060993343,
        "eps": 0.63,
        "epsdiluted": 0.62,
        "weightedAverageShsOut": 125537000,
        "weightedAverageShsOutDil": 126418000,
        "link": "https://www.sec.gov/Archives/edgar/data/315213/000162828017005044/0001628280-17-005044-index.htm",
        "finalLink": "https://www.sec.gov/Archives/edgar/data/315213/000162828017005044/rhi3311710q.htm"
    },
    {
        "date": "2016-12-31",
        "symbol": "RHI",
        "reportedCurrency": "USD",
        "cik": "0000315213",
        "fillingDate": "2017-02-13",
        "acceptedDate": "2017-02-13 17:08:23",
        "calendarYear": "2016",
        "period": "Q4",
        "revenue": 1265073000,
        "costOfRevenue": 745871000,
        "grossProfit": 519202000,
        "grossProfitRatio": 0.4104126797,
        "researchAndDevelopmentExpenses": 0,
        "generalAndAdministrativeExpenses": 383109000,
        "sellingAndMarketingExpenses": 11396000,
        "sellingGeneralAndAdministrativeExpenses": 394505000,
        "otherExpenses": -928000,
        "operatingExpenses": 394814000,
        "costAndExpenses": 1140685000,
        "interestIncome": 193000,
        "interestExpense": 0,
        "depreciationAndAmortization": 309000,
        "ebitda": 141004000,
        "ebitdaratio": 0.1114591806,
        "operatingIncome": 124388000,
        "operatingIncomeRatio": 0.0983247607,
        "totalOtherIncomeExpensesNet": 193000,
        "incomeBeforeTax": 124581000,
        "incomeBeforeTaxRatio": 0.0984773211,
        "incomeTaxExpense": 46793000,
        "netIncome": 77788000,
        "netIncomeRatio": 0.0614889417,
        "eps": 0.61,
        "epsdiluted": 0.61,
        "weightedAverageShsOut": 126491000,
        "weightedAverageShsOutDil": 127416000,
        "link": "https://www.sec.gov/Archives/edgar/data/315213/000162828017001192/0001628280-17-001192-index.htm",
        "finalLink": "https://www.sec.gov/Archives/edgar/data/315213/000162828017001192/rhi10k123116.htm"
    },
    {
        "date": "2016-09-30",
        "symbol": "RHI",
        "reportedCurrency": "USD",
        "cik": "0000315213",
        "fillingDate": "2016-11-03",
        "acceptedDate": "2016-11-03 16:20:50",
        "calendarYear": "2016",
        "period": "Q3",
        "revenue": 1338541000,
        "costOfRevenue": 786032000,
        "grossProfit": 552509000,
        "grossProfitRatio": 0.4127695752,
        "researchAndDevelopmentExpenses": 0,
        "generalAndAdministrativeExpenses": 393570000,
        "sellingAndMarketingExpenses": 12572000,
        "sellingGeneralAndAdministrativeExpenses": 406142000,
        "otherExpenses": 0,
        "operatingExpenses": 406468000,
        "costAndExpenses": 1192500000,
        "interestIncome": 283000,
        "interestExpense": 0,
        "depreciationAndAmortization": 326000,
        "ebitda": 162428000,
        "ebitdaratio": 0.1213470488,
        "operatingIncome": 146041000,
        "operatingIncomeRatio": 0.1091046147,
        "totalOtherIncomeExpensesNet": 283000,
        "incomeBeforeTax": 146324000,
        "incomeBeforeTaxRatio": 0.1093160389,
        "incomeTaxExpense": 55755000,
        "netIncome": 90569000,
        "netIncomeRatio": 0.0676624773,
        "eps": 0.71,
        "epsdiluted": 0.71,
        "weightedAverageShsOut": 127615000,
        "weightedAverageShsOutDil": 128191000,
        "link": "https://www.sec.gov/Archives/edgar/data/315213/000162828016020750/0001628280-16-020750-index.htm",
        "finalLink": "https://www.sec.gov/Archives/edgar/data/315213/000162828016020750/rhi9301610q.htm"
    },
    {
        "date": "2016-06-30",
        "symbol": "RHI",
        "reportedCurrency": "USD",
        "cik": "0000315213",
        "fillingDate": "2016-08-04",
        "acceptedDate": "2016-08-04 14:11:55",
        "calendarYear": "2016",
        "period": "Q2",
        "revenue": 1344160000,
        "costOfRevenue": 787167000,
        "grossProfit": 556993000,
        "grossProfitRatio": 0.4143799845,
        "researchAndDevelopmentExpenses": 0,
        "generalAndAdministrativeExpenses": 395412000,
        "sellingAndMarketingExpenses": 12084000,
        "sellingGeneralAndAdministrativeExpenses": 407496000,
        "otherExpenses": 0,
        "operatingExpenses": 407810000,
        "costAndExpenses": 1194977000,
        "interestIncome": 231000,
        "interestExpense": 0,
        "depreciationAndAmortization": 15901000,
        "ebitda": 165084000,
        "ebitdaratio": 0.1228157362,
        "operatingIncome": 149183000,
        "operatingIncomeRatio": 0.1109860433,
        "totalOtherIncomeExpensesNet": -83000,
        "incomeBeforeTax": 149414000,
        "incomeBeforeTaxRatio": 0.1111578979,
        "incomeTaxExpense": 57798000,
        "netIncome": 91616000,
        "netIncomeRatio": 0.0681585526,
        "eps": 0.71,
        "epsdiluted": 0.71,
        "weightedAverageShsOut": 128586000,
        "weightedAverageShsOutDil": 129329000,
        "link": "https://www.sec.gov/Archives/edgar/data/315213/000162828016018463/0001628280-16-018463-index.htm",
        "finalLink": "https://www.sec.gov/Archives/edgar/data/315213/000162828016018463/rhi6301610q.htm"
    },
    {
        "date": "2016-03-31",
        "symbol": "RHI",
        "reportedCurrency": "USD",
        "cik": "0000315213",
        "fillingDate": "2016-05-06",
        "acceptedDate": "2016-05-06 14:39:11",
        "calendarYear": "2016",
        "period": "Q1",
        "revenue": 1302625000,
        "costOfRevenue": 770653000,
        "grossProfit": 531972000,
        "grossProfitRatio": 0.408384608,
        "researchAndDevelopmentExpenses": 0,
        "generalAndAdministrativeExpenses": 386813000,
        "sellingAndMarketingExpenses": 11261000,
        "sellingGeneralAndAdministrativeExpenses": 398074000,
        "otherExpenses": 0,
        "operatingExpenses": 398362000,
        "costAndExpenses": 1169015000,
        "interestIncome": 181000,
        "interestExpense": 0,
        "depreciationAndAmortization": 288000,
        "ebitda": 133898000,
        "ebitdaratio": 0.102790903,
        "operatingIncome": 133610000,
        "operatingIncomeRatio": 0.102569811,
        "totalOtherIncomeExpensesNet": -107000,
        "incomeBeforeTax": 133791000,
        "incomeBeforeTaxRatio": 0.1027087612,
        "incomeTaxExpense": 50375000,
        "netIncome": 83416000,
        "netIncomeRatio": 0.0640368487,
        "eps": 0.65,
        "epsdiluted": 0.64,
        "weightedAverageShsOut": 129281000,
        "weightedAverageShsOutDil": 130137000,
        "link": "https://www.sec.gov/Archives/edgar/data/315213/000162828016015802/0001628280-16-015802-index.htm",
        "finalLink": "https://www.sec.gov/Archives/edgar/data/315213/000162828016015802/rhi3311610q.htm"
    },
    {
        "date": "2015-12-31",
        "symbol": "RHI",
        "reportedCurrency": "USD",
        "cik": "0000315213",
        "fillingDate": "2016-02-17",
        "acceptedDate": "2016-02-17 16:05:36",
        "calendarYear": "2015",
        "period": "Q4",
        "revenue": 1304594000,
        "costOfRevenue": 764513000,
        "grossProfit": 540081000,
        "grossProfitRatio": 0.4139839674,
        "researchAndDevelopmentExpenses": 0,
        "generalAndAdministrativeExpenses": 1138075000,
        "sellingAndMarketingExpenses": 10287000,
        "sellingGeneralAndAdministrativeExpenses": 395724000,
        "otherExpenses": 0,
        "operatingExpenses": 395916000,
        "costAndExpenses": 1160429000,
        "interestIncome": 150000,
        "interestExpense": 0,
        "depreciationAndAmortization": 192000,
        "ebitda": 144357000,
        "ebitdaratio": 0.1106528161,
        "operatingIncome": 144165000,
        "operatingIncomeRatio": 0.1105056439,
        "totalOtherIncomeExpensesNet": -42000,
        "incomeBeforeTax": 144315000,
        "incomeBeforeTaxRatio": 0.1106206222,
        "incomeTaxExpense": 50872000,
        "netIncome": 93443000,
        "netIncomeRatio": 0.0716261151,
        "eps": 0.72,
        "epsdiluted": 0.71,
        "weightedAverageShsOut": 130156000,
        "weightedAverageShsOutDil": 131412000,
        "link": "https://www.sec.gov/Archives/edgar/data/315213/000162828016011322/0001628280-16-011322-index.htm",
        "finalLink": "https://www.sec.gov/Archives/edgar/data/315213/000162828016011322/rhi10k123115.htm"
    },
    {
        "date": "2015-09-30",
        "symbol": "RHI",
        "reportedCurrency": "USD",
        "cik": "0000315213",
        "fillingDate": "2015-11-02",
        "acceptedDate": "2015-11-02 15:32:42",
        "calendarYear": "2015",
        "period": "Q3",
        "revenue": 1312718000,
        "costOfRevenue": 762917000,
        "grossProfit": 549801000,
        "grossProfitRatio": 0.4188264349,
        "researchAndDevelopmentExpenses": 0,
        "generalAndAdministrativeExpenses": 379117000,
        "sellingAndMarketingExpenses": 11618000,
        "sellingGeneralAndAdministrativeExpenses": 390735000,
        "otherExpenses": 0,
        "operatingExpenses": 390735000,
        "costAndExpenses": 1153652000,
        "interestIncome": 240000,
        "interestExpense": 0,
        "depreciationAndAmortization": 12919000,
        "ebitda": 171985000,
        "ebitdaratio": 0.1310144296,
        "operatingIncome": 146147000,
        "operatingIncomeRatio": 0.1113316036,
        "totalOtherIncomeExpensesNet": 240000,
        "incomeBeforeTax": 159306000,
        "incomeBeforeTaxRatio": 0.1213558434,
        "incomeTaxExpense": 62581000,
        "netIncome": 96725000,
        "netIncomeRatio": 0.0736829997,
        "eps": 0.74,
        "epsdiluted": 0.73,
        "weightedAverageShsOut": 131285000,
        "weightedAverageShsOutDil": 132488000,
        "link": "https://www.sec.gov/Archives/edgar/data/315213/000162828015008118/0001628280-15-008118-index.htm",
        "finalLink": "https://www.sec.gov/Archives/edgar/data/315213/000162828015008118/rhi9301510q.htm"
    },
    {
        "date": "2015-06-30",
        "symbol": "RHI",
        "reportedCurrency": "USD",
        "cik": "0000315213",
        "fillingDate": "2015-08-03",
        "acceptedDate": "2015-08-03 14:10:14",
        "calendarYear": "2015",
        "period": "Q2",
        "revenue": 1272058000,
        "costOfRevenue": 741556000,
        "grossProfit": 530502000,
        "grossProfitRatio": 0.4170423047,
        "researchAndDevelopmentExpenses": 0,
        "generalAndAdministrativeExpenses": 370310000,
        "sellingAndMarketingExpenses": 11045000,
        "sellingGeneralAndAdministrativeExpenses": 381355000,
        "otherExpenses": 0,
        "operatingExpenses": 381355000,
        "costAndExpenses": 1122911000,
        "interestIncome": 88000,
        "interestExpense": 0,
        "depreciationAndAmortization": 13562000,
        "ebitda": 162709000,
        "ebitdaratio": 0.1279100481,
        "operatingIncome": 135585000,
        "operatingIncomeRatio": 0.106587121,
        "totalOtherIncomeExpensesNet": 88000,
        "incomeBeforeTax": 149235000,
        "incomeBeforeTaxRatio": 0.1173177638,
        "incomeTaxExpense": 59529000,
        "netIncome": 89706000,
        "netIncomeRatio": 0.0705203694,
        "eps": 0.68,
        "epsdiluted": 0.67,
        "weightedAverageShsOut": 132499000,
        "weightedAverageShsOutDil": 133553000,
        "link": "https://www.sec.gov/Archives/edgar/data/315213/000162828015005942/0001628280-15-005942-index.htm",
        "finalLink": "https://www.sec.gov/Archives/edgar/data/315213/000162828015005942/rhi6301510q.htm"
    },
    {
        "date": "2015-03-31",
        "symbol": "RHI",
        "reportedCurrency": "USD",
        "cik": "0000315213",
        "fillingDate": "2015-05-08",
        "acceptedDate": "2015-05-08 14:11:11",
        "calendarYear": "2015",
        "period": "Q1",
        "revenue": 1205563000,
        "costOfRevenue": 711476000,
        "grossProfit": 494087000,
        "grossProfitRatio": 0.4098392203,
        "researchAndDevelopmentExpenses": 0,
        "generalAndAdministrativeExpenses": 354921000,
        "sellingAndMarketingExpenses": 11064000,
        "sellingGeneralAndAdministrativeExpenses": 365985000,
        "otherExpenses": 0,
        "operatingExpenses": 365985000,
        "costAndExpenses": 1077461000,
        "interestIncome": 72000,
        "interestExpense": 0,
        "depreciationAndAmortization": 13006000,
        "ebitda": 141108000,
        "ebitdaratio": 0.1170473878,
        "operatingIncome": 115096000,
        "operatingIncomeRatio": 0.0954707469,
        "totalOtherIncomeExpensesNet": 72000,
        "incomeBeforeTax": 128174000,
        "incomeBeforeTaxRatio": 0.1063187905,
        "incomeTaxExpense": 50252000,
        "netIncome": 77922000,
        "netIncomeRatio": 0.0646353612,
        "eps": 0.59,
        "epsdiluted": 0.58,
        "weightedAverageShsOut": 133077000,
        "weightedAverageShsOutDil": 134286000,
        "link": "https://www.sec.gov/Archives/edgar/data/315213/000162828015003944/0001628280-15-003944-index.htm",
        "finalLink": "https://www.sec.gov/Archives/edgar/data/315213/000162828015003944/rhi3311510q.htm"
    },
    {
        "date": "2014-12-31",
        "symbol": "RHI",
        "reportedCurrency": "USD",
        "cik": "0000315213",
        "fillingDate": "2015-02-13",
        "acceptedDate": "2015-02-13 16:12:53",
        "calendarYear": "2014",
        "period": "Q4",
        "revenue": 1221450000,
        "costOfRevenue": 720693000,
        "grossProfit": 500757000,
        "grossProfitRatio": 0.4099692988,
        "researchAndDevelopmentExpenses": 0,
        "generalAndAdministrativeExpenses": 1058144000,
        "sellingAndMarketingExpenses": 42335000,
        "sellingGeneralAndAdministrativeExpenses": 367590000,
        "otherExpenses": -557000,
        "operatingExpenses": 367590000,
        "costAndExpenses": 1088283000,
        "interestIncome": 154000,
        "interestExpense": 0,
        "depreciationAndAmortization": 12954000,
        "ebitda": 133167000,
        "ebitdaratio": 0.1090237013,
        "operatingIncome": 120213000,
        "operatingIncomeRatio": 0.0984182734,
        "totalOtherIncomeExpensesNet": 13108000,
        "incomeBeforeTax": 133321000,
        "incomeBeforeTaxRatio": 0.109149781,
        "incomeTaxExpense": 49268000,
        "netIncome": 84053000,
        "netIncomeRatio": 0.0688141144,
        "eps": 0.63,
        "epsdiluted": 0.62,
        "weightedAverageShsOut": 133362000,
        "weightedAverageShsOutDil": 134944000,
        "link": "https://www.sec.gov/Archives/edgar/data/315213/000162828015000736/0001628280-15-000736-index.htm",
        "finalLink": "https://www.sec.gov/Archives/edgar/data/315213/000162828015000736/rhi10k123114.htm"
    },
    {
        "date": "2014-09-30",
        "symbol": "RHI",
        "reportedCurrency": "USD",
        "cik": "0000315213",
        "fillingDate": "2014-10-31",
        "acceptedDate": "2014-10-31 13:44:25",
        "calendarYear": "2014",
        "period": "Q3",
        "revenue": 1224308000,
        "costOfRevenue": 719088000,
        "grossProfit": 505220000,
        "grossProfitRatio": 0.4126575992,
        "researchAndDevelopmentExpenses": 0,
        "generalAndAdministrativeExpenses": 0,
        "sellingAndMarketingExpenses": 0,
        "sellingGeneralAndAdministrativeExpenses": 366967000,
        "otherExpenses": 0,
        "operatingExpenses": 366967000,
        "costAndExpenses": 1086055000,
        "interestIncome": 108000,
        "interestExpense": 0,
        "depreciationAndAmortization": 12107000,
        "ebitda": 150360000,
        "ebitdaratio": 0.1228122335,
        "operatingIncome": 126146000,
        "operatingIncomeRatio": 0.1030345305,
        "totalOtherIncomeExpensesNet": 108000,
        "incomeBeforeTax": 138361000,
        "incomeBeforeTaxRatio": 0.1130115951,
        "incomeTaxExpense": 53177000,
        "netIncome": 85184000,
        "netIncomeRatio": 0.0695772632,
        "eps": 0.64,
        "epsdiluted": 0.63,
        "weightedAverageShsOut": 134054000,
        "weightedAverageShsOutDil": 135366000,
        "link": "https://www.sec.gov/Archives/edgar/data/315213/000144530514004655/0001445305-14-004655-index.htm",
        "finalLink": "https://www.sec.gov/Archives/edgar/data/315213/000144530514004655/rhi9301410q.htm"
    },
    {
        "date": "2014-06-30",
        "symbol": "RHI",
        "reportedCurrency": "USD",
        "cik": "0000315213",
        "fillingDate": "2014-08-01",
        "acceptedDate": "2014-08-01 13:36:14",
        "calendarYear": "2014",
        "period": "Q2",
        "revenue": 1164914000,
        "costOfRevenue": 686470000,
        "grossProfit": 478444000,
        "grossProfitRatio": 0.4107118637,
        "researchAndDevelopmentExpenses": 0,
        "generalAndAdministrativeExpenses": 0,
        "sellingAndMarketingExpenses": 0,
        "sellingGeneralAndAdministrativeExpenses": 354791000,
        "otherExpenses": 0,
        "operatingExpenses": 355015000,
        "costAndExpenses": 1041485000,
        "interestIncome": 224000,
        "interestExpense": 0,
        "depreciationAndAmortization": 224000,
        "ebitda": 123653000,
        "ebitdaratio": 0.10614775,
        "operatingIncome": 123429000,
        "operatingIncomeRatio": 0.1059554611,
        "totalOtherIncomeExpensesNet": 0,
        "incomeBeforeTax": 123653000,
        "incomeBeforeTaxRatio": 0.10614775,
        "incomeTaxExpense": 48513000,
        "netIncome": 75140000,
        "netIncomeRatio": 0.0645026156,
        "eps": 0.56,
        "epsdiluted": 0.55,
        "weightedAverageShsOut": 134699000,
        "weightedAverageShsOutDil": 135708000,
        "link": "https://www.sec.gov/Archives/edgar/data/315213/000119312514291250/0001193125-14-291250-index.htm",
        "finalLink": "https://www.sec.gov/Archives/edgar/data/315213/000119312514291250/d746048d10q.htm"
    },
    {
        "date": "2014-03-31",
        "symbol": "RHI",
        "reportedCurrency": "USD",
        "cik": "0000315213",
        "fillingDate": "2014-05-09",
        "acceptedDate": "2014-05-09 13:24:26",
        "calendarYear": "2014",
        "period": "Q1",
        "revenue": 1084342000,
        "costOfRevenue": 645847000,
        "grossProfit": 438495000,
        "grossProfitRatio": 0.404388099,
        "researchAndDevelopmentExpenses": 0,
        "generalAndAdministrativeExpenses": 0,
        "sellingAndMarketingExpenses": 0,
        "sellingGeneralAndAdministrativeExpenses": 336386000,
        "otherExpenses": 0,
        "operatingExpenses": 336719000,
        "costAndExpenses": 982566000,
        "interestIncome": 238000,
        "interestExpense": 0,
        "depreciationAndAmortization": 333000,
        "ebitda": 102109000,
        "ebitdaratio": 0.094166785,
        "operatingIncome": 101776000,
        "operatingIncomeRatio": 0.0938596863,
        "totalOtherIncomeExpensesNet": -95000,
        "incomeBeforeTax": 102014000,
        "incomeBeforeTaxRatio": 0.0940791743,
        "incomeTaxExpense": 40463000,
        "netIncome": 61551000,
        "netIncomeRatio": 0.0567634565,
        "eps": 0.45,
        "epsdiluted": 0.45,
        "weightedAverageShsOut": 135333000,
        "weightedAverageShsOutDil": 136161000,
        "link": "https://www.sec.gov/Archives/edgar/data/315213/000119312514191961/0001193125-14-191961-index.htm",
        "finalLink": "https://www.sec.gov/Archives/edgar/data/315213/000119312514191961/d699085d10q.htm"
    },
    {
        "date": "2013-12-31",
        "symbol": "RHI",
        "reportedCurrency": "USD",
        "cik": "0000315213",
        "fillingDate": "2014-02-14",
        "acceptedDate": "2014-02-14 15:10:19",
        "calendarYear": "2013",
        "period": "Q4",
        "revenue": 1083864000,
        "costOfRevenue": 640648000,
        "grossProfit": 443216000,
        "grossProfitRatio": 0.4089221526,
        "researchAndDevelopmentExpenses": 0,
        "generalAndAdministrativeExpenses": 300306000,
        "sellingAndMarketingExpenses": 38845000,
        "sellingGeneralAndAdministrativeExpenses": 339151000,
        "otherExpenses": -1300000,
        "operatingExpenses": 339551000,
        "costAndExpenses": 980199000,
        "interestIncome": 229000,
        "interestExpense": 0,
        "depreciationAndAmortization": 12477000,
        "ebitda": 116142000,
        "ebitdaratio": 0.1071555103,
        "operatingIncome": 103665000,
        "operatingIncomeRatio": 0.0956439184,
        "totalOtherIncomeExpensesNet": -1471000,
        "incomeBeforeTax": 103894000,
        "incomeBeforeTaxRatio": 0.0958551995,
        "incomeTaxExpense": 37009000,
        "netIncome": 66885000,
        "netIncomeRatio": 0.0617097717,
        "eps": 0.49,
        "epsdiluted": 0.49,
        "weightedAverageShsOut": 135205000,
        "weightedAverageShsOutDil": 137079000,
        "link": "https://www.sec.gov/Archives/edgar/data/315213/000119312514054441/0001193125-14-054441-index.htm",
        "finalLink": "https://www.sec.gov/Archives/edgar/data/315213/000119312514054441/d635026d10k.htm"
    },
    {
        "date": "2013-09-30",
        "symbol": "RHI",
        "reportedCurrency": "USD",
        "cik": "0000315213",
        "fillingDate": "2013-11-01",
        "acceptedDate": "2013-11-01 14:26:14",
        "calendarYear": "2013",
        "period": "Q3",
        "revenue": 1075119000,
        "costOfRevenue": 637641000,
        "grossProfit": 437478000,
        "grossProfitRatio": 0.4069112349,
        "researchAndDevelopmentExpenses": 0,
        "generalAndAdministrativeExpenses": 0,
        "sellingAndMarketingExpenses": 0,
        "sellingGeneralAndAdministrativeExpenses": 333565000,
        "otherExpenses": 0,
        "operatingExpenses": 333998000,
        "costAndExpenses": 971639000,
        "interestIncome": 233000,
        "interestExpense": 0,
        "depreciationAndAmortization": 433000,
        "ebitda": 103913000,
        "ebitdaratio": 0.0966525566,
        "operatingIncome": 103480000,
        "operatingIncomeRatio": 0.0962498105,
        "totalOtherIncomeExpensesNet": -200000,
        "incomeBeforeTax": 103713000,
        "incomeBeforeTaxRatio": 0.0964665307,
        "incomeTaxExpense": 37355000,
        "netIncome": 66358000,
        "netIncomeRatio": 0.0617215397,
        "eps": 0.49,
        "epsdiluted": 0.48,
        "weightedAverageShsOut": 135727000,
        "weightedAverageShsOutDil": 137241000,
        "link": "https://www.sec.gov/Archives/edgar/data/315213/000119312513422708/0001193125-13-422708-index.htm",
        "finalLink": "https://www.sec.gov/Archives/edgar/data/315213/000119312513422708/d586405d10q.htm"
    },
    {
        "date": "2013-06-30",
        "symbol": "RHI",
        "reportedCurrency": "USD",
        "cik": "0000315213",
        "fillingDate": "2013-08-02",
        "acceptedDate": "2013-08-02 12:41:13",
        "calendarYear": "2013",
        "period": "Q2",
        "revenue": 1063228000,
        "costOfRevenue": 631120000,
        "grossProfit": 432108000,
        "grossProfitRatio": 0.4064114188,
        "researchAndDevelopmentExpenses": 0,
        "generalAndAdministrativeExpenses": 0,
        "sellingAndMarketingExpenses": 0,
        "sellingGeneralAndAdministrativeExpenses": 331314000,
        "otherExpenses": 0,
        "operatingExpenses": 331748000,
        "costAndExpenses": 962868000,
        "interestIncome": 236000,
        "interestExpense": 0,
        "depreciationAndAmortization": 434000,
        "ebitda": 100794000,
        "ebitdaratio": 0.0947999865,
        "operatingIncome": 100360000,
        "operatingIncomeRatio": 0.0943917956,
        "totalOtherIncomeExpensesNet": 236000,
        "incomeBeforeTax": 100596000,
        "incomeBeforeTaxRatio": 0.0946137611,
        "incomeTaxExpense": 37507000,
        "netIncome": 63089000,
        "netIncomeRatio": 0.0593372259,
        "eps": 0.46,
        "epsdiluted": 0.46,
        "weightedAverageShsOut": 136385000,
        "weightedAverageShsOutDil": 137659000,
        "link": "https://www.sec.gov/Archives/edgar/data/315213/000119312513316706/0001193125-13-316706-index.htm",
        "finalLink": "https://www.sec.gov/Archives/edgar/data/315213/000119312513316706/d547247d10q.htm"
    },
    {
        "date": "2013-03-31",
        "symbol": "RHI",
        "reportedCurrency": "USD",
        "cik": "0000315213",
        "fillingDate": "2013-05-06",
        "acceptedDate": "2013-05-06 12:44:19",
        "calendarYear": "2013",
        "period": "Q1",
        "revenue": 1023684000,
        "costOfRevenue": 613394000,
        "grossProfit": 410290000,
        "grossProfitRatio": 0.4007975117,
        "researchAndDevelopmentExpenses": 0,
        "generalAndAdministrativeExpenses": 0,
        "sellingAndMarketingExpenses": 0,
        "sellingGeneralAndAdministrativeExpenses": 320785000,
        "otherExpenses": 0,
        "operatingExpenses": 321218000,
        "costAndExpenses": 934612000,
        "interestIncome": 304000,
        "interestExpense": 0,
        "depreciationAndAmortization": 433000,
        "ebitda": 89505000,
        "ebitdaratio": 0.0874342082,
        "operatingIncome": 89072000,
        "operatingIncomeRatio": 0.0870112261,
        "totalOtherIncomeExpensesNet": 304000,
        "incomeBeforeTax": 89376000,
        "incomeBeforeTaxRatio": 0.0873081928,
        "incomeTaxExpense": 33513000,
        "netIncome": 55863000,
        "netIncomeRatio": 0.0545705511,
        "eps": 0.41,
        "epsdiluted": 0.4,
        "weightedAverageShsOut": 137311000,
        "weightedAverageShsOutDil": 138394000,
        "link": "https://www.sec.gov/Archives/edgar/data/315213/000119312513200918/0001193125-13-200918-index.htm",
        "finalLink": "https://www.sec.gov/Archives/edgar/data/315213/000119312513200918/d508197d10q.htm"
    },
    {
        "date": "2012-12-31",
        "symbol": "RHI",
        "reportedCurrency": "USD",
        "cik": "0000315213",
        "fillingDate": "2013-02-15",
        "acceptedDate": "2013-02-15 13:34:08",
        "calendarYear": "2012",
        "period": "Q4",
        "revenue": 1034213000,
        "costOfRevenue": 617788000,
        "grossProfit": 416425000,
        "grossProfitRatio": 0.4026491641,
        "researchAndDevelopmentExpenses": 0,
        "generalAndAdministrativeExpenses": 986312000,
        "sellingAndMarketingExpenses": 42256000,
        "sellingGeneralAndAdministrativeExpenses": 319302000,
        "otherExpenses": -187000,
        "operatingExpenses": 319513000,
        "costAndExpenses": 937301000,
        "interestIncome": 330000,
        "interestExpense": 0,
        "depreciationAndAmortization": 12214000,
        "ebitda": 109126000,
        "ebitdaratio": 0.1055159817,
        "operatingIncome": 96912000,
        "operatingIncomeRatio": 0.0937060354,
        "totalOtherIncomeExpensesNet": 330000,
        "incomeBeforeTax": 97242000,
        "incomeBeforeTaxRatio": 0.0940251186,
        "incomeTaxExpense": 38623000,
        "netIncome": 58619000,
        "netIncomeRatio": 0.0566798135,
        "eps": 0.42,
        "epsdiluted": 0.42,
        "weightedAverageShsOut": 136923000,
        "weightedAverageShsOutDil": 138431000,
        "link": "https://www.sec.gov/Archives/edgar/data/315213/000119312513062356/0001193125-13-062356-index.htm",
        "finalLink": "https://www.sec.gov/Archives/edgar/data/315213/000119312513062356/d453726d10k.htm"
    },
    {
        "date": "2012-09-30",
        "symbol": "RHI",
        "reportedCurrency": "USD",
        "cik": "0000315213",
        "fillingDate": "2012-11-08",
        "acceptedDate": "2012-11-08 17:11:10",
        "calendarYear": "2012",
        "period": "Q3",
        "revenue": 1033173000,
        "costOfRevenue": 617924000,
        "grossProfit": 415249000,
        "grossProfitRatio": 0.4019162328,
        "researchAndDevelopmentExpenses": 0,
        "generalAndAdministrativeExpenses": 0,
        "sellingAndMarketingExpenses": 0,
        "sellingGeneralAndAdministrativeExpenses": 321030000,
        "otherExpenses": 0,
        "operatingExpenses": 321130000,
        "costAndExpenses": 939054000,
        "interestIncome": 348000,
        "interestExpense": 0,
        "depreciationAndAmortization": 100000,
        "ebitda": 94219000,
        "ebitdaratio": 0.0911938272,
        "operatingIncome": 94119000,
        "operatingIncomeRatio": 0.091097038,
        "totalOtherIncomeExpensesNet": 348000,
        "incomeBeforeTax": 94467000,
        "incomeBeforeTaxRatio": 0.0914338644,
        "incomeTaxExpense": 36807000,
        "netIncome": 57660000,
        "netIncomeRatio": 0.0558086593,
        "eps": 0.42,
        "epsdiluted": 0.41,
        "weightedAverageShsOut": 137918000,
        "weightedAverageShsOutDil": 139141000,
        "link": "https://www.sec.gov/Archives/edgar/data/315213/000119312512460764/0001193125-12-460764-index.htm",
        "finalLink": "https://www.sec.gov/Archives/edgar/data/315213/000119312512460764/d400421d10q.htm"
    },
    {
        "date": "2012-06-30",
        "symbol": "RHI",
        "reportedCurrency": "USD",
        "cik": "0000315213",
        "fillingDate": "2012-08-03",
        "acceptedDate": "2012-08-03 12:08:08",
        "calendarYear": "2012",
        "period": "Q2",
        "revenue": 1028383000,
        "costOfRevenue": 613080000,
        "grossProfit": 415303000,
        "grossProfitRatio": 0.4038407869,
        "researchAndDevelopmentExpenses": 0,
        "generalAndAdministrativeExpenses": 0,
        "sellingAndMarketingExpenses": 0,
        "sellingGeneralAndAdministrativeExpenses": 343264000,
        "otherExpenses": 0,
        "operatingExpenses": 343316000,
        "costAndExpenses": 956396000,
        "interestIncome": 285000,
        "interestExpense": 0,
        "depreciationAndAmortization": 52000,
        "ebitda": 72039000,
        "ebitdaratio": 0.0700507496,
        "operatingIncome": 71987000,
        "operatingIncomeRatio": 0.0700001848,
        "totalOtherIncomeExpensesNet": 233000,
        "incomeBeforeTax": 72272000,
        "incomeBeforeTaxRatio": 0.0702773189,
        "incomeTaxExpense": 26943000,
        "netIncome": 45329000,
        "netIncomeRatio": 0.0440779359,
        "eps": 0.33,
        "epsdiluted": 0.32,
        "weightedAverageShsOut": 138588000,
        "weightedAverageShsOutDil": 139739000,
        "link": "https://www.sec.gov/Archives/edgar/data/315213/000119312512334082/0001193125-12-334082-index.htm",
        "finalLink": "https://www.sec.gov/Archives/edgar/data/315213/000119312512334082/d364024d10q.htm"
    },
    {
        "date": "2012-03-31",
        "symbol": "RHI",
        "reportedCurrency": "USD",
        "cik": "0000315213",
        "fillingDate": "2012-05-04",
        "acceptedDate": "2012-05-04 14:39:23",
        "calendarYear": "2012",
        "period": "Q1",
        "revenue": 1015444000,
        "costOfRevenue": 613361000,
        "grossProfit": 402083000,
        "grossProfitRatio": 0.3959676752,
        "researchAndDevelopmentExpenses": 0,
        "generalAndAdministrativeExpenses": 0,
        "sellingAndMarketingExpenses": 0,
        "sellingGeneralAndAdministrativeExpenses": 322018000,
        "otherExpenses": 0,
        "operatingExpenses": 322053000,
        "costAndExpenses": 935414000,
        "interestIncome": 234000,
        "interestExpense": 234000,
        "depreciationAndAmortization": 35000,
        "ebitda": 80299000,
        "ebitdaratio": 0.0790777236,
        "operatingIncome": 80264000,
        "operatingIncomeRatio": 0.079043256,
        "totalOtherIncomeExpensesNet": 199000,
        "incomeBeforeTax": 80264000,
        "incomeBeforeTaxRatio": 0.079043256,
        "incomeTaxExpense": 31930000,
        "netIncome": 48334000,
        "netIncomeRatio": 0.0475988829,
        "eps": 0.34,
        "epsdiluted": 0.34,
        "weightedAverageShsOut": 139384000,
        "weightedAverageShsOutDil": 140443000,
        "link": "https://www.sec.gov/Archives/edgar/data/315213/000119312512211545/0001193125-12-211545-index.htm",
        "finalLink": "https://www.sec.gov/Archives/edgar/data/315213/000119312512211545/d314451d10q.htm"
    },
    {
        "date": "2011-12-31",
        "symbol": "RHI",
        "reportedCurrency": "USD",
        "cik": "0000315213",
        "fillingDate": "2012-02-17",
        "acceptedDate": "2012-02-17 16:16:10",
        "calendarYear": "2011",
        "period": "Q4",
        "revenue": 973473000,
        "costOfRevenue": 586151000,
        "grossProfit": 387322000,
        "grossProfitRatio": 0.3978764691,
        "researchAndDevelopmentExpenses": 0,
        "generalAndAdministrativeExpenses": 924705000,
        "sellingAndMarketingExpenses": -609226000,
        "sellingGeneralAndAdministrativeExpenses": 315479000,
        "otherExpenses": -118000,
        "operatingExpenses": 315514000,
        "costAndExpenses": 901665000,
        "interestIncome": 0,
        "interestExpense": 0,
        "depreciationAndAmortization": 12788000,
        "ebitda": 84596000,
        "ebitdaratio": 0.0869012289,
        "operatingIncome": 71808000,
        "operatingIncomeRatio": 0.0737647577,
        "totalOtherIncomeExpensesNet": 200000,
        "incomeBeforeTax": 72161000,
        "incomeBeforeTaxRatio": 0.0741273769,
        "incomeTaxExpense": 29537000,
        "netIncome": 42624000,
        "netIncomeRatio": 0.0437854979,
        "eps": 0.3,
        "epsdiluted": 0.3,
        "weightedAverageShsOut": 138562000,
        "weightedAverageShsOutDil": 140041000,
        "link": "https://www.sec.gov/Archives/edgar/data/315213/000119312512067457/0001193125-12-067457-index.htm",
        "finalLink": "https://www.sec.gov/Archives/edgar/data/315213/000119312512067457/d230200d10k.htm"
    },
    {
        "date": "2011-09-30",
        "symbol": "RHI",
        "reportedCurrency": "USD",
        "cik": "0000315213",
        "fillingDate": "2011-11-04",
        "acceptedDate": "2011-11-04 12:28:04",
        "calendarYear": "2011",
        "period": "Q3",
        "revenue": 984668000,
        "costOfRevenue": 592765000,
        "grossProfit": 391903000,
        "grossProfitRatio": 0.398005216,
        "researchAndDevelopmentExpenses": 0,
        "generalAndAdministrativeExpenses": 0,
        "sellingAndMarketingExpenses": 0,
        "sellingGeneralAndAdministrativeExpenses": 319817000,
        "otherExpenses": 0,
        "operatingExpenses": 319856000,
        "costAndExpenses": 912621000,
        "interestIncome": 148000,
        "interestExpense": 0,
        "depreciationAndAmortization": 39000,
        "ebitda": 72086000,
        "ebitdaratio": 0.0732084317,
        "operatingIncome": 72047000,
        "operatingIncomeRatio": 0.0731688244,
        "totalOtherIncomeExpensesNet": 109000,
        "incomeBeforeTax": 72195000,
        "incomeBeforeTaxRatio": 0.0733191289,
        "incomeTaxExpense": 28027000,
        "netIncome": 44168000,
        "netIncomeRatio": 0.044855728,
        "eps": 0.31,
        "epsdiluted": 0.31,
        "weightedAverageShsOut": 139449000,
        "weightedAverageShsOutDil": 140433000,
        "link": "https://www.sec.gov/Archives/edgar/data/315213/000119312511296901/0001193125-11-296901-index.htm",
        "finalLink": "https://www.sec.gov/Archives/edgar/data/315213/000119312511296901/d233767d10q.htm"
    },
    {
        "date": "2011-06-30",
        "symbol": "RHI",
        "reportedCurrency": "USD",
        "cik": "0000315213",
        "fillingDate": "2011-07-29",
        "acceptedDate": "2011-07-29 13:38:54",
        "calendarYear": "2011",
        "period": "Q2",
        "revenue": 937966000,
        "costOfRevenue": 565678000,
        "grossProfit": 372288000,
        "grossProfitRatio": 0.3969099093,
        "researchAndDevelopmentExpenses": 0,
        "generalAndAdministrativeExpenses": 0,
        "sellingAndMarketingExpenses": 0,
        "sellingGeneralAndAdministrativeExpenses": 311202000,
        "otherExpenses": 0,
        "operatingExpenses": 311242000,
        "costAndExpenses": 876920000,
        "interestIncome": 238000,
        "interestExpense": 0,
        "depreciationAndAmortization": 40000,
        "ebitda": 61086000,
        "ebitdaratio": 0.065126028,
        "operatingIncome": 61046000,
        "operatingIncomeRatio": 0.0650833826,
        "totalOtherIncomeExpensesNet": 198000,
        "incomeBeforeTax": 61284000,
        "incomeBeforeTaxRatio": 0.0653371231,
        "incomeTaxExpense": 24859000,
        "netIncome": 36425000,
        "netIncomeRatio": 0.0388340302,
        "eps": 0.25,
        "epsdiluted": 0.25,
        "weightedAverageShsOut": 141286000,
        "weightedAverageShsOutDil": 142585000,
        "link": "https://www.sec.gov/Archives/edgar/data/315213/000119312511202455/0001193125-11-202455-index.htm",
        "finalLink": "https://www.sec.gov/Archives/edgar/data/315213/000119312511202455/d10q.htm"
    },
    {
        "date": "2011-03-31",
        "symbol": "RHI",
        "reportedCurrency": "USD",
        "cik": "0000315213",
        "fillingDate": "2011-05-06",
        "acceptedDate": "2011-05-06 12:53:06",
        "calendarYear": "2011",
        "period": "Q1",
        "revenue": 880869000,
        "costOfRevenue": 542780000,
        "grossProfit": 338089000,
        "grossProfitRatio": 0.3838130301,
        "researchAndDevelopmentExpenses": 0,
        "generalAndAdministrativeExpenses": 0,
        "sellingAndMarketingExpenses": 0,
        "sellingGeneralAndAdministrativeExpenses": 293686000,
        "otherExpenses": 0,
        "operatingExpenses": 293725000,
        "costAndExpenses": 836505000,
        "interestIncome": 212000,
        "interestExpense": 212000,
        "depreciationAndAmortization": 39000,
        "ebitda": 44403000,
        "ebitdaratio": 0.0504081765,
        "operatingIncome": 44364000,
        "operatingIncomeRatio": 0.050363902,
        "totalOtherIncomeExpensesNet": 212000,
        "incomeBeforeTax": 44576000,
        "incomeBeforeTaxRatio": 0.0506045734,
        "incomeTaxExpense": 17871000,
        "netIncome": 26705000,
        "netIncomeRatio": 0.0303166532,
        "eps": 0.18,
        "epsdiluted": 0.18,
        "weightedAverageShsOut": 142653000,
        "weightedAverageShsOutDil": 144136000,
        "link": "https://www.sec.gov/Archives/edgar/data/315213/000119312511130209/0001193125-11-130209-index.htm",
        "finalLink": "https://www.sec.gov/Archives/edgar/data/315213/000119312511130209/d10q.htm"
    },
    {
        "date": "2010-12-31",
        "symbol": "RHI",
        "reportedCurrency": "USD",
        "cik": "0000315213",
        "fillingDate": "2011-02-17",
        "acceptedDate": "2011-02-17 15:01:54",
        "calendarYear": "2010",
        "period": "Q4",
        "revenue": 851572000,
        "costOfRevenue": 524665000,
        "grossProfit": 326907000,
        "grossProfitRatio": 0.3838865064,
        "researchAndDevelopmentExpenses": 0,
        "generalAndAdministrativeExpenses": 795165000,
        "sellingAndMarketingExpenses": -511297000,
        "sellingGeneralAndAdministrativeExpenses": 283868000,
        "otherExpenses": -361000,
        "operatingExpenses": 282759000,
        "costAndExpenses": 807424000,
        "interestIncome": 400000,
        "interestExpense": 1300000,
        "depreciationAndAmortization": 13226000,
        "ebitda": 57774000,
        "ebitdaratio": 0.0678439404,
        "operatingIncome": 44548000,
        "operatingIncomeRatio": 0.0523126641,
        "totalOtherIncomeExpensesNet": -900000,
        "incomeBeforeTax": 43248000,
        "incomeBeforeTaxRatio": 0.0507860756,
        "incomeTaxExpense": 18458000,
        "netIncome": 24790000,
        "netIncomeRatio": 0.0291108679,
        "eps": 0.17,
        "epsdiluted": 0.17,
        "weightedAverageShsOut": 141786000,
        "weightedAverageShsOutDil": 143131000,
        "link": "https://www.sec.gov/Archives/edgar/data/315213/000119312511038990/0001193125-11-038990-index.htm",
        "finalLink": "https://www.sec.gov/Archives/edgar/data/315213/000119312511038990/d10k.htm"
    },
    {
        "date": "2010-09-30",
        "symbol": "RHI",
        "reportedCurrency": "USD",
        "cik": "0000315213",
        "fillingDate": "2010-11-05",
        "acceptedDate": "2010-11-05 13:20:04",
        "calendarYear": "2010",
        "period": "Q3",
        "revenue": 817258000,
        "costOfRevenue": 508118000,
        "grossProfit": 309140000,
        "grossProfitRatio": 0.3782648809,
        "researchAndDevelopmentExpenses": 0,
        "generalAndAdministrativeExpenses": 0,
        "sellingAndMarketingExpenses": 0,
        "sellingGeneralAndAdministrativeExpenses": 271978000,
        "otherExpenses": 0,
        "operatingExpenses": 272024000,
        "costAndExpenses": 780142000,
        "interestIncome": 153000,
        "interestExpense": 147000,
        "depreciationAndAmortization": 46000,
        "ebitda": 37162000,
        "ebitdaratio": 0.0454715647,
        "operatingIncome": 37116000,
        "operatingIncomeRatio": 0.0454152789,
        "totalOtherIncomeExpensesNet": 107000,
        "incomeBeforeTax": 37269000,
        "incomeBeforeTaxRatio": 0.0456024903,
        "incomeTaxExpense": 16645000,
        "netIncome": 20624000,
        "netIncomeRatio": 0.0252356049,
        "eps": 0.14,
        "epsdiluted": 0.14,
        "weightedAverageShsOut": 142230000,
        "weightedAverageShsOutDil": 143000000,
        "link": "https://www.sec.gov/Archives/edgar/data/315213/000119312510249701/0001193125-10-249701-index.htm",
        "finalLink": "https://www.sec.gov/Archives/edgar/data/315213/000119312510249701/d10q.htm"
    },
    {
        "date": "2010-06-30",
        "symbol": "RHI",
        "reportedCurrency": "USD",
        "cik": "0000315213",
        "fillingDate": "2010-08-02",
        "acceptedDate": "2010-08-02 16:41:56",
        "calendarYear": "2010",
        "period": "Q2",
        "revenue": 769090,
        "costOfRevenue": 479232,
        "grossProfit": 289858,
        "grossProfitRatio": 0.3768843698,
        "researchAndDevelopmentExpenses": 0,
        "generalAndAdministrativeExpenses": 0,
        "sellingAndMarketingExpenses": 0,
        "sellingGeneralAndAdministrativeExpenses": 267519,
        "otherExpenses": 0,
        "operatingExpenses": 267565,
        "costAndExpenses": 746797,
        "interestIncome": 0,
        "interestExpense": 106000,
        "depreciationAndAmortization": 0,
        "ebitda": 22339,
        "ebitdaratio": 0.0290460154,
        "operatingIncome": 22293,
        "operatingIncomeRatio": 0.0289862045,
        "totalOtherIncomeExpensesNet": 48000,
        "incomeBeforeTax": 22387,
        "incomeBeforeTaxRatio": 0.0291084268,
        "incomeTaxExpense": 10206,
        "netIncome": 11139,
        "netIncomeRatio": 0.0144833505,
        "eps": 0.08,
        "epsdiluted": 0.08,
        "weightedAverageShsOut": 143100000,
        "weightedAverageShsOutDil": 144331000,
        "link": "https://www.sec.gov/Archives/edgar/data/315213/000119312510173701/0001193125-10-173701-index.htm",
        "finalLink": "https://www.sec.gov/Archives/edgar/data/315213/000119312510173701/d10q.htm"
    },
    {
        "date": "2010-03-31",
        "symbol": "RHI",
        "reportedCurrency": "USD",
        "cik": "0000315213",
        "fillingDate": "2010-05-07",
        "acceptedDate": "2010-05-07 16:41:18",
        "calendarYear": "2010",
        "period": "Q1",
        "revenue": 737173000,
        "costOfRevenue": 469045000,
        "grossProfit": 268128000,
        "grossProfitRatio": 0.3637246616,
        "researchAndDevelopmentExpenses": 0,
        "generalAndAdministrativeExpenses": 0,
        "sellingAndMarketingExpenses": 0,
        "sellingGeneralAndAdministrativeExpenses": 255668000,
        "otherExpenses": 0,
        "operatingExpenses": 255937000,
        "costAndExpenses": 724982000,
        "interestIncome": 74000,
        "interestExpense": 126000,
        "depreciationAndAmortization": 269000,
        "ebitda": 12460000,
        "ebitdaratio": 0.0169024096,
        "operatingIncome": 12191000,
        "operatingIncomeRatio": 0.0165375021,
        "totalOtherIncomeExpensesNet": -195000,
        "incomeBeforeTax": 12265000,
        "incomeBeforeTaxRatio": 0.0166378855,
        "incomeTaxExpense": 3790000,
        "netIncome": 8475000,
        "netIncomeRatio": 0.0114966229,
        "eps": 0.05,
        "epsdiluted": 0.05,
        "weightedAverageShsOut": 144239000,
        "weightedAverageShsOutDil": 145673000,
        "link": "https://www.sec.gov/Archives/edgar/data/315213/000119312510112982/0001193125-10-112982-index.htm",
        "finalLink": "https://www.sec.gov/Archives/edgar/data/315213/000119312510112982/d10q.htm"
    },
    {
        "date": "2009-12-31",
        "symbol": "RHI",
        "reportedCurrency": "USD",
        "cik": "0000315213",
        "fillingDate": "2010-02-19",
        "acceptedDate": "2010-02-18 20:15:37",
        "calendarYear": "2009",
        "period": "Q4",
        "revenue": 737423000,
        "costOfRevenue": 458940000,
        "grossProfit": 278483000,
        "grossProfitRatio": 0.3776434963,
        "researchAndDevelopmentExpenses": 0,
        "generalAndAdministrativeExpenses": 780927000,
        "sellingAndMarketingExpenses": -524955000,
        "sellingGeneralAndAdministrativeExpenses": 255972000,
        "otherExpenses": -1179000,
        "operatingExpenses": 256253000,
        "costAndExpenses": 715193000,
        "interestIncome": 400000,
        "interestExpense": 191000,
        "depreciationAndAmortization": 15841000,
        "ebitda": 38471000,
        "ebitdaratio": 0.0521695146,
        "operatingIncome": 22630000,
        "operatingIncomeRatio": 0.0306879498,
        "totalOtherIncomeExpensesNet": 209000,
        "incomeBeforeTax": 22439000,
        "incomeBeforeTaxRatio": 0.0304289397,
        "incomeTaxExpense": 8911000,
        "netIncome": 13528000,
        "netIncomeRatio": 0.0183449662,
        "eps": 0.09,
        "epsdiluted": 0.09,
        "weightedAverageShsOut": 144106000,
        "weightedAverageShsOutDil": 145141000,
        "link": "https://www.sec.gov/Archives/edgar/data/315213/000119312510034421/0001193125-10-034421-index.htm",
        "finalLink": "https://www.sec.gov/Archives/edgar/data/315213/000119312510034421/d10k.htm"
    },
    {
        "date": "2009-09-30",
        "symbol": "RHI",
        "reportedCurrency": "USD",
        "cik": "0000315213",
        "fillingDate": "2009-10-29",
        "acceptedDate": "2009-10-29 16:48:23",
        "calendarYear": "2009",
        "period": "Q3",
        "revenue": 725912000,
        "costOfRevenue": 459501000,
        "grossProfit": 266411000,
        "grossProfitRatio": 0.3670017853,
        "researchAndDevelopmentExpenses": 0,
        "generalAndAdministrativeExpenses": 0,
        "sellingAndMarketingExpenses": 0,
        "sellingGeneralAndAdministrativeExpenses": 248870000,
        "otherExpenses": 0,
        "operatingExpenses": 249151000,
        "costAndExpenses": 708652000,
        "interestIncome": 159000,
        "interestExpense": 141000,
        "depreciationAndAmortization": 281000,
        "ebitda": 17541000,
        "ebitdaratio": 0.024164086,
        "operatingIncome": 17260000,
        "operatingIncomeRatio": 0.0237769867,
        "totalOtherIncomeExpensesNet": 159000,
        "incomeBeforeTax": 17419000,
        "incomeBeforeTaxRatio": 0.0239960216,
        "incomeTaxExpense": 7888000,
        "netIncome": 8988000,
        "netIncomeRatio": 0.0123816661,
        "eps": 0.06,
        "epsdiluted": 0.06,
        "weightedAverageShsOut": 146227000,
        "weightedAverageShsOutDil": 147123000,
        "link": "https://www.sec.gov/Archives/edgar/data/315213/000119312509217517/0001193125-09-217517-index.htm",
        "finalLink": "https://www.sec.gov/Archives/edgar/data/315213/000119312509217517/d10q.htm"
    },
    {
        "date": "2009-06-30",
        "symbol": "RHI",
        "reportedCurrency": "USD",
        "cik": "0000315213",
        "fillingDate": "2009-07-30",
        "acceptedDate": "2009-07-30 16:12:26",
        "calendarYear": "2009",
        "period": "Q2",
        "revenue": 1573212000,
        "costOfRevenue": 1014427000,
        "grossProfit": 558785000,
        "grossProfitRatio": 0.3551873492,
        "researchAndDevelopmentExpenses": 0,
        "generalAndAdministrativeExpenses": 0,
        "sellingAndMarketingExpenses": 0,
        "sellingGeneralAndAdministrativeExpenses": 532057000,
        "otherExpenses": 0,
        "operatingExpenses": 532955000,
        "costAndExpenses": 1547382000,
        "interestIncome": 1075000,
        "interestExpense": 45000,
        "depreciationAndAmortization": 898000,
        "ebitda": 27075000,
        "ebitdaratio": 0.0172100137,
        "operatingIncome": 25830000,
        "operatingIncomeRatio": 0.0164186391,
        "totalOtherIncomeExpensesNet": 455000,
        "incomeBeforeTax": 26905000,
        "incomeBeforeTaxRatio": 0.0171019545,
        "incomeTaxExpense": 12701000,
        "netIncome": 14204000,
        "netIncomeRatio": 0.0090286624,
        "eps": 0.03,
        "epsdiluted": 0.03,
        "weightedAverageShsOut": 146443000,
        "weightedAverageShsOutDil": 147044000,
        "link": "https://www.sec.gov/Archives/edgar/data/315213/000119312509159557/0001193125-09-159557-index.htm",
        "finalLink": "https://www.sec.gov/Archives/edgar/data/315213/000119312509159557/d10q.htm"
    },
    {
        "date": "2009-03-31",
        "symbol": "RHI",
        "reportedCurrency": "USD",
        "cik": "0000315213",
        "fillingDate": "2009-05-08",
        "acceptedDate": "2009-05-08 14:57:18",
        "calendarYear": "2009",
        "period": "Q1",
        "revenue": 823325000,
        "costOfRevenue": 529597000,
        "grossProfit": 293728000,
        "grossProfitRatio": 0.3567582668,
        "researchAndDevelopmentExpenses": 0,
        "generalAndAdministrativeExpenses": 0,
        "sellingAndMarketingExpenses": 0,
        "sellingGeneralAndAdministrativeExpenses": 277050000,
        "otherExpenses": 0,
        "operatingExpenses": 277668000,
        "costAndExpenses": 807265000,
        "interestIncome": 700000,
        "interestExpense": 80000,
        "depreciationAndAmortization": 16881000,
        "ebitda": 33641000,
        "ebitdaratio": 0.0408599277,
        "operatingIncome": 16760000,
        "operatingIncomeRatio": 0.0203564813,
        "totalOtherIncomeExpensesNet": 620000,
        "incomeBeforeTax": 16680000,
        "incomeBeforeTaxRatio": 0.0202593144,
        "incomeTaxExpense": 7892000,
        "netIncome": 8788000,
        "netIncomeRatio": 0.0106737922,
        "eps": 0.06,
        "epsdiluted": 0.06,
        "weightedAverageShsOut": 146878000,
        "weightedAverageShsOutDil": 147142000,
        "link": "https://www.sec.gov/Archives/edgar/data/315213/000119312509105175/0001193125-09-105175-index.htm",
        "finalLink": "https://www.sec.gov/Archives/edgar/data/315213/000119312509105175/d10q.htm"
    },
    {
        "date": "2008-12-31",
        "symbol": "RHI",
        "reportedCurrency": "USD",
        "cik": "0000315213",
        "fillingDate": "2009-02-19",
        "acceptedDate": "2009-02-19 16:32:19",
        "calendarYear": "2008",
        "period": "Q4",
        "revenue": 989837000,
        "costOfRevenue": 587451000,
        "grossProfit": 402386000,
        "grossProfitRatio": 0.4065174367,
        "researchAndDevelopmentExpenses": 0,
        "generalAndAdministrativeExpenses": 1161944000,
        "sellingAndMarketingExpenses": -827049000,
        "sellingGeneralAndAdministrativeExpenses": 334895000,
        "otherExpenses": -1877000,
        "operatingExpenses": 335674000,
        "costAndExpenses": 923125000,
        "interestIncome": 0,
        "interestExpense": 0,
        "depreciationAndAmortization": 17448000,
        "ebitda": 94660000,
        "ebitdaratio": 0.0956319071,
        "operatingIncome": 77212000,
        "operatingIncomeRatio": 0.0780047624,
        "totalOtherIncomeExpensesNet": 362000,
        "incomeBeforeTax": 67074000,
        "incomeBeforeTaxRatio": 0.067762672,
        "incomeTaxExpense": 28066000,
        "netIncome": 39008000,
        "netIncomeRatio": 0.0394085087,
        "eps": 0.26,
        "epsdiluted": 0.26,
        "weightedAverageShsOut": 148166000,
        "weightedAverageShsOutDil": 148559000,
        "link": "https://www.sec.gov/Archives/edgar/data/315213/000119312509033115/0001193125-09-033115-index.htm",
        "finalLink": "https://www.sec.gov/Archives/edgar/data/315213/000119312509033115/d10k.htm"
    },
    {
        "date": "2008-09-30",
        "symbol": "RHI",
        "reportedCurrency": "USD",
        "cik": "0000315213",
        "fillingDate": "2008-10-31",
        "acceptedDate": "2008-10-31 12:43:29",
        "calendarYear": "2008",
        "period": "Q3",
        "revenue": 1160086000,
        "costOfRevenue": 676513000,
        "grossProfit": 483573000,
        "grossProfitRatio": 0.416842372,
        "researchAndDevelopmentExpenses": 0,
        "generalAndAdministrativeExpenses": 0,
        "sellingAndMarketingExpenses": 0,
        "sellingGeneralAndAdministrativeExpenses": 374120000,
        "otherExpenses": 0,
        "operatingExpenses": 374738000,
        "costAndExpenses": 1051251000,
        "interestIncome": 2800000,
        "interestExpense": 1482000,
        "depreciationAndAmortization": 18599000,
        "ebitda": 130234000,
        "ebitdaratio": 0.1122623668,
        "operatingIncome": 108835000,
        "operatingIncomeRatio": 0.0938163205,
        "totalOtherIncomeExpensesNet": 1318000,
        "incomeBeforeTax": 110153000,
        "incomeBeforeTaxRatio": 0.0949524432,
        "incomeTaxExpense": 44332000,
        "netIncome": 65821000,
        "netIncomeRatio": 0.0567380349,
        "eps": 0.42,
        "epsdiluted": 0.42,
        "weightedAverageShsOut": 150838000,
        "weightedAverageShsOutDil": 151945000,
        "link": "https://www.sec.gov/Archives/edgar/data/315213/000119312508221248/0001193125-08-221248-index.htm",
        "finalLink": "https://www.sec.gov/Archives/edgar/data/315213/000119312508221248/d10q.htm"
    },
    {
        "date": "2008-06-30",
        "symbol": "RHI",
        "reportedCurrency": "USD",
        "cik": "0000315213",
        "fillingDate": "2008-07-31",
        "acceptedDate": "2008-07-31 15:15:24",
        "calendarYear": "2008",
        "period": "Q2",
        "revenue": 1224641000,
        "costOfRevenue": 708017000,
        "grossProfit": 516624000,
        "grossProfitRatio": 0.4218575076,
        "researchAndDevelopmentExpenses": 0,
        "generalAndAdministrativeExpenses": 0,
        "sellingAndMarketingExpenses": 0,
        "sellingGeneralAndAdministrativeExpenses": 393393000,
        "otherExpenses": 0,
        "operatingExpenses": 394011000,
        "costAndExpenses": 1102028000,
        "interestIncome": 3000000,
        "interestExpense": 1494000,
        "depreciationAndAmortization": 18912000,
        "ebitda": 144525000,
        "ebitdaratio": 0.1180141772,
        "operatingIncome": 122613000,
        "operatingIncomeRatio": 0.1001215867,
        "totalOtherIncomeExpensesNet": 1506000,
        "incomeBeforeTax": 124119000,
        "incomeBeforeTaxRatio": 0.1013513348,
        "incomeTaxExpense": 49551000,
        "netIncome": 74568000,
        "netIncomeRatio": 0.0608896811,
        "eps": 0.47,
        "epsdiluted": 0.47,
        "weightedAverageShsOut": 152878000,
        "weightedAverageShsOutDil": 153892000,
        "link": "https://www.sec.gov/Archives/edgar/data/315213/000119312508162480/0001193125-08-162480-index.htm",
        "finalLink": "https://www.sec.gov/Archives/edgar/data/315213/000119312508162480/d10q.htm"
    },
    {
        "date": "2008-03-31",
        "symbol": "RHI",
        "reportedCurrency": "USD",
        "cik": "0000315213",
        "fillingDate": "2008-05-09",
        "acceptedDate": "2008-05-09 13:54:04",
        "calendarYear": "2008",
        "period": "Q1",
        "revenue": 1225990000,
        "costOfRevenue": 715002000,
        "grossProfit": 510988000,
        "grossProfitRatio": 0.4167962218,
        "researchAndDevelopmentExpenses": 0,
        "generalAndAdministrativeExpenses": 0,
        "sellingAndMarketingExpenses": 0,
        "sellingGeneralAndAdministrativeExpenses": 394431000,
        "otherExpenses": 0,
        "operatingExpenses": 395072000,
        "costAndExpenses": 1110074000,
        "interestIncome": 3100000,
        "interestExpense": 1086000,
        "depreciationAndAmortization": 18251000,
        "ebitda": 137267000,
        "ebitdaratio": 0.1119642085,
        "operatingIncome": 115916000,
        "operatingIncomeRatio": 0.0945488952,
        "totalOtherIncomeExpensesNet": 2014000,
        "incomeBeforeTax": 117930000,
        "incomeBeforeTaxRatio": 0.0961916492,
        "incomeTaxExpense": 47146000,
        "netIncome": 70784000,
        "netIncomeRatio": 0.0577361969,
        "eps": 0.45,
        "epsdiluted": 0.44,
        "weightedAverageShsOut": 154567000,
        "weightedAverageShsOutDil": 155738000,
        "link": "https://www.sec.gov/Archives/edgar/data/315213/000119312508109431/0001193125-08-109431-index.htm",
        "finalLink": "https://www.sec.gov/Archives/edgar/data/315213/000119312508109431/d10q.htm"
    },
    {
        "date": "2007-12-31",
        "symbol": "RHI",
        "reportedCurrency": "USD",
        "cik": "0000315213",
        "fillingDate": "2008-02-20",
        "acceptedDate": "2008-02-20 16:51:57",
        "calendarYear": "2007",
        "period": "Q4",
        "revenue": 1220068000,
        "costOfRevenue": 696447000,
        "grossProfit": 523621000,
        "grossProfitRatio": 0.4291736198,
        "researchAndDevelopmentExpenses": 0,
        "generalAndAdministrativeExpenses": 1104046000,
        "sellingAndMarketingExpenses": -710135000,
        "sellingGeneralAndAdministrativeExpenses": 393911000,
        "otherExpenses": -1840000,
        "operatingExpenses": 394665000,
        "costAndExpenses": 1091112000,
        "interestIncome": 0,
        "interestExpense": 0,
        "depreciationAndAmortization": 18516000,
        "ebitda": 147472000,
        "ebitdaratio": 0.1208719514,
        "operatingIncome": 128956000,
        "operatingIncomeRatio": 0.1056957481,
        "totalOtherIncomeExpensesNet": 318000,
        "incomeBeforeTax": 131868000,
        "incomeBeforeTaxRatio": 0.1080825003,
        "incomeTaxExpense": 53052000,
        "netIncome": 78816000,
        "netIncomeRatio": 0.0645996781,
        "eps": 0.5,
        "epsdiluted": 0.49,
        "weightedAverageShsOut": 156026000,
        "weightedAverageShsOutDil": 158418000,
        "link": "https://www.sec.gov/Archives/edgar/data/315213/000119312508034558/0001193125-08-034558-index.htm",
        "finalLink": "https://www.sec.gov/Archives/edgar/data/315213/000119312508034558/d10k.htm"
    },
    {
        "date": "2007-09-30",
        "symbol": "RHI",
        "reportedCurrency": "USD",
        "cik": "0000315213",
        "fillingDate": "2007-11-02",
        "acceptedDate": "2007-11-02 17:17:45",
        "calendarYear": "2007",
        "period": "Q3",
        "revenue": 1179045000,
        "costOfRevenue": 678252000,
        "grossProfit": 500793000,
        "grossProfitRatio": 0.4247446026,
        "researchAndDevelopmentExpenses": 0,
        "generalAndAdministrativeExpenses": 0,
        "sellingAndMarketingExpenses": 0,
        "sellingGeneralAndAdministrativeExpenses": 381031000,
        "otherExpenses": 0,
        "operatingExpenses": 381779000,
        "costAndExpenses": 1060031000,
        "interestIncome": 0,
        "interestExpense": 0,
        "depreciationAndAmortization": 18583000,
        "ebitda": 137597000,
        "ebitdaratio": 0.1167020767,
        "operatingIncome": 119014000,
        "operatingIncomeRatio": 0.1009410158,
        "totalOtherIncomeExpensesNet": 2377000,
        "incomeBeforeTax": 122139000,
        "incomeBeforeTaxRatio": 0.103591466,
        "incomeTaxExpense": 48176000,
        "netIncome": 73963000,
        "netIncomeRatio": 0.0627312783,
        "eps": 0.47,
        "epsdiluted": 0.46,
        "weightedAverageShsOut": 158480000,
        "weightedAverageShsOutDil": 161903000,
        "link": "https://www.sec.gov/Archives/edgar/data/315213/000119312507233949/0001193125-07-233949-index.htm",
        "finalLink": "https://www.sec.gov/Archives/edgar/data/315213/000119312507233949/d10q.htm"
    },
    {
        "date": "2007-06-30",
        "symbol": "RHI",
        "reportedCurrency": "USD",
        "cik": "0000315213",
        "fillingDate": "2007-08-06",
        "acceptedDate": "2007-08-03 18:59:15",
        "calendarYear": "2007",
        "period": "Q2",
        "revenue": 1149128000,
        "costOfRevenue": 656443000,
        "grossProfit": 492685000,
        "grossProfitRatio": 0.4287468411,
        "researchAndDevelopmentExpenses": 0,
        "generalAndAdministrativeExpenses": 0,
        "sellingAndMarketingExpenses": 0,
        "sellingGeneralAndAdministrativeExpenses": 374636000,
        "otherExpenses": 0,
        "operatingExpenses": 375454000,
        "costAndExpenses": 1031897000,
        "interestIncome": 0,
        "interestExpense": 0,
        "depreciationAndAmortization": 18149000,
        "ebitda": 135380000,
        "ebitdaratio": 0.1178110707,
        "operatingIncome": 117231000,
        "operatingIncomeRatio": 0.1020173558,
        "totalOtherIncomeExpensesNet": 2255000,
        "incomeBeforeTax": 120304000,
        "incomeBeforeTaxRatio": 0.1046915574,
        "incomeTaxExpense": 47578000,
        "netIncome": 72726000,
        "netIncomeRatio": 0.0632879888,
        "eps": 0.45,
        "epsdiluted": 0.44,
        "weightedAverageShsOut": 160781000,
        "weightedAverageShsOutDil": 164770000,
        "link": "https://www.sec.gov/Archives/edgar/data/315213/000119312507170934/0001193125-07-170934-index.htm",
        "finalLink": "https://www.sec.gov/Archives/edgar/data/315213/000119312507170934/d10q.htm"
    },
    {
        "date": "2007-03-31",
        "symbol": "RHI",
        "reportedCurrency": "USD",
        "cik": "0000315213",
        "fillingDate": "2007-05-04",
        "acceptedDate": "2007-05-04 13:16:25",
        "calendarYear": "2007",
        "period": "Q1",
        "revenue": 1097425000,
        "costOfRevenue": 636696000,
        "grossProfit": 460729000,
        "grossProfitRatio": 0.4198273231,
        "researchAndDevelopmentExpenses": 0,
        "generalAndAdministrativeExpenses": 0,
        "sellingAndMarketingExpenses": 0,
        "sellingGeneralAndAdministrativeExpenses": 348379000,
        "otherExpenses": 0,
        "operatingExpenses": 348653000,
        "costAndExpenses": 985349000,
        "interestIncome": 0,
        "interestExpense": 0,
        "depreciationAndAmortization": 16193000,
        "ebitda": 128269000,
        "ebitdaratio": 0.1168817915,
        "operatingIncome": 112076000,
        "operatingIncomeRatio": 0.1021263412,
        "totalOtherIncomeExpensesNet": 3743000,
        "incomeBeforeTax": 116093000,
        "incomeBeforeTaxRatio": 0.105786728,
        "incomeTaxExpense": 45386000,
        "netIncome": 70707000,
        "netIncomeRatio": 0.0644299155,
        "eps": 0.43,
        "epsdiluted": 0.42,
        "weightedAverageShsOut": 163841000,
        "weightedAverageShsOutDil": 168883000,
        "link": "https://www.sec.gov/Archives/edgar/data/315213/000119312507102521/0001193125-07-102521-index.htm",
        "finalLink": "https://www.sec.gov/Archives/edgar/data/315213/000119312507102521/d10q.htm"
    },
    {
        "date": "2006-12-31",
        "symbol": "RHI",
        "reportedCurrency": "USD",
        "cik": "0000315213",
        "fillingDate": "2007-02-23",
        "acceptedDate": "2007-02-23 17:06:34",
        "calendarYear": "2006",
        "period": "Q4",
        "revenue": 1060234000,
        "costOfRevenue": 609184000,
        "grossProfit": 451050000,
        "grossProfitRatio": 0.4254249534,
        "researchAndDevelopmentExpenses": 0,
        "generalAndAdministrativeExpenses": 912387000,
        "sellingAndMarketingExpenses": -580822000,
        "sellingGeneralAndAdministrativeExpenses": 331565000,
        "otherExpenses": -605000,
        "operatingExpenses": 331811000,
        "costAndExpenses": 940995000,
        "interestIncome": 0,
        "interestExpense": 0,
        "depreciationAndAmortization": 15510000,
        "ebitda": 134749000,
        "ebitdaratio": 0.1270936416,
        "operatingIncome": 119239000,
        "operatingIncomeRatio": 0.1124647955,
        "totalOtherIncomeExpensesNet": 3401000,
        "incomeBeforeTax": 123491000,
        "incomeBeforeTaxRatio": 0.1164752309,
        "incomeTaxExpense": 48118000,
        "netIncome": 75373000,
        "netIncomeRatio": 0.0710909101,
        "eps": 0.46,
        "epsdiluted": 0.45,
        "weightedAverageShsOut": 163669000,
        "weightedAverageShsOutDil": 168850000,
        "link": "https://www.sec.gov/Archives/edgar/data/315213/000119312507038451/0001193125-07-038451-index.htm",
        "finalLink": "https://www.sec.gov/Archives/edgar/data/315213/000119312507038451/d10k.htm"
    },
    {
        "date": "2006-09-30",
        "symbol": "RHI",
        "reportedCurrency": "USD",
        "cik": "0000315213",
        "fillingDate": "2006-11-06",
        "acceptedDate": "2006-11-06 15:45:52",
        "calendarYear": "2006",
        "period": "Q3",
        "revenue": 1027563000,
        "costOfRevenue": 595566000,
        "grossProfit": 431997000,
        "grossProfitRatio": 0.4204092596,
        "researchAndDevelopmentExpenses": 0,
        "generalAndAdministrativeExpenses": 0,
        "sellingAndMarketingExpenses": 0,
        "sellingGeneralAndAdministrativeExpenses": 316732000,
        "otherExpenses": 0,
        "operatingExpenses": 316963000,
        "costAndExpenses": 912529000,
        "interestIncome": 0,
        "interestExpense": 0,
        "depreciationAndAmortization": 15400000,
        "ebitda": 130434000,
        "ebitdaratio": 0.1269352828,
        "operatingIncome": 115034000,
        "operatingIncomeRatio": 0.1119483672,
        "totalOtherIncomeExpensesNet": 4643000,
        "incomeBeforeTax": 119908000,
        "incomeBeforeTaxRatio": 0.1166916286,
        "incomeTaxExpense": 46261000,
        "netIncome": 73647000,
        "netIncomeRatio": 0.071671518,
        "eps": 0.45,
        "epsdiluted": 0.43,
        "weightedAverageShsOut": 165177000,
        "weightedAverageShsOutDil": 169983000,
        "link": "https://www.sec.gov/Archives/edgar/data/315213/000119312506225082/0001193125-06-225082-index.htm",
        "finalLink": "https://www.sec.gov/Archives/edgar/data/315213/000119312506225082/d10q.htm"
    },
    {
        "date": "2006-06-30",
        "symbol": "RHI",
        "reportedCurrency": "USD",
        "cik": "0000315213",
        "fillingDate": "2006-08-04",
        "acceptedDate": "2006-08-04 16:45:31",
        "calendarYear": "2006",
        "period": "Q2",
        "revenue": 981825000,
        "costOfRevenue": 563823000,
        "grossProfit": 418002000,
        "grossProfitRatio": 0.4257398213,
        "researchAndDevelopmentExpenses": 0,
        "generalAndAdministrativeExpenses": 0,
        "sellingAndMarketingExpenses": 0,
        "sellingGeneralAndAdministrativeExpenses": 308173000,
        "otherExpenses": 0,
        "operatingExpenses": 308401000,
        "costAndExpenses": 872224000,
        "interestIncome": 0,
        "interestExpense": 0,
        "depreciationAndAmortization": 15068000,
        "ebitda": 124669000,
        "ebitdaratio": 0.1269768034,
        "operatingIncome": 109601000,
        "operatingIncomeRatio": 0.1116298729,
        "totalOtherIncomeExpensesNet": 3901000,
        "incomeBeforeTax": 113730000,
        "incomeBeforeTaxRatio": 0.1158353067,
        "incomeTaxExpense": 45075000,
        "netIncome": 68655000,
        "netIncomeRatio": 0.0699259033,
        "eps": 0.41,
        "epsdiluted": 0.39,
        "weightedAverageShsOut": 167799000,
        "weightedAverageShsOutDil": 174096000,
        "link": "https://www.sec.gov/Archives/edgar/data/315213/000119312506162473/0001193125-06-162473-index.htm",
        "finalLink": "https://www.sec.gov/Archives/edgar/data/315213/000119312506162473/d10q.htm"
    },
    {
        "date": "2006-03-31",
        "symbol": "RHI",
        "reportedCurrency": "USD",
        "cik": "0000315213",
        "fillingDate": "2006-05-05",
        "acceptedDate": "2006-05-05 16:20:20",
        "calendarYear": "2006",
        "period": "Q1",
        "revenue": 943924000,
        "costOfRevenue": 550720000,
        "grossProfit": 393204000,
        "grossProfitRatio": 0.4165631979,
        "researchAndDevelopmentExpenses": 0,
        "generalAndAdministrativeExpenses": 0,
        "sellingAndMarketingExpenses": 0,
        "sellingGeneralAndAdministrativeExpenses": 287482000,
        "otherExpenses": 0,
        "operatingExpenses": 287628000,
        "costAndExpenses": 838348000,
        "interestIncome": 0,
        "interestExpense": 0,
        "depreciationAndAmortization": 15107000,
        "ebitda": 120683000,
        "ebitdaratio": 0.1278524542,
        "operatingIncome": 105576000,
        "operatingIncomeRatio": 0.1118479878,
        "totalOtherIncomeExpensesNet": 3351000,
        "incomeBeforeTax": 109073000,
        "incomeBeforeTaxRatio": 0.1155527352,
        "incomeTaxExpense": 43570000,
        "netIncome": 65503000,
        "netIncomeRatio": 0.069394358,
        "eps": 0.39,
        "epsdiluted": 0.38,
        "weightedAverageShsOut": 167390000,
        "weightedAverageShsOutDil": 173974000,
        "link": "https://www.sec.gov/Archives/edgar/data/315213/000119312506102088/0001193125-06-102088-index.htm",
        "finalLink": "https://www.sec.gov/Archives/edgar/data/315213/000119312506102088/d10q.htm"
    },
    {
        "date": "2005-12-31",
        "symbol": "RHI",
        "reportedCurrency": "USD",
        "cik": "0000315213",
        "fillingDate": "2006-03-06",
        "acceptedDate": "2006-03-06 16:46:55",
        "calendarYear": "2005",
        "period": "Q4",
        "revenue": 884765000,
        "costOfRevenue": 517841000,
        "grossProfit": 366924000,
        "grossProfitRatio": 0.4147135115,
        "researchAndDevelopmentExpenses": 0,
        "generalAndAdministrativeExpenses": 727831000,
        "sellingAndMarketingExpenses": -464174000,
        "sellingGeneralAndAdministrativeExpenses": 263657000,
        "otherExpenses": -241000,
        "operatingExpenses": 263751000,
        "costAndExpenses": 781592000,
        "interestIncome": 0,
        "interestExpense": 0,
        "depreciationAndAmortization": 22662000,
        "ebitda": 125835000,
        "ebitdaratio": 0.1422242064,
        "operatingIncome": 103173000,
        "operatingIncomeRatio": 0.1166106254,
        "totalOtherIncomeExpensesNet": 3465000,
        "incomeBeforeTax": 106973000,
        "incomeBeforeTaxRatio": 0.1209055512,
        "incomeTaxExpense": 42364000,
        "netIncome": 64609000,
        "netIncomeRatio": 0.0730239103,
        "eps": 0.39,
        "epsdiluted": 0.37,
        "weightedAverageShsOut": 166956000,
        "weightedAverageShsOutDil": 173536000,
        "link": "https://www.sec.gov/Archives/edgar/data/315213/000119312506046180/0001193125-06-046180-index.htm",
        "finalLink": "https://www.sec.gov/Archives/edgar/data/315213/000119312506046180/d10k.htm"
    },
    {
        "date": "2005-09-30",
        "symbol": "RHI",
        "reportedCurrency": "USD",
        "cik": "0000315213",
        "fillingDate": "2005-11-04",
        "acceptedDate": "2005-11-04 16:51:45",
        "calendarYear": "2005",
        "period": "Q3",
        "revenue": 867015000,
        "costOfRevenue": 511005000,
        "grossProfit": 356010000,
        "grossProfitRatio": 0.4106157333,
        "researchAndDevelopmentExpenses": 0,
        "generalAndAdministrativeExpenses": 0,
        "sellingAndMarketingExpenses": 0,
        "sellingGeneralAndAdministrativeExpenses": 253445000,
        "otherExpenses": 0,
        "operatingExpenses": 253538000,
        "costAndExpenses": 764543000,
        "interestIncome": 0,
        "interestExpense": 0,
        "depreciationAndAmortization": 21951000,
        "ebitda": 124423000,
        "ebitdaratio": 0.1435073211,
        "operatingIncome": 102472000,
        "operatingIncomeRatio": 0.11818942,
        "totalOtherIncomeExpensesNet": 3076000,
        "incomeBeforeTax": 105641000,
        "incomeBeforeTaxRatio": 0.1218444894,
        "incomeTaxExpense": 41202000,
        "netIncome": 64439000,
        "netIncomeRatio": 0.0743228203,
        "eps": 0.39,
        "epsdiluted": 0.37,
        "weightedAverageShsOut": 166553000,
        "weightedAverageShsOutDil": 174219000,
        "link": "https://www.sec.gov/Archives/edgar/data/315213/000119312505217002/0001193125-05-217002-index.htm",
        "finalLink": "https://www.sec.gov/Archives/edgar/data/315213/000119312505217002/d10q.htm"
    },
    {
        "date": "2005-06-30",
        "symbol": "RHI",
        "reportedCurrency": "USD",
        "cik": "0000315213",
        "fillingDate": "2005-08-03",
        "acceptedDate": "2005-08-03 17:07:39",
        "calendarYear": "2005",
        "period": "Q2",
        "revenue": 816711000,
        "costOfRevenue": 480430000,
        "grossProfit": 336281000,
        "grossProfitRatio": 0.4117503009,
        "researchAndDevelopmentExpenses": 0,
        "generalAndAdministrativeExpenses": 0,
        "sellingAndMarketingExpenses": 0,
        "sellingGeneralAndAdministrativeExpenses": 244071000,
        "otherExpenses": 0,
        "operatingExpenses": 244145000,
        "costAndExpenses": 724575000,
        "interestIncome": 0,
        "interestExpense": 0,
        "depreciationAndAmortization": 17558000,
        "ebitda": 109694000,
        "ebitdaratio": 0.1343118925,
        "operatingIncome": 92136000,
        "operatingIncomeRatio": 0.1128134677,
        "totalOtherIncomeExpensesNet": 2073000,
        "incomeBeforeTax": 94283000,
        "incomeBeforeTaxRatio": 0.1154423046,
        "incomeTaxExpense": 37054000,
        "netIncome": 57229000,
        "netIncomeRatio": 0.0700725226,
        "eps": 0.34,
        "epsdiluted": 0.33,
        "weightedAverageShsOut": 167285000,
        "weightedAverageShsOutDil": 172387000,
        "link": "https://www.sec.gov/Archives/edgar/data/315213/000119312505156403/0001193125-05-156403-index.htm",
        "finalLink": "https://www.sec.gov/Archives/edgar/data/315213/000119312505156403/d10q.htm"
    },
    {
        "date": "2005-03-31",
        "symbol": "RHI",
        "reportedCurrency": "USD",
        "cik": "0000315213",
        "fillingDate": "2005-05-05",
        "acceptedDate": "2005-05-05 17:26:32",
        "calendarYear": "2005",
        "period": "Q1",
        "revenue": 769948000,
        "costOfRevenue": 456114000,
        "grossProfit": 313834000,
        "grossProfitRatio": 0.4076041499,
        "researchAndDevelopmentExpenses": 0,
        "generalAndAdministrativeExpenses": 0,
        "sellingAndMarketingExpenses": 0,
        "sellingGeneralAndAdministrativeExpenses": 230315000,
        "otherExpenses": 0,
        "operatingExpenses": 230389000,
        "costAndExpenses": 686503000,
        "interestIncome": 0,
        "interestExpense": 0,
        "depreciationAndAmortization": 17643000,
        "ebitda": 101088000,
        "ebitdaratio": 0.1312919834,
        "operatingIncome": 83445000,
        "operatingIncomeRatio": 0.1083774489,
        "totalOtherIncomeExpensesNet": 1758000,
        "incomeBeforeTax": 85277000,
        "incomeBeforeTaxRatio": 0.1107568303,
        "incomeTaxExpense": 33684000,
        "netIncome": 51593000,
        "netIncomeRatio": 0.0670084213,
        "eps": 0.3,
        "epsdiluted": 0.29,
        "weightedAverageShsOut": 169898000,
        "weightedAverageShsOutDil": 176207000,
        "link": "https://www.sec.gov/Archives/edgar/data/315213/000119312505097682/0001193125-05-097682-index.htm",
        "finalLink": "https://www.sec.gov/Archives/edgar/data/315213/000119312505097682/d10q.htm"
    },
    {
        "date": "2004-12-31",
        "symbol": "RHI",
        "reportedCurrency": "USD",
        "cik": "0000315213",
        "fillingDate": "2005-02-23",
        "acceptedDate": "2005-02-23 17:01:07",
        "calendarYear": "2004",
        "period": "Q4",
        "revenue": 754197000,
        "costOfRevenue": 450889000,
        "grossProfit": 303308000,
        "grossProfitRatio": 0.4021601783,
        "researchAndDevelopmentExpenses": 0,
        "generalAndAdministrativeExpenses": 602263000,
        "sellingAndMarketingExpenses": -380144000,
        "sellingGeneralAndAdministrativeExpenses": 222119000,
        "otherExpenses": -926000,
        "operatingExpenses": 222218000,
        "costAndExpenses": 673107000,
        "interestIncome": 0,
        "interestExpense": 0,
        "depreciationAndAmortization": 18391000,
        "ebitda": 99481000,
        "ebitdaratio": 0.131903203,
        "operatingIncome": 81090000,
        "operatingIncomeRatio": 0.1075183274,
        "totalOtherIncomeExpensesNet": 240000,
        "incomeBeforeTax": 82355000,
        "incomeBeforeTaxRatio": 0.109195608,
        "incomeTaxExpense": 32688000,
        "netIncome": 49667000,
        "netIncomeRatio": 0.0658541469,
        "eps": 0.29,
        "epsdiluted": 0.27,
        "weightedAverageShsOut": 169826000,
        "weightedAverageShsOutDil": 178762000,
        "link": "https://www.sec.gov/Archives/edgar/data/315213/000119312505035210/0001193125-05-035210-index.htm",
        "finalLink": "https://www.sec.gov/Archives/edgar/data/315213/000119312505035210/d10k.htm"
    },
    {
        "date": "2004-09-30",
        "symbol": "RHI",
        "reportedCurrency": "USD",
        "cik": "0000315213",
        "fillingDate": "2004-11-09",
        "acceptedDate": "2004-11-08 20:24:07",
        "calendarYear": "2004",
        "period": "Q3",
        "revenue": 707987000,
        "costOfRevenue": 425652000,
        "grossProfit": 282335000,
        "grossProfitRatio": 0.3987855709,
        "researchAndDevelopmentExpenses": 0,
        "generalAndAdministrativeExpenses": 0,
        "sellingAndMarketingExpenses": 0,
        "sellingGeneralAndAdministrativeExpenses": 212155000,
        "otherExpenses": 0,
        "operatingExpenses": 212254000,
        "costAndExpenses": 637906000,
        "interestIncome": 0,
        "interestExpense": 0,
        "depreciationAndAmortization": 17948000,
        "ebitda": 88029000,
        "ebitdaratio": 0.1243370288,
        "operatingIncome": 70081000,
        "operatingIncomeRatio": 0.0989862808,
        "totalOtherIncomeExpensesNet": 1028000,
        "incomeBeforeTax": 71208000,
        "incomeBeforeTaxRatio": 0.100578118,
        "incomeTaxExpense": 28128000,
        "netIncome": 43080000,
        "netIncomeRatio": 0.0608485749,
        "eps": 0.25,
        "epsdiluted": 0.24,
        "weightedAverageShsOut": 170041000,
        "weightedAverageShsOutDil": 176636000,
        "link": "https://www.sec.gov/Archives/edgar/data/315213/000119312504189905/0001193125-04-189905-index.htm",
        "finalLink": "https://www.sec.gov/Archives/edgar/data/315213/000119312504189905/d10q.htm"
    },
    {
        "date": "2004-06-30",
        "symbol": "RHI",
        "reportedCurrency": "USD",
        "cik": "0000315213",
        "fillingDate": "2004-08-05",
        "acceptedDate": "2004-08-05 12:23:49",
        "calendarYear": "2004",
        "period": "Q2",
        "revenue": 641230000,
        "costOfRevenue": 386598000,
        "grossProfit": 254632000,
        "grossProfitRatio": 0.3970993247,
        "researchAndDevelopmentExpenses": 0,
        "generalAndAdministrativeExpenses": 0,
        "sellingAndMarketingExpenses": 0,
        "sellingGeneralAndAdministrativeExpenses": 198977000,
        "otherExpenses": 0,
        "operatingExpenses": 199715000,
        "costAndExpenses": 586313000,
        "interestIncome": 0,
        "interestExpense": 0,
        "depreciationAndAmortization": 17577000,
        "ebitda": 72494000,
        "ebitdaratio": 0.1130545982,
        "operatingIncome": 54917000,
        "operatingIncomeRatio": 0.0856432169,
        "totalOtherIncomeExpensesNet": 6000,
        "incomeBeforeTax": 55661000,
        "incomeBeforeTaxRatio": 0.086803487,
        "incomeTaxExpense": 23220000,
        "netIncome": 32441000,
        "netIncomeRatio": 0.0505918313,
        "eps": 0.19,
        "epsdiluted": 0.18,
        "weightedAverageShsOut": 169785000,
        "weightedAverageShsOutDil": 176889000,
        "link": "https://www.sec.gov/Archives/edgar/data/315213/000119312504132326/0001193125-04-132326-index.htm",
        "finalLink": "https://www.sec.gov/Archives/edgar/data/315213/000119312504132326/d10q.htm"
    },
    {
        "date": "2004-03-31",
        "symbol": "RHI",
        "reportedCurrency": "USD",
        "cik": "0000315213",
        "fillingDate": "2004-05-06",
        "acceptedDate": "2004-05-06 14:10:29",
        "calendarYear": "2004",
        "period": "Q1",
        "revenue": 572282000,
        "costOfRevenue": 356255000,
        "grossProfit": 216027000,
        "grossProfitRatio": 0.3774834784,
        "researchAndDevelopmentExpenses": 0,
        "generalAndAdministrativeExpenses": 0,
        "sellingAndMarketingExpenses": 0,
        "sellingGeneralAndAdministrativeExpenses": 191131000,
        "otherExpenses": 0,
        "operatingExpenses": 191220000,
        "costAndExpenses": 547475000,
        "interestIncome": 0,
        "interestExpense": 0,
        "depreciationAndAmortization": 18392000,
        "ebitda": 43199000,
        "ebitdaratio": 0.0754855124,
        "operatingIncome": 24807000,
        "operatingIncomeRatio": 0.0433475105,
        "totalOtherIncomeExpensesNet": 545000,
        "incomeBeforeTax": 25441000,
        "incomeBeforeTaxRatio": 0.0444553559,
        "incomeTaxExpense": 10025000,
        "netIncome": 15416000,
        "netIncomeRatio": 0.0269377684,
        "eps": 0.09,
        "epsdiluted": 0.09,
        "weightedAverageShsOut": 169311000,
        "weightedAverageShsOutDil": 174771000,
        "link": "https://www.sec.gov/Archives/edgar/data/315213/000104746904016168/0001047469-04-016168-index.htm",
        "finalLink": "https://www.sec.gov/Archives/edgar/data/315213/000104746904016168/a2133889z10-q.htm"
    },
    {
        "date": "2003-12-31",
        "symbol": "RHI",
        "reportedCurrency": "USD",
        "cik": "0000315213",
        "fillingDate": "2004-03-08",
        "acceptedDate": "2004-03-08 17:22:38",
        "calendarYear": "2003",
        "period": "Q4",
        "revenue": 517664000,
        "costOfRevenue": 325064000,
        "grossProfit": 192600000,
        "grossProfitRatio": 0.3720560054,
        "researchAndDevelopmentExpenses": 0,
        "generalAndAdministrativeExpenses": 524007000,
        "sellingAndMarketingExpenses": -340665000,
        "sellingGeneralAndAdministrativeExpenses": 183342000,
        "otherExpenses": -8325000,
        "operatingExpenses": 185294000,
        "costAndExpenses": 510358000,
        "interestIncome": 0,
        "interestExpense": 0,
        "depreciationAndAmortization": 15876000,
        "ebitda": 23182000,
        "ebitdaratio": 0.0447819435,
        "operatingIncome": 7306000,
        "operatingIncomeRatio": 0.0141134017,
        "totalOtherIncomeExpensesNet": -9635000,
        "incomeBeforeTax": 7948000,
        "incomeBeforeTaxRatio": 0.0153535884,
        "incomeTaxExpense": 3100000,
        "netIncome": 4848000,
        "netIncomeRatio": 0.009365148,
        "eps": 0.03,
        "epsdiluted": 0.03,
        "weightedAverageShsOut": 212276000,
        "weightedAverageShsOutDil": 167370834,
        "link": "https://www.sec.gov/Archives/edgar/data/315213/000104746904006986/0001047469-04-006986-index.htm",
        "finalLink": "https://www.sec.gov/Archives/edgar/data/315213/000104746904006986/a2124746z10-k.htm"
    },
    {
        "date": "2003-09-30",
        "symbol": "RHI",
        "reportedCurrency": "USD",
        "cik": "0000315213",
        "fillingDate": "2003-11-13",
        "acceptedDate": "2003-11-13 13:29:25",
        "calendarYear": "2003",
        "period": "Q3",
        "revenue": 501137000,
        "costOfRevenue": 314026000,
        "grossProfit": 187111000,
        "grossProfitRatio": 0.3733729499,
        "researchAndDevelopmentExpenses": 0,
        "generalAndAdministrativeExpenses": 0,
        "sellingAndMarketingExpenses": 0,
        "sellingGeneralAndAdministrativeExpenses": 176097000,
        "otherExpenses": 0,
        "operatingExpenses": 178888000,
        "costAndExpenses": 492914000,
        "interestIncome": 0,
        "interestExpense": 0,
        "depreciationAndAmortization": 16991000,
        "ebitda": 25214000,
        "ebitdaratio": 0.0503135869,
        "operatingIncome": 8223000,
        "operatingIncomeRatio": 0.0164086866,
        "totalOtherIncomeExpensesNet": -2201000,
        "incomeBeforeTax": 8813000,
        "incomeBeforeTaxRatio": 0.0175860094,
        "incomeTaxExpense": 3966000,
        "netIncome": 4847000,
        "netIncomeRatio": 0.0096720059,
        "eps": 0.03,
        "epsdiluted": 0.03,
        "weightedAverageShsOut": 161566667,
        "weightedAverageShsOutDil": 161566667,
        "link": "https://www.sec.gov/Archives/edgar/data/315213/000104746903037208/0001047469-03-037208-index.htm",
        "finalLink": "https://www.sec.gov/Archives/edgar/data/315213/000104746903037208/a2119421z10-q.htm"
    },
    {
        "date": "2003-06-30",
        "symbol": "RHI",
        "reportedCurrency": "USD",
        "cik": "0000315213",
        "fillingDate": "2003-07-31",
        "acceptedDate": "2003-07-31 14:54:25",
        "calendarYear": "2003",
        "period": "Q2",
        "revenue": 482962000,
        "costOfRevenue": 305587000,
        "grossProfit": 177375000,
        "grossProfitRatio": 0.3672649194,
        "researchAndDevelopmentExpenses": 0,
        "generalAndAdministrativeExpenses": 0,
        "sellingAndMarketingExpenses": 0,
        "sellingGeneralAndAdministrativeExpenses": 175002000,
        "otherExpenses": 0,
        "operatingExpenses": 177761000,
        "costAndExpenses": 483348000,
        "interestIncome": 0,
        "interestExpense": 0,
        "depreciationAndAmortization": 16500000,
        "ebitda": 16114000,
        "ebitdaratio": 0.0333649438,
        "operatingIncome": -386000,
        "operatingIncomeRatio": -0.0007992347,
        "totalOtherIncomeExpensesNet": -2169000,
        "incomeBeforeTax": 204000,
        "incomeBeforeTaxRatio": 0.0004223935,
        "incomeTaxExpense": 70000,
        "netIncome": 134000,
        "netIncomeRatio": 0.0002774545,
        "eps": 0.0008,
        "epsdiluted": 0.0008,
        "weightedAverageShsOut": 171950000,
        "weightedAverageShsOutDil": 171950000,
        "link": "https://www.sec.gov/Archives/edgar/data/315213/000104746903025703/0001047469-03-025703-index.htm",
        "finalLink": "https://www.sec.gov/Archives/edgar/data/315213/000104746903025703/a2113112z10-q.htm"
    },
    {
        "date": "2003-03-31",
        "symbol": "RHI",
        "reportedCurrency": "USD",
        "cik": "0000315213",
        "fillingDate": "2003-05-14",
        "acceptedDate": "2003-05-14 15:38:29",
        "calendarYear": "2003",
        "period": "Q1",
        "revenue": 473228000,
        "costOfRevenue": 303576000,
        "grossProfit": 169652000,
        "grossProfitRatio": 0.3584994971,
        "researchAndDevelopmentExpenses": 0,
        "generalAndAdministrativeExpenses": 0,
        "sellingAndMarketingExpenses": 0,
        "sellingGeneralAndAdministrativeExpenses": 172908000,
        "otherExpenses": 0,
        "operatingExpenses": 175683000,
        "costAndExpenses": 479259000,
        "interestIncome": 0,
        "interestExpense": 0,
        "depreciationAndAmortization": 16537000,
        "ebitda": 10506000,
        "ebitdaratio": 0.0222007151,
        "operatingIncome": -6031000,
        "operatingIncomeRatio": -0.0127443854,
        "totalOtherIncomeExpensesNet": -1994000,
        "incomeBeforeTax": -5250000,
        "incomeBeforeTaxRatio": -0.0110940181,
        "incomeTaxExpense": -1811000,
        "netIncome": -3439000,
        "netIncomeRatio": -0.0072671101,
        "eps": -0.02,
        "epsdiluted": -0.02,
        "weightedAverageShsOut": 171950000,
        "weightedAverageShsOutDil": 171950000,
        "link": "https://www.sec.gov/Archives/edgar/data/315213/000104746903018433/0001047469-03-018433-index.htm",
        "finalLink": "https://www.sec.gov/Archives/edgar/data/315213/000104746903018433/a2108635z10-q.htm"
    },
    {
        "date": "2002-12-31",
        "symbol": "RHI",
        "reportedCurrency": "USD",
        "cik": "0000315213",
        "fillingDate": "2003-03-26",
        "acceptedDate": "2003-03-26 17:19:51",
        "calendarYear": "2002",
        "period": "Q4",
        "revenue": 478581000,
        "costOfRevenue": 307301000,
        "grossProfit": 171280000,
        "grossProfitRatio": 0.3578913496,
        "researchAndDevelopmentExpenses": 0,
        "generalAndAdministrativeExpenses": 528806000,
        "sellingAndMarketingExpenses": -348070000,
        "sellingGeneralAndAdministrativeExpenses": 180736000,
        "otherExpenses": -3544000,
        "operatingExpenses": 183473000,
        "costAndExpenses": 490774000,
        "interestIncome": 0,
        "interestExpense": 0,
        "depreciationAndAmortization": 17830000,
        "ebitda": 5637000,
        "ebitdaratio": 0.0117785704,
        "operatingIncome": -12193000,
        "operatingIncomeRatio": -0.0254774009,
        "totalOtherIncomeExpensesNet": -5487000,
        "incomeBeforeTax": -11399000,
        "incomeBeforeTaxRatio": -0.0238183296,
        "incomeTaxExpense": -4332000,
        "netIncome": -7067000,
        "netIncomeRatio": -0.0147665703,
        "eps": -0.052,
        "epsdiluted": -0.045,
        "weightedAverageShsOut": 135836000,
        "weightedAverageShsOutDil": 157064000,
        "link": "https://www.sec.gov/Archives/edgar/data/315213/000104746903010372/0001047469-03-010372-index.htm",
        "finalLink": "https://www.sec.gov/Archives/edgar/data/315213/000104746903010372/a2095565z10-k.htm"
    },
    {
        "date": "2002-09-30",
        "symbol": "RHI",
        "reportedCurrency": "USD",
        "cik": "0000315213",
        "fillingDate": "2002-11-13",
        "acceptedDate": "2002-11-13 17:17:37",
        "calendarYear": "2002",
        "period": "Q3",
        "revenue": 484778000,
        "costOfRevenue": 309342000,
        "grossProfit": 175436000,
        "grossProfitRatio": 0.3618893597,
        "researchAndDevelopmentExpenses": 0,
        "generalAndAdministrativeExpenses": 0,
        "sellingAndMarketingExpenses": 0,
        "sellingGeneralAndAdministrativeExpenses": 178731000,
        "otherExpenses": 0,
        "operatingExpenses": 181416000,
        "costAndExpenses": 490758000,
        "interestIncome": 0,
        "interestExpense": 0,
        "depreciationAndAmortization": 18836000,
        "ebitda": 12856000,
        "ebitdaratio": 0.0265193553,
        "operatingIncome": -5980000,
        "operatingIncomeRatio": -0.0123355433,
        "totalOtherIncomeExpensesNet": -1659000,
        "incomeBeforeTax": -4954000,
        "incomeBeforeTaxRatio": -0.0102191106,
        "incomeTaxExpense": -1882000,
        "netIncome": -3072000,
        "netIncomeRatio": -0.0063369212,
        "eps": -0.02,
        "epsdiluted": -0.02,
        "weightedAverageShsOut": 153600000,
        "weightedAverageShsOutDil": 153600000,
        "link": "https://www.sec.gov/Archives/edgar/data/315213/000091205702042195/0000912057-02-042195-index.htm",
        "finalLink": "https://www.sec.gov/Archives/edgar/data/315213/000091205702042195/a2091572z10-q.htm"
    },
    {
        "date": "2002-06-30",
        "symbol": "RHI",
        "reportedCurrency": "USD",
        "cik": "0000315213",
        "fillingDate": "2002-08-13",
        "acceptedDate": "2002-08-13 17:26:51",
        "calendarYear": "2002",
        "period": "Q2",
        "revenue": 473121000,
        "costOfRevenue": 290003000,
        "grossProfit": 183118000,
        "grossProfitRatio": 0.3870426381,
        "researchAndDevelopmentExpenses": 0,
        "generalAndAdministrativeExpenses": 0,
        "sellingAndMarketingExpenses": 0,
        "sellingGeneralAndAdministrativeExpenses": 178564000,
        "otherExpenses": 0,
        "operatingExpenses": 179423000,
        "costAndExpenses": 469426000,
        "interestIncome": 0,
        "interestExpense": 0,
        "depreciationAndAmortization": 18420000,
        "ebitda": 22115000,
        "ebitdaratio": 0.0467427994,
        "operatingIncome": 3695000,
        "operatingIncomeRatio": 0.0078098415,
        "totalOtherIncomeExpensesNet": 599000,
        "incomeBeforeTax": 5153000,
        "incomeBeforeTaxRatio": 0.0108915056,
        "incomeTaxExpense": 1958000,
        "netIncome": 3195000,
        "netIncomeRatio": 0.0067530294,
        "eps": 0.02,
        "epsdiluted": 0.02,
        "weightedAverageShsOut": 159750000,
        "weightedAverageShsOutDil": 159750000,
        "link": "https://www.sec.gov/Archives/edgar/data/315213/000091205702031644/0000912057-02-031644-index.htm",
        "finalLink": "https://www.sec.gov/Archives/edgar/data/315213/000091205702031644/a2083915z10-q.htm"
    },
    {
        "date": "2002-03-31",
        "symbol": "RHI",
        "reportedCurrency": "USD",
        "cik": "0000315213",
        "fillingDate": "2002-05-13",
        "acceptedDate": "2002-05-13 12:52:34",
        "calendarYear": "2002",
        "period": "Q1",
        "revenue": 468471000,
        "costOfRevenue": 283570000,
        "grossProfit": 184901000,
        "grossProfitRatio": 0.3946903864,
        "researchAndDevelopmentExpenses": 0,
        "generalAndAdministrativeExpenses": 0,
        "sellingAndMarketingExpenses": 0,
        "sellingGeneralAndAdministrativeExpenses": 171511000,
        "otherExpenses": 0,
        "operatingExpenses": 171511000,
        "costAndExpenses": 455081000,
        "interestIncome": 0,
        "interestExpense": 0,
        "depreciationAndAmortization": 17222000,
        "ebitda": 13390000,
        "ebitdaratio": 0.0285823455,
        "operatingIncome": 13390000,
        "operatingIncomeRatio": 0.0285823455,
        "totalOtherIncomeExpensesNet": 1307000,
        "incomeBeforeTax": 14697000,
        "incomeBeforeTaxRatio": 0.0313722728,
        "incomeTaxExpense": 5585000,
        "netIncome": 9112000,
        "netIncomeRatio": 0.0194505103,
        "eps": 0.05,
        "epsdiluted": 0.05,
        "weightedAverageShsOut": 182240000,
        "weightedAverageShsOutDil": 182240000,
        "link": "https://www.sec.gov/Archives/edgar/data/315213/000091205702019812/0000912057-02-019812-index.htm",
        "finalLink": "https://www.sec.gov/Archives/edgar/data/315213/000091205702019812/a2075847z10-q.htm"
    },
    {
        "date": "2001-12-31",
        "symbol": "RHI",
        "reportedCurrency": "USD",
        "cik": "0000315213",
        "fillingDate": "2002-03-18",
        "acceptedDate": "2002-03-18 00:00:00",
        "calendarYear": "2001",
        "period": "Q4",
        "revenue": 510483000,
        "costOfRevenue": 308219000,
        "grossProfit": 202264000,
        "grossProfitRatio": 0.396220834,
        "researchAndDevelopmentExpenses": 0,
        "generalAndAdministrativeExpenses": 641496000,
        "sellingAndMarketingExpenses": -459514000,
        "sellingGeneralAndAdministrativeExpenses": 181982000,
        "otherExpenses": 0,
        "operatingExpenses": 183315000,
        "costAndExpenses": 491534000,
        "interestIncome": 0,
        "interestExpense": 0,
        "depreciationAndAmortization": 19030000,
        "ebitda": 37979000,
        "ebitdaratio": 0.074398168,
        "operatingIncome": 18949000,
        "operatingIncomeRatio": 0.0371197474,
        "totalOtherIncomeExpensesNet": -3721000,
        "incomeBeforeTax": 20563000,
        "incomeBeforeTaxRatio": 0.0402814589,
        "incomeTaxExpense": 7876000,
        "netIncome": 12687000,
        "netIncomeRatio": 0.0248529334,
        "eps": 0.07,
        "epsdiluted": 0.07,
        "weightedAverageShsOut": 177456662,
        "weightedAverageShsOutDil": 180926866,
        "link": "https://www.sec.gov/Archives/edgar/data/315213/000091205702010203/0000912057-02-010203-index.htm",
        "finalLink": "https://www.sec.gov/Archives/edgar/data/315213/000091205702010203/a2066962z10-k405.htm"
    },
    {
        "date": "2001-09-30",
        "symbol": "RHI",
        "reportedCurrency": "USD",
        "cik": "0000315213",
        "fillingDate": "2001-11-07",
        "acceptedDate": "2001-11-07 00:00:00",
        "calendarYear": "2001",
        "period": "Q3",
        "revenue": 574690000,
        "costOfRevenue": 344125000,
        "grossProfit": 230565000,
        "grossProfitRatio": 0.4011989072,
        "researchAndDevelopmentExpenses": 0,
        "generalAndAdministrativeExpenses": 0,
        "sellingAndMarketingExpenses": 0,
        "sellingGeneralAndAdministrativeExpenses": 193960000,
        "otherExpenses": 0,
        "operatingExpenses": 195293000,
        "costAndExpenses": 539418000,
        "interestIncome": 0,
        "interestExpense": 0,
        "depreciationAndAmortization": 19196000,
        "ebitda": 54468000,
        "ebitdaratio": 0.0947780543,
        "operatingIncome": 35272000,
        "operatingIncomeRatio": 0.0613756982,
        "totalOtherIncomeExpensesNet": 911000,
        "incomeBeforeTax": 37516000,
        "incomeBeforeTaxRatio": 0.065280412,
        "incomeTaxExpense": 14369000,
        "netIncome": 23147000,
        "netIncomeRatio": 0.0402773669,
        "eps": 0.13,
        "epsdiluted": 0.13,
        "weightedAverageShsOut": 178053846,
        "weightedAverageShsOutDil": 178053846,
        "link": "https://www.sec.gov/Archives/edgar/data/315213/000091205701537961/0000912057-01-537961-index.htm",
        "finalLink": "https://www.sec.gov/Archives/edgar/data/315213/000091205701537961/a2060274z10-q.htm"
    },
    {
        "date": "2001-06-30",
        "symbol": "RHI",
        "reportedCurrency": "USD",
        "cik": "0000315213",
        "fillingDate": "2001-07-31",
        "acceptedDate": "2001-07-31 00:00:00",
        "calendarYear": "2001",
        "period": "Q2",
        "revenue": 648404000,
        "costOfRevenue": 375641000,
        "grossProfit": 272763000,
        "grossProfitRatio": 0.4206682871,
        "researchAndDevelopmentExpenses": 0,
        "generalAndAdministrativeExpenses": 0,
        "sellingAndMarketingExpenses": 0,
        "sellingGeneralAndAdministrativeExpenses": 212552000,
        "otherExpenses": 0,
        "operatingExpenses": 213885000,
        "costAndExpenses": 589526000,
        "interestIncome": 0,
        "interestExpense": 0,
        "depreciationAndAmortization": 18334000,
        "ebitda": 77212000,
        "ebitdaratio": 0.1190800797,
        "operatingIncome": 58878000,
        "operatingIncomeRatio": 0.0908044984,
        "totalOtherIncomeExpensesNet": 2250000,
        "incomeBeforeTax": 61128000,
        "incomeBeforeTaxRatio": 0.0942745572,
        "incomeTaxExpense": 23412000,
        "netIncome": 37716000,
        "netIncomeRatio": 0.0581674388,
        "eps": 0.22,
        "epsdiluted": 0.21,
        "weightedAverageShsOut": 171436364,
        "weightedAverageShsOutDil": 179600000,
        "link": "https://www.sec.gov/Archives/edgar/data/315213/000091205701525947/0000912057-01-525947-index.htm",
        "finalLink": "https://www.sec.gov/Archives/edgar/data/315213/000091205701525947/a2053706z10-q.txt"
    },
    {
        "date": "2001-03-31",
        "symbol": "RHI",
        "reportedCurrency": "USD",
        "cik": "0000315213",
        "fillingDate": "2001-05-09",
        "acceptedDate": "2001-05-09 00:00:00",
        "calendarYear": "2001",
        "period": "Q1",
        "revenue": 719273000,
        "costOfRevenue": 408287000,
        "grossProfit": 310986000,
        "grossProfitRatio": 0.4323615651,
        "researchAndDevelopmentExpenses": 0,
        "generalAndAdministrativeExpenses": 0,
        "sellingAndMarketingExpenses": 0,
        "sellingGeneralAndAdministrativeExpenses": 234984000,
        "otherExpenses": 0,
        "operatingExpenses": 236320000,
        "costAndExpenses": 644607000,
        "interestIncome": 0,
        "interestExpense": 0,
        "depreciationAndAmortization": 16556000,
        "ebitda": 91222000,
        "ebitdaratio": 0.1268252805,
        "operatingIncome": 74666000,
        "operatingIncomeRatio": 0.1038075946,
        "totalOtherIncomeExpensesNet": 2411000,
        "incomeBeforeTax": 77077000,
        "incomeBeforeTaxRatio": 0.1071595903,
        "incomeTaxExpense": 29520000,
        "netIncome": 47557000,
        "netIncomeRatio": 0.0661181499,
        "eps": 0.27,
        "epsdiluted": 0.26,
        "weightedAverageShsOut": 176137037,
        "weightedAverageShsOutDil": 182911538,
        "link": "https://www.sec.gov/Archives/edgar/data/315213/000091205701513968/0000912057-01-513968-index.htm",
        "finalLink": "https://www.sec.gov/Archives/edgar/data/315213/000091205701513968/a2044619z10-q.txt"
    },
    {
        "date": "2000-12-31",
        "symbol": "RHI",
        "reportedCurrency": "USD",
        "cik": "0000315213",
        "fillingDate": "2001-03-23",
        "acceptedDate": "2001-03-23 00:00:00",
        "calendarYear": "2000",
        "period": "Q4",
        "revenue": 705888000,
        "costOfRevenue": 387598000,
        "grossProfit": 318290000,
        "grossProfitRatio": 0.4509072261,
        "researchAndDevelopmentExpenses": 0,
        "generalAndAdministrativeExpenses": 0,
        "sellingAndMarketingExpenses": 0,
        "sellingGeneralAndAdministrativeExpenses": 228842000,
        "otherExpenses": 0,
        "operatingExpenses": 244154000,
        "costAndExpenses": 631752000,
        "interestIncome": 0,
        "interestExpense": 0,
        "depreciationAndAmortization": 15312000,
        "ebitda": 89448000,
        "ebitdaratio": 0.1267169863,
        "operatingIncome": 74136000,
        "operatingIncomeRatio": 0.1050251598,
        "totalOtherIncomeExpensesNet": 3406000,
        "incomeBeforeTax": 77542000,
        "incomeBeforeTaxRatio": 0.1098502879,
        "incomeTaxExpense": 29699000,
        "netIncome": 47843000,
        "netIncomeRatio": 0.0677770411,
        "eps": 0.27,
        "epsdiluted": 0.26,
        "weightedAverageShsOut": 177194579,
        "weightedAverageShsOutDil": 183898486,
        "link": "https://www.sec.gov/Archives/edgar/data/315213/000091205701008024/0000912057-01-008024-index.htm",
        "finalLink": "https://www.sec.gov/Archives/edgar/data/315213/000091205701008024/a2033209z10-k405.txt"
    },
    {
        "date": "2000-09-30",
        "symbol": "RHI",
        "reportedCurrency": "USD",
        "cik": "0000315213",
        "fillingDate": "2000-11-13",
        "acceptedDate": "2000-11-13 00:00:00",
        "calendarYear": "2000",
        "period": "Q3",
        "revenue": 689585000,
        "costOfRevenue": 380729000,
        "grossProfit": 308856000,
        "grossProfitRatio": 0.4478867725,
        "researchAndDevelopmentExpenses": 0,
        "generalAndAdministrativeExpenses": 0,
        "sellingAndMarketingExpenses": 0,
        "sellingGeneralAndAdministrativeExpenses": 219880000,
        "otherExpenses": 0,
        "operatingExpenses": 234119000,
        "costAndExpenses": 614848000,
        "interestIncome": 0,
        "interestExpense": 0,
        "depreciationAndAmortization": 14239000,
        "ebitda": 88976000,
        "ebitdaratio": 0.1290283286,
        "operatingIncome": 74737000,
        "operatingIncomeRatio": 0.1083796776,
        "totalOtherIncomeExpensesNet": 3119000,
        "incomeBeforeTax": 77856000,
        "incomeBeforeTaxRatio": 0.1129026878,
        "incomeTaxExpense": 29819000,
        "netIncome": 48037000,
        "netIncomeRatio": 0.069660738,
        "eps": 0.27,
        "epsdiluted": 0.26,
        "weightedAverageShsOut": 177914815,
        "weightedAverageShsOutDil": 184757692,
        "link": "https://www.sec.gov/Archives/edgar/data/315213/000091205700049011/0000912057-00-049011-index.htm",
        "finalLink": "https://www.sec.gov/Archives/edgar/data/315213/000091205700049011/a2027456z10-q.txt"
    },
    {
        "date": "2000-06-30",
        "symbol": "RHI",
        "reportedCurrency": "USD",
        "cik": "0000315213",
        "fillingDate": "2000-08-02",
        "acceptedDate": "2000-08-02 00:00:00",
        "calendarYear": "2000",
        "period": "Q2",
        "revenue": 671000000,
        "costOfRevenue": 369127000,
        "grossProfit": 301873000,
        "grossProfitRatio": 0.4498852459,
        "researchAndDevelopmentExpenses": 0,
        "generalAndAdministrativeExpenses": 0,
        "sellingAndMarketingExpenses": 0,
        "sellingGeneralAndAdministrativeExpenses": 214752000,
        "otherExpenses": 0,
        "operatingExpenses": 228410000,
        "costAndExpenses": 597537000,
        "interestIncome": 0,
        "interestExpense": 0,
        "depreciationAndAmortization": 13658000,
        "ebitda": 87121000,
        "ebitdaratio": 0.1298375559,
        "operatingIncome": 73463000,
        "operatingIncomeRatio": 0.1094828614,
        "totalOtherIncomeExpensesNet": 2458000,
        "incomeBeforeTax": 75921000,
        "incomeBeforeTaxRatio": 0.1131460507,
        "incomeTaxExpense": 29078000,
        "netIncome": 46843000,
        "netIncomeRatio": 0.0698107303,
        "eps": 0.26,
        "epsdiluted": 0.25,
        "weightedAverageShsOut": 180165385,
        "weightedAverageShsOutDil": 187372000,
        "link": "https://www.sec.gov/Archives/edgar/data/315213/000091205700034283/0000912057-00-034283-index.htm",
        "finalLink": "https://www.sec.gov/Archives/edgar/data/315213/000091205700034283/a10-q.txt"
    },
    {
        "date": "2000-03-31",
        "symbol": "RHI",
        "reportedCurrency": "USD",
        "cik": "0000315213",
        "fillingDate": "2000-05-11",
        "acceptedDate": "2000-05-11 00:00:00",
        "calendarYear": "2000",
        "period": "Q1",
        "revenue": 632846000,
        "costOfRevenue": 349620000,
        "grossProfit": 283226000,
        "grossProfitRatio": 0.4475433202,
        "researchAndDevelopmentExpenses": 0,
        "generalAndAdministrativeExpenses": 0,
        "sellingAndMarketingExpenses": 0,
        "sellingGeneralAndAdministrativeExpenses": 200944000,
        "otherExpenses": 0,
        "operatingExpenses": 214374000,
        "costAndExpenses": 563994000,
        "interestIncome": 0,
        "interestExpense": 0,
        "depreciationAndAmortization": 13430000,
        "ebitda": 82282000,
        "ebitdaratio": 0.1300189936,
        "operatingIncome": 68852000,
        "operatingIncomeRatio": 0.1087974009,
        "totalOtherIncomeExpensesNet": 1456000,
        "incomeBeforeTax": 70308000,
        "incomeBeforeTaxRatio": 0.1110981187,
        "incomeTaxExpense": 26928000,
        "netIncome": 43380000,
        "netIncomeRatio": 0.0685474823,
        "eps": 0.25,
        "epsdiluted": 0.24,
        "weightedAverageShsOut": 177061224,
        "weightedAverageShsOutDil": 184595745,
        "link": "https://www.sec.gov/Archives/edgar/data/315213/000091205700023283/0000912057-00-023283-index.html",
        "finalLink": "https://www.sec.gov/Archives/edgar/data/315213/000091205700023283/"
    },
    {
        "date": "1999-12-31",
        "symbol": "RHI",
        "reportedCurrency": "USD",
        "cik": "0000315213",
        "fillingDate": "2000-03-08",
        "acceptedDate": "2000-03-08 00:00:00",
        "calendarYear": "1999",
        "period": "Q4",
        "revenue": 569800000,
        "costOfRevenue": 321600000,
        "grossProfit": 248200000,
        "grossProfitRatio": 0.4355914356,
        "researchAndDevelopmentExpenses": 0,
        "generalAndAdministrativeExpenses": 0,
        "sellingAndMarketingExpenses": 0,
        "sellingGeneralAndAdministrativeExpenses": 176000000,
        "otherExpenses": 0,
        "operatingExpenses": 187100000,
        "costAndExpenses": 508700000,
        "interestIncome": 0,
        "interestExpense": 0,
        "depreciationAndAmortization": 11100000,
        "ebitda": 72200000,
        "ebitdaratio": 0.1267111267,
        "operatingIncome": 61100000,
        "operatingIncomeRatio": 0.1072306072,
        "totalOtherIncomeExpensesNet": 1400000,
        "incomeBeforeTax": 62500000,
        "incomeBeforeTaxRatio": 0.1096876097,
        "incomeTaxExpense": 24900000,
        "netIncome": 37600000,
        "netIncomeRatio": 0.065988066,
        "eps": 0.21,
        "epsdiluted": 0.21,
        "weightedAverageShsOut": 178812416,
        "weightedAverageShsOutDil": 178812416,
        "link": "https://www.sec.gov/Archives/edgar/data/315213/000091205700010385/0000912057-00-010385-index.html",
        "finalLink": "https://www.sec.gov/Archives/edgar/data/315213/000091205700010385/"
    },
    {
        "date": "1999-09-30",
        "symbol": "RHI",
        "reportedCurrency": "USD",
        "cik": "0000315213",
        "fillingDate": "1999-11-10",
        "acceptedDate": "1999-11-10 00:00:00",
        "calendarYear": "1999",
        "period": "Q3",
        "revenue": 529500000,
        "costOfRevenue": 298700000,
        "grossProfit": 230800000,
        "grossProfitRatio": 0.4358829084,
        "researchAndDevelopmentExpenses": 0,
        "generalAndAdministrativeExpenses": 0,
        "sellingAndMarketingExpenses": 0,
        "sellingGeneralAndAdministrativeExpenses": 164700000,
        "otherExpenses": 0,
        "operatingExpenses": 175300000,
        "costAndExpenses": 474000000,
        "interestIncome": 0,
        "interestExpense": 0,
        "depreciationAndAmortization": 10600000,
        "ebitda": 66100000,
        "ebitdaratio": 0.1248347498,
        "operatingIncome": 55500000,
        "operatingIncomeRatio": 0.104815864,
        "totalOtherIncomeExpensesNet": 1700000,
        "incomeBeforeTax": 57200000,
        "incomeBeforeTaxRatio": 0.10802644,
        "incomeTaxExpense": 22700000,
        "netIncome": 34500000,
        "netIncomeRatio": 0.0651558074,
        "eps": 0.19,
        "epsdiluted": 0.19,
        "weightedAverageShsOut": 181578947,
        "weightedAverageShsOutDil": 181578947,
        "link": "https://www.sec.gov/Archives/edgar/data/315213/000091205799004465/0000912057-99-004465-index.html",
        "finalLink": "https://www.sec.gov/Archives/edgar/data/315213/000091205799004465/"
    },
    {
        "date": "1999-06-30",
        "symbol": "RHI",
        "reportedCurrency": "USD",
        "cik": "0000315213",
        "fillingDate": "1999-08-11",
        "acceptedDate": "1999-08-11 00:00:00",
        "calendarYear": "1999",
        "period": "Q2",
        "revenue": 497100000,
        "costOfRevenue": 284500000,
        "grossProfit": 212600000,
        "grossProfitRatio": 0.4276805472,
        "researchAndDevelopmentExpenses": 0,
        "generalAndAdministrativeExpenses": 0,
        "sellingAndMarketingExpenses": 0,
        "sellingGeneralAndAdministrativeExpenses": 148700000,
        "otherExpenses": 0,
        "operatingExpenses": 158200000,
        "costAndExpenses": 442700000,
        "interestIncome": 0,
        "interestExpense": 0,
        "depreciationAndAmortization": 9500000,
        "ebitda": 62400000,
        "ebitdaratio": 0.1255280628,
        "operatingIncome": 52900000,
        "operatingIncomeRatio": 0.1064172199,
        "totalOtherIncomeExpensesNet": 3000000,
        "incomeBeforeTax": 55900000,
        "incomeBeforeTaxRatio": 0.1124522229,
        "incomeTaxExpense": 22000000,
        "netIncome": 33900000,
        "netIncomeRatio": 0.0681955341,
        "eps": 0.19,
        "epsdiluted": 0.19,
        "weightedAverageShsOut": 178421053,
        "weightedAverageShsOutDil": 178421053,
        "link": "https://www.sec.gov/Archives/edgar/data/315213/000104746999030956/0001047469-99-030956-index.html",
        "finalLink": "https://www.sec.gov/Archives/edgar/data/315213/000104746999030956/"
    },
    {
        "date": "1999-03-31",
        "symbol": "RHI",
        "reportedCurrency": "USD",
        "cik": "0000315213",
        "fillingDate": "1999-05-11",
        "acceptedDate": "1999-05-11 00:00:00",
        "calendarYear": "1999",
        "period": "Q1",
        "revenue": 485000000,
        "costOfRevenue": 280400000,
        "grossProfit": 204600000,
        "grossProfitRatio": 0.4218556701,
        "researchAndDevelopmentExpenses": 0,
        "generalAndAdministrativeExpenses": 0,
        "sellingAndMarketingExpenses": 0,
        "sellingGeneralAndAdministrativeExpenses": 139000000,
        "otherExpenses": 0,
        "operatingExpenses": 146900000,
        "costAndExpenses": 427300000,
        "interestIncome": 0,
        "interestExpense": 0,
        "depreciationAndAmortization": 7900000,
        "ebitda": 64300000,
        "ebitdaratio": 0.1325773196,
        "operatingIncome": 56400000,
        "operatingIncomeRatio": 0.1162886598,
        "totalOtherIncomeExpensesNet": 2600000,
        "incomeBeforeTax": 59000000,
        "incomeBeforeTaxRatio": 0.1216494845,
        "incomeTaxExpense": 23700000,
        "netIncome": 35300000,
        "netIncomeRatio": 0.0727835052,
        "eps": 0.2,
        "epsdiluted": 0.19,
        "weightedAverageShsOut": 176500000,
        "weightedAverageShsOutDil": 185789474,
        "link": "https://www.sec.gov/Archives/edgar/data/315213/000104746999019325/0001047469-99-019325-index.html",
        "finalLink": "https://www.sec.gov/Archives/edgar/data/315213/"
    },
    {
        "date": "1998-12-31",
        "symbol": "RHI",
        "reportedCurrency": "USD",
        "cik": "0000315213",
        "fillingDate": "1999-03-17",
        "acceptedDate": "1999-03-17 00:00:00",
        "calendarYear": "1998",
        "period": "Q4",
        "revenue": 478900000,
        "costOfRevenue": 279500000,
        "grossProfit": 199400000,
        "grossProfitRatio": 0.4163708499,
        "researchAndDevelopmentExpenses": 0,
        "generalAndAdministrativeExpenses": 0,
        "sellingAndMarketingExpenses": 0,
        "sellingGeneralAndAdministrativeExpenses": 134100000,
        "otherExpenses": 0,
        "operatingExpenses": 141300000,
        "costAndExpenses": 420800000,
        "interestIncome": 0,
        "interestExpense": 0,
        "depreciationAndAmortization": 7200000,
        "ebitda": 64100000,
        "ebitdaratio": 0.1338484026,
        "operatingIncome": 56900000,
        "operatingIncomeRatio": 0.1188139486,
        "totalOtherIncomeExpensesNet": 2400000,
        "incomeBeforeTax": 59300000,
        "incomeBeforeTaxRatio": 0.1238254333,
        "incomeTaxExpense": 24000000,
        "netIncome": 35300000,
        "netIncomeRatio": 0.0737105868,
        "eps": 0.19,
        "epsdiluted": 0.18,
        "weightedAverageShsOut": 186016771,
        "weightedAverageShsOutDil": 196427962,
        "link": "https://www.sec.gov/Archives/edgar/data/315213/000104746999010073/0001047469-99-010073-index.html",
        "finalLink": "https://www.sec.gov/Archives/edgar/data/315213/"
    },
    {
        "date": "1998-09-30",
        "symbol": "RHI",
        "reportedCurrency": "USD",
        "cik": "0000315213",
        "fillingDate": "1998-11-13",
        "acceptedDate": "1998-11-13 00:00:00",
        "calendarYear": "1998",
        "period": "Q3",
        "revenue": 470700000,
        "costOfRevenue": 275500000,
        "grossProfit": 195200000,
        "grossProfitRatio": 0.4147015084,
        "researchAndDevelopmentExpenses": 0,
        "generalAndAdministrativeExpenses": 0,
        "sellingAndMarketingExpenses": 0,
        "sellingGeneralAndAdministrativeExpenses": 132000000,
        "otherExpenses": 0,
        "operatingExpenses": 138400000,
        "costAndExpenses": 413900000,
        "interestIncome": 0,
        "interestExpense": 0,
        "depreciationAndAmortization": 6400000,
        "ebitda": 61500000,
        "ebitdaratio": 0.1306564691,
        "operatingIncome": 55100000,
        "operatingIncomeRatio": 0.1170596983,
        "totalOtherIncomeExpensesNet": 3500000,
        "incomeBeforeTax": 58600000,
        "incomeBeforeTaxRatio": 0.1244954323,
        "incomeTaxExpense": 23600000,
        "netIncome": 35000000,
        "netIncomeRatio": 0.0743573401,
        "eps": 0.19,
        "epsdiluted": 0.19,
        "weightedAverageShsOut": 184210526,
        "weightedAverageShsOutDil": 184210526,
        "link": "https://www.sec.gov/Archives/edgar/data/315213/000104746998040718/0001047469-98-040718-index.html",
        "finalLink": "https://www.sec.gov/Archives/edgar/data/315213/"
    },
    {
        "date": "1998-06-30",
        "symbol": "RHI",
        "reportedCurrency": "USD",
        "cik": "0000315213",
        "fillingDate": "1998-08-05",
        "acceptedDate": "1998-08-05 00:00:00",
        "calendarYear": "1998",
        "period": "Q2",
        "revenue": 442200000,
        "costOfRevenue": 259900000,
        "grossProfit": 182300000,
        "grossProfitRatio": 0.4122568973,
        "researchAndDevelopmentExpenses": 0,
        "generalAndAdministrativeExpenses": 0,
        "sellingAndMarketingExpenses": 0,
        "sellingGeneralAndAdministrativeExpenses": 123600000,
        "otherExpenses": 0,
        "operatingExpenses": 129400000,
        "costAndExpenses": 389300000,
        "interestIncome": 0,
        "interestExpense": 0,
        "depreciationAndAmortization": 5800000,
        "ebitda": 57200000,
        "ebitdaratio": 0.1293532338,
        "operatingIncome": 51400000,
        "operatingIncomeRatio": 0.1162369968,
        "totalOtherIncomeExpensesNet": 3000000,
        "incomeBeforeTax": 54400000,
        "incomeBeforeTaxRatio": 0.1230212573,
        "incomeTaxExpense": 22100000,
        "netIncome": 32300000,
        "netIncomeRatio": 0.0730438716,
        "eps": 0.18,
        "epsdiluted": 0.17,
        "weightedAverageShsOut": 179444444,
        "weightedAverageShsOutDil": 190000000,
        "link": "https://www.sec.gov/Archives/edgar/data/315213/000104746998029432/0001047469-98-029432-index.html",
        "finalLink": "https://www.sec.gov/Archives/edgar/data/315213/"
    },
    {
        "date": "1998-03-31",
        "symbol": "RHI",
        "reportedCurrency": "USD",
        "cik": "0000315213",
        "fillingDate": "1998-05-13",
        "acceptedDate": "1998-05-13 00:00:00",
        "calendarYear": "1998",
        "period": "Q1",
        "revenue": 401300000,
        "costOfRevenue": 236400000,
        "grossProfit": 164900000,
        "grossProfitRatio": 0.4109145278,
        "researchAndDevelopmentExpenses": 0,
        "generalAndAdministrativeExpenses": 0,
        "sellingAndMarketingExpenses": 0,
        "sellingGeneralAndAdministrativeExpenses": 112000000,
        "otherExpenses": 0,
        "operatingExpenses": 117200000,
        "costAndExpenses": 353600000,
        "interestIncome": 0,
        "interestExpense": 0,
        "depreciationAndAmortization": 5200000,
        "ebitda": 51700000,
        "ebitdaratio": 0.1288312983,
        "operatingIncome": 46500000,
        "operatingIncomeRatio": 0.1158734114,
        "totalOtherIncomeExpensesNet": 2500000,
        "incomeBeforeTax": 49000000,
        "incomeBeforeTaxRatio": 0.1221031647,
        "incomeTaxExpense": 19900000,
        "netIncome": 29100000,
        "netIncomeRatio": 0.0725143284,
        "eps": 0.16,
        "epsdiluted": 0.16,
        "weightedAverageShsOut": 181875000,
        "weightedAverageShsOutDil": 181875000,
        "link": "https://www.sec.gov/Archives/edgar/data/315213/000104746998019838/0001047469-98-019838-index.html",
        "finalLink": "https://www.sec.gov/Archives/edgar/data/315213/"
    },
    {
        "date": "1997-12-31",
        "symbol": "RHI",
        "reportedCurrency": "USD",
        "cik": "0000315213",
        "fillingDate": "1998-03-13",
        "acceptedDate": "1998-03-13 00:00:00",
        "calendarYear": "1997",
        "period": "Q4",
        "revenue": 368500000,
        "costOfRevenue": 218500000,
        "grossProfit": 150000000,
        "grossProfitRatio": 0.4070556309,
        "researchAndDevelopmentExpenses": 0,
        "generalAndAdministrativeExpenses": 0,
        "sellingAndMarketingExpenses": 0,
        "sellingGeneralAndAdministrativeExpenses": 100500000,
        "otherExpenses": 0,
        "operatingExpenses": 105500000,
        "costAndExpenses": 324000000,
        "interestIncome": 0,
        "interestExpense": 0,
        "depreciationAndAmortization": 5000000,
        "ebitda": 48100000,
        "ebitdaratio": 0.1305291723,
        "operatingIncome": 43100000,
        "operatingIncomeRatio": 0.1169606513,
        "totalOtherIncomeExpensesNet": 2600000,
        "incomeBeforeTax": 45700000,
        "incomeBeforeTaxRatio": 0.1240162822,
        "incomeTaxExpense": 18800000,
        "netIncome": 26900000,
        "netIncomeRatio": 0.0729986431,
        "eps": 0.15,
        "epsdiluted": 0.14,
        "weightedAverageShsOut": 179147609,
        "weightedAverageShsOutDil": 192933333,
        "link": "https://www.sec.gov/Archives/edgar/data/315213/000104746998009798/0001047469-98-009798-index.html",
        "finalLink": "https://www.sec.gov/Archives/edgar/data/315213/"
    },
    {
        "date": "1997-09-30",
        "symbol": "RHI",
        "reportedCurrency": "USD",
        "cik": "0000315213",
        "fillingDate": "1997-11-10",
        "acceptedDate": "1997-11-10 00:00:00",
        "calendarYear": "1997",
        "period": "Q3",
        "revenue": 339800000,
        "costOfRevenue": 201200000,
        "grossProfit": 138600000,
        "grossProfitRatio": 0.4078869923,
        "researchAndDevelopmentExpenses": 0,
        "generalAndAdministrativeExpenses": 0,
        "sellingAndMarketingExpenses": 0,
        "sellingGeneralAndAdministrativeExpenses": 93400000,
        "otherExpenses": 0,
        "operatingExpenses": 98000000,
        "costAndExpenses": 299200000,
        "interestIncome": 0,
        "interestExpense": 0,
        "depreciationAndAmortization": 4600000,
        "ebitda": 44000000,
        "ebitdaratio": 0.1294879341,
        "operatingIncome": 39400000,
        "operatingIncomeRatio": 0.1159505592,
        "totalOtherIncomeExpensesNet": 2300000,
        "incomeBeforeTax": 41700000,
        "incomeBeforeTaxRatio": 0.1227192466,
        "incomeTaxExpense": 17100000,
        "netIncome": 24600000,
        "netIncomeRatio": 0.0723955268,
        "eps": 0.14,
        "epsdiluted": 0.13,
        "weightedAverageShsOut": 175714286,
        "weightedAverageShsOutDil": 189230769,
        "link": "https://www.sec.gov/Archives/edgar/data/315213/000104746997003454/0001047469-97-003454-index.html",
        "finalLink": "https://www.sec.gov/Archives/edgar/data/315213/"
    },
    {
        "date": "1997-06-30",
        "symbol": "RHI",
        "reportedCurrency": "USD",
        "cik": "0000315213",
        "fillingDate": "1997-08-08",
        "acceptedDate": "1997-08-08 00:00:00",
        "calendarYear": "1997",
        "period": "Q2",
        "revenue": 311600000,
        "costOfRevenue": 184400000,
        "grossProfit": 127200000,
        "grossProfitRatio": 0.4082156611,
        "researchAndDevelopmentExpenses": 0,
        "generalAndAdministrativeExpenses": 0,
        "sellingAndMarketingExpenses": 0,
        "sellingGeneralAndAdministrativeExpenses": 86200000,
        "otherExpenses": 0,
        "operatingExpenses": 90500000,
        "costAndExpenses": 274900000,
        "interestIncome": 0,
        "interestExpense": 0,
        "depreciationAndAmortization": 4300000,
        "ebitda": 40100000,
        "ebitdaratio": 0.128690629,
        "operatingIncome": 35800000,
        "operatingIncomeRatio": 0.1148908858,
        "totalOtherIncomeExpensesNet": 1800000,
        "incomeBeforeTax": 37600000,
        "incomeBeforeTaxRatio": 0.1206675225,
        "incomeTaxExpense": 15400000,
        "netIncome": 22200000,
        "netIncomeRatio": 0.0712451861,
        "eps": 0.12,
        "epsdiluted": 0.12,
        "weightedAverageShsOut": 185000000,
        "weightedAverageShsOutDil": 185000000,
        "link": "https://www.sec.gov/Archives/edgar/data/315213/000091205797026465/0000912057-97-026465-index.html",
        "finalLink": "https://www.sec.gov/Archives/edgar/data/315213/"
    },
    {
        "date": "1997-03-31",
        "symbol": "RHI",
        "reportedCurrency": "USD",
        "cik": "0000315213",
        "fillingDate": "1997-05-08",
        "acceptedDate": "1997-05-08 00:00:00",
        "calendarYear": "1997",
        "period": "Q1",
        "revenue": 283000000,
        "costOfRevenue": 168500000,
        "grossProfit": 114500000,
        "grossProfitRatio": 0.4045936396,
        "researchAndDevelopmentExpenses": 0,
        "generalAndAdministrativeExpenses": 0,
        "sellingAndMarketingExpenses": 0,
        "sellingGeneralAndAdministrativeExpenses": 77600000,
        "otherExpenses": 0,
        "operatingExpenses": 81400000,
        "costAndExpenses": 249900000,
        "interestIncome": 0,
        "interestExpense": 0,
        "depreciationAndAmortization": 3800000,
        "ebitda": 36200000,
        "ebitdaratio": 0.1279151943,
        "operatingIncome": 32400000,
        "operatingIncomeRatio": 0.1144876325,
        "totalOtherIncomeExpensesNet": 1400000,
        "incomeBeforeTax": 33800000,
        "incomeBeforeTaxRatio": 0.119434629,
        "incomeTaxExpense": 13900000,
        "netIncome": 19900000,
        "netIncomeRatio": 0.0703180212,
        "eps": 0.11,
        "epsdiluted": 0.11,
        "weightedAverageShsOut": 180909091,
        "weightedAverageShsOutDil": 180909091,
        "link": "https://www.sec.gov/Archives/edgar/data/315213/000091205797016028/0000912057-97-016028-index.html",
        "finalLink": "https://www.sec.gov/Archives/edgar/data/315213/"
    },
    {
        "date": "1996-12-31",
        "symbol": "RHI",
        "reportedCurrency": "USD",
        "cik": "0000315213",
        "fillingDate": "1997-03-21",
        "acceptedDate": "1997-03-21 00:00:00",
        "calendarYear": "1996",
        "period": "Q4",
        "revenue": 258800000,
        "costOfRevenue": 155700000,
        "grossProfit": 103100000,
        "grossProfitRatio": 0.3983771252,
        "researchAndDevelopmentExpenses": 0,
        "generalAndAdministrativeExpenses": 0,
        "sellingAndMarketingExpenses": 0,
        "sellingGeneralAndAdministrativeExpenses": 70400000,
        "otherExpenses": 0,
        "operatingExpenses": 73900000,
        "costAndExpenses": 229600000,
        "interestIncome": 0,
        "interestExpense": 0,
        "depreciationAndAmortization": 3500000,
        "ebitda": 32100000,
        "ebitdaratio": 0.1240340031,
        "operatingIncome": 28600000,
        "operatingIncomeRatio": 0.1105100464,
        "totalOtherIncomeExpensesNet": 1200000,
        "incomeBeforeTax": 29800000,
        "incomeBeforeTaxRatio": 0.1151468315,
        "incomeTaxExpense": 12100000,
        "netIncome": 17700000,
        "netIncomeRatio": 0.0683925811,
        "eps": 0.1,
        "epsdiluted": 0.1,
        "weightedAverageShsOut": 177485714,
        "weightedAverageShsOutDil": 177485714,
        "link": "https://www.sec.gov/Archives/edgar/data/315213/000091205797009620/0000912057-97-009620-index.html",
        "finalLink": "https://www.sec.gov/Archives/edgar/data/315213/"
    },
    {
        "date": "1996-09-30",
        "symbol": "RHI",
        "reportedCurrency": "USD",
        "cik": "0000315213",
        "fillingDate": "1996-11-13",
        "acceptedDate": "1996-11-13 00:00:00",
        "calendarYear": "1996",
        "period": "Q3",
        "revenue": 233000000,
        "costOfRevenue": 139400000,
        "grossProfit": 93600000,
        "grossProfitRatio": 0.4017167382,
        "researchAndDevelopmentExpenses": 0,
        "generalAndAdministrativeExpenses": 0,
        "sellingAndMarketingExpenses": 0,
        "sellingGeneralAndAdministrativeExpenses": 64000000,
        "otherExpenses": 0,
        "operatingExpenses": 67200000,
        "costAndExpenses": 206600000,
        "interestIncome": 0,
        "interestExpense": 0,
        "depreciationAndAmortization": 3200000,
        "ebitda": 29000000,
        "ebitdaratio": 0.1244635193,
        "operatingIncome": 25800000,
        "operatingIncomeRatio": 0.1107296137,
        "totalOtherIncomeExpensesNet": 1200000,
        "incomeBeforeTax": 27000000,
        "incomeBeforeTaxRatio": 0.1158798283,
        "incomeTaxExpense": 11100000,
        "netIncome": 15900000,
        "netIncomeRatio": 0.0682403433,
        "eps": 0.09,
        "epsdiluted": 0.09,
        "weightedAverageShsOut": 176666667,
        "weightedAverageShsOutDil": 176666667,
        "link": "https://www.sec.gov/Archives/edgar/data/315213/000091205796026070/0000912057-96-026070-index.html",
        "finalLink": "https://www.sec.gov/Archives/edgar/data/315213/"
    },
    {
        "date": "1996-06-30",
        "symbol": "RHI",
        "reportedCurrency": "USD",
        "cik": "0000315213",
        "fillingDate": "1996-08-09",
        "acceptedDate": "1996-08-09 00:00:00",
        "calendarYear": "1996",
        "period": "Q2",
        "revenue": 210600000,
        "costOfRevenue": 125400000,
        "grossProfit": 85200000,
        "grossProfitRatio": 0.4045584046,
        "researchAndDevelopmentExpenses": 0,
        "generalAndAdministrativeExpenses": 0,
        "sellingAndMarketingExpenses": 0,
        "sellingGeneralAndAdministrativeExpenses": 58900000,
        "otherExpenses": 0,
        "operatingExpenses": 61600000,
        "costAndExpenses": 187000000,
        "interestIncome": 0,
        "interestExpense": 0,
        "depreciationAndAmortization": 2700000,
        "ebitda": 25700000,
        "ebitdaratio": 0.1220322887,
        "operatingIncome": 23000000,
        "operatingIncomeRatio": 0.1092117759,
        "totalOtherIncomeExpensesNet": 1200000,
        "incomeBeforeTax": 24200000,
        "incomeBeforeTaxRatio": 0.1149097816,
        "incomeTaxExpense": 10000000,
        "netIncome": 14200000,
        "netIncomeRatio": 0.0674264008,
        "eps": 0.08,
        "epsdiluted": 0.08,
        "weightedAverageShsOut": 177500000,
        "weightedAverageShsOutDil": 177500000,
        "link": "https://www.sec.gov/Archives/edgar/data/315213/000091205796016747/0000912057-96-016747-index.html",
        "finalLink": "https://www.sec.gov/Archives/edgar/data/315213/"
    },
    {
        "date": "1996-03-31",
        "symbol": "RHI",
        "reportedCurrency": "USD",
        "cik": "0000315213",
        "fillingDate": "1996-10-10",
        "acceptedDate": "1996-10-10 00:00:00",
        "calendarYear": "1996",
        "period": "Q1",
        "revenue": 196200000,
        "costOfRevenue": 118400000,
        "grossProfit": 77800000,
        "grossProfitRatio": 0.3965341488,
        "researchAndDevelopmentExpenses": 0,
        "generalAndAdministrativeExpenses": 0,
        "sellingAndMarketingExpenses": 0,
        "sellingGeneralAndAdministrativeExpenses": 53200000,
        "otherExpenses": 0,
        "operatingExpenses": 55700000,
        "costAndExpenses": 174100000,
        "interestIncome": 0,
        "interestExpense": 0,
        "depreciationAndAmortization": 2500000,
        "ebitda": 24200000,
        "ebitdaratio": 0.123343527,
        "operatingIncome": 21700000,
        "operatingIncomeRatio": 0.1106014271,
        "totalOtherIncomeExpensesNet": 700000,
        "incomeBeforeTax": 22400000,
        "incomeBeforeTaxRatio": 0.1141692151,
        "incomeTaxExpense": 9200000,
        "netIncome": 13200000,
        "netIncomeRatio": 0.0672782875,
        "eps": 0.08,
        "epsdiluted": 0.08,
        "weightedAverageShsOut": 165000000,
        "weightedAverageShsOutDil": 165000000,
        "link": "https://www.sec.gov/Archives/edgar/data/315213/000091205796022526/0000912057-96-022526-index.html",
        "finalLink": "https://www.sec.gov/Archives/edgar/data/315213/"
    },
    {
        "date": "1995-12-31",
        "symbol": "RHI",
        "reportedCurrency": "USD",
        "cik": "0000315213",
        "fillingDate": "1996-03-25",
        "acceptedDate": "1996-03-25 00:00:00",
        "calendarYear": "1995",
        "period": "Q4",
        "revenue": 175900000,
        "costOfRevenue": 106700000,
        "grossProfit": 69200000,
        "grossProfitRatio": 0.3934053439,
        "researchAndDevelopmentExpenses": 0,
        "generalAndAdministrativeExpenses": 0,
        "sellingAndMarketingExpenses": 0,
        "sellingGeneralAndAdministrativeExpenses": 47400000,
        "otherExpenses": 0,
        "operatingExpenses": 49800000,
        "costAndExpenses": 156500000,
        "interestIncome": 0,
        "interestExpense": 0,
        "depreciationAndAmortization": 2400000,
        "ebitda": 21800000,
        "ebitdaratio": 0.1239340534,
        "operatingIncome": 19400000,
        "operatingIncomeRatio": 0.1102899375,
        "totalOtherIncomeExpensesNet": 300000,
        "incomeBeforeTax": 19700000,
        "incomeBeforeTaxRatio": 0.111995452,
        "incomeTaxExpense": 8200000,
        "netIncome": 11500000,
        "netIncomeRatio": 0.0653780557,
        "eps": 0.0567,
        "epsdiluted": 0.0567,
        "weightedAverageShsOut": 202941176,
        "weightedAverageShsOutDil": 202941176,
        "link": "https://www.sec.gov/Archives/edgar/data/315213/000091205796005084/0000912057-96-005084-index.html",
        "finalLink": "https://www.sec.gov/Archives/edgar/data/315213/"
    },
    {
        "date": "1995-09-30",
        "symbol": "RHI",
        "reportedCurrency": "USD",
        "cik": "0000315213",
        "fillingDate": "1995-11-03",
        "acceptedDate": "1995-11-03 00:00:00",
        "calendarYear": "1995",
        "period": "Q3",
        "revenue": 159300000,
        "costOfRevenue": 96300000,
        "grossProfit": 63000000,
        "grossProfitRatio": 0.395480226,
        "researchAndDevelopmentExpenses": 0,
        "generalAndAdministrativeExpenses": 0,
        "sellingAndMarketingExpenses": 0,
        "sellingGeneralAndAdministrativeExpenses": 43400000,
        "otherExpenses": 0,
        "operatingExpenses": 45400000,
        "costAndExpenses": 141700000,
        "interestIncome": 0,
        "interestExpense": 0,
        "depreciationAndAmortization": 2200000,
        "ebitda": 19400000,
        "ebitdaratio": 0.1217827997,
        "operatingIncome": 17200000,
        "operatingIncomeRatio": 0.1079723792,
        "totalOtherIncomeExpensesNet": 700000,
        "incomeBeforeTax": 17900000,
        "incomeBeforeTaxRatio": 0.1123666039,
        "incomeTaxExpense": 7400000,
        "netIncome": 10500000,
        "netIncomeRatio": 0.065913371,
        "eps": 0.06,
        "epsdiluted": 0.06,
        "weightedAverageShsOut": 175000000,
        "weightedAverageShsOutDil": 175000000,
        "link": "https://www.sec.gov/Archives/edgar/data/315213/000091205795009300/0000912057-95-009300-index.html",
        "finalLink": "https://www.sec.gov/Archives/edgar/data/315213/"
    },
    {
        "date": "1995-06-30",
        "symbol": "RHI",
        "reportedCurrency": "USD",
        "cik": "0000315213",
        "fillingDate": "1995-08-04",
        "acceptedDate": "1995-08-04 00:00:00",
        "calendarYear": "1995",
        "period": "Q2",
        "revenue": 148600000,
        "costOfRevenue": 90100000,
        "grossProfit": 58500000,
        "grossProfitRatio": 0.3936742934,
        "researchAndDevelopmentExpenses": 0,
        "generalAndAdministrativeExpenses": 0,
        "sellingAndMarketingExpenses": 0,
        "sellingGeneralAndAdministrativeExpenses": 40600000,
        "otherExpenses": 0,
        "operatingExpenses": 42500000,
        "costAndExpenses": 132600000,
        "interestIncome": 0,
        "interestExpense": 0,
        "depreciationAndAmortization": 1900000,
        "ebitda": 17800000,
        "ebitdaratio": 0.1197846568,
        "operatingIncome": 15900000,
        "operatingIncomeRatio": 0.1069986541,
        "totalOtherIncomeExpensesNet": 200000,
        "incomeBeforeTax": 16100000,
        "incomeBeforeTaxRatio": 0.1083445491,
        "incomeTaxExpense": 6700000,
        "netIncome": 9400000,
        "netIncomeRatio": 0.0632570659,
        "eps": 0.06,
        "epsdiluted": 0.06,
        "weightedAverageShsOut": 156666667,
        "weightedAverageShsOutDil": 156666667,
        "link": "https://www.sec.gov/Archives/edgar/data/315213/000091205795005954/0000912057-95-005954-index.html",
        "finalLink": "https://www.sec.gov/Archives/edgar/data/315213/"
    },
    {
        "date": "1995-03-31",
        "symbol": "RHI",
        "reportedCurrency": "USD",
        "cik": "0000315213",
        "fillingDate": "1995-05-09",
        "acceptedDate": "1995-05-09 00:00:00",
        "calendarYear": "1995",
        "period": "Q1",
        "revenue": 144700000,
        "costOfRevenue": 87900000,
        "grossProfit": 56800000,
        "grossProfitRatio": 0.392536282,
        "researchAndDevelopmentExpenses": 0,
        "generalAndAdministrativeExpenses": 0,
        "sellingAndMarketingExpenses": 0,
        "sellingGeneralAndAdministrativeExpenses": 39300000,
        "otherExpenses": 0,
        "operatingExpenses": 41200000,
        "costAndExpenses": 129100000,
        "interestIncome": 0,
        "interestExpense": 0,
        "depreciationAndAmortization": 1900000,
        "ebitda": 17500000,
        "ebitdaratio": 0.1209398756,
        "operatingIncome": 15600000,
        "operatingIncomeRatio": 0.1078092605,
        "totalOtherIncomeExpensesNet": -100000,
        "incomeBeforeTax": 15500000,
        "incomeBeforeTaxRatio": 0.1071181755,
        "incomeTaxExpense": 6500000,
        "netIncome": 9000000,
        "netIncomeRatio": 0.0621976503,
        "eps": 0.06,
        "epsdiluted": 0.06,
        "weightedAverageShsOut": 150000000,
        "weightedAverageShsOutDil": 150000000,
        "link": "https://www.sec.gov/Archives/edgar/data/315213/000091205795003396/0000912057-95-003396-index.html",
        "finalLink": "https://www.sec.gov/Archives/edgar/data/315213/"
    },
    {
        "date": "1994-12-31",
        "symbol": "RHI",
        "reportedCurrency": "USD",
        "cik": "0000315213",
        "fillingDate": "1995-03-08",
        "acceptedDate": "1995-03-08 00:00:00",
        "calendarYear": "1994",
        "period": "Q4",
        "revenue": 125000000,
        "costOfRevenue": 76000000,
        "grossProfit": 49000000,
        "grossProfitRatio": 0.392,
        "researchAndDevelopmentExpenses": 0,
        "generalAndAdministrativeExpenses": 0,
        "sellingAndMarketingExpenses": 0,
        "sellingGeneralAndAdministrativeExpenses": 34100000,
        "otherExpenses": 0,
        "operatingExpenses": 35900000,
        "costAndExpenses": 111900000,
        "interestIncome": 0,
        "interestExpense": 0,
        "depreciationAndAmortization": 1800000,
        "ebitda": 14900000,
        "ebitdaratio": 0.1192,
        "operatingIncome": 13100000,
        "operatingIncomeRatio": 0.1048,
        "totalOtherIncomeExpensesNet": -200000,
        "incomeBeforeTax": 12900000,
        "incomeBeforeTaxRatio": 0.1032,
        "incomeTaxExpense": 5400000,
        "netIncome": 7500000,
        "netIncomeRatio": 0.06,
        "eps": 0.0433,
        "epsdiluted": 0.0433,
        "weightedAverageShsOut": 173596838,
        "weightedAverageShsOutDil": 173596838,
        "link": "https://www.sec.gov/Archives/edgar/data/315213/000091205795001238/0000912057-95-001238-index.html",
        "finalLink": "https://www.sec.gov/Archives/edgar/data/315213/"
    },
    {
        "date": "1994-09-30",
        "symbol": "RHI",
        "reportedCurrency": "USD",
        "cik": "0000315213",
        "fillingDate": "1995-01-04",
        "acceptedDate": "1995-01-04 00:00:00",
        "calendarYear": "1994",
        "period": "Q3",
        "revenue": 114900000,
        "costOfRevenue": 69700000,
        "grossProfit": 45200000,
        "grossProfitRatio": 0.3933855527,
        "researchAndDevelopmentExpenses": 0,
        "generalAndAdministrativeExpenses": 0,
        "sellingAndMarketingExpenses": 0,
        "sellingGeneralAndAdministrativeExpenses": 31500000,
        "otherExpenses": 0,
        "operatingExpenses": 33300000,
        "costAndExpenses": 103000000,
        "interestIncome": 0,
        "interestExpense": 0,
        "depreciationAndAmortization": 1800000,
        "ebitda": 13700000,
        "ebitdaratio": 0.1192341166,
        "operatingIncome": 11900000,
        "operatingIncomeRatio": 0.1035683203,
        "totalOtherIncomeExpensesNet": -300000,
        "incomeBeforeTax": 11600000,
        "incomeBeforeTaxRatio": 0.1009573542,
        "incomeTaxExpense": 4900000,
        "netIncome": 6700000,
        "netIncomeRatio": 0.0583115753,
        "eps": 0.04,
        "epsdiluted": 0.04,
        "weightedAverageShsOut": 167500000,
        "weightedAverageShsOutDil": 167500000,
        "link": "https://www.sec.gov/Archives/edgar/data/315213/000091205795000029/0000912057-95-000029-index.html",
        "finalLink": "https://www.sec.gov/Archives/edgar/data/315213/"
    },
    {
        "date": "1994-06-30",
        "symbol": "RHI",
        "reportedCurrency": "USD",
        "cik": "0000315213",
        "fillingDate": "1994-08-12",
        "acceptedDate": "1994-08-12 00:00:00",
        "calendarYear": "1994",
        "period": "Q2",
        "revenue": 106500000,
        "costOfRevenue": 64400000,
        "grossProfit": 42100000,
        "grossProfitRatio": 0.3953051643,
        "researchAndDevelopmentExpenses": 0,
        "generalAndAdministrativeExpenses": 0,
        "sellingAndMarketingExpenses": 0,
        "sellingGeneralAndAdministrativeExpenses": 28900000,
        "otherExpenses": 0,
        "operatingExpenses": 30800000,
        "costAndExpenses": 95200000,
        "interestIncome": 0,
        "interestExpense": 0,
        "depreciationAndAmortization": 1900000,
        "ebitda": 13200000,
        "ebitdaratio": 0.123943662,
        "operatingIncome": 11300000,
        "operatingIncomeRatio": 0.1061032864,
        "totalOtherIncomeExpensesNet": -400000,
        "incomeBeforeTax": 10900000,
        "incomeBeforeTaxRatio": 0.1023474178,
        "incomeTaxExpense": 4600000,
        "netIncome": 6300000,
        "netIncomeRatio": 0.0591549296,
        "eps": 0.04,
        "epsdiluted": 0.04,
        "weightedAverageShsOut": 157500000,
        "weightedAverageShsOutDil": 157500000,
        "link": "https://www.sec.gov/Archives/edgar/data/315213/000091205794002625/0000912057-94-002625-index.html",
        "finalLink": "https://www.sec.gov/Archives/edgar/data/315213/"
    },
    {
        "date": "1994-03-31",
        "symbol": "RHI",
        "reportedCurrency": "USD",
        "cik": "0000315213",
        "fillingDate": "1994-05-09",
        "acceptedDate": "1994-05-09 00:00:00",
        "calendarYear": "1994",
        "period": "Q1",
        "revenue": 99900000,
        "costOfRevenue": 60700000,
        "grossProfit": 39200000,
        "grossProfitRatio": 0.3923923924,
        "researchAndDevelopmentExpenses": 0,
        "generalAndAdministrativeExpenses": 0,
        "sellingAndMarketingExpenses": 0,
        "sellingGeneralAndAdministrativeExpenses": 27200000,
        "otherExpenses": 0,
        "operatingExpenses": 28900000,
        "costAndExpenses": 89600000,
        "interestIncome": 0,
        "interestExpense": 0,
        "depreciationAndAmortization": 1700000,
        "ebitda": 12000000,
        "ebitdaratio": 0.1201201201,
        "operatingIncome": 10300000,
        "operatingIncomeRatio": 0.1031031031,
        "totalOtherIncomeExpensesNet": -500000,
        "incomeBeforeTax": 9800000,
        "incomeBeforeTaxRatio": 0.0980980981,
        "incomeTaxExpense": 4200000,
        "netIncome": 5600000,
        "netIncomeRatio": 0.0560560561,
        "eps": 0.04,
        "epsdiluted": 0.04,
        "weightedAverageShsOut": 140000000,
        "weightedAverageShsOutDil": 140000000,
        "link": "https://www.sec.gov/Archives/edgar/data/315213/000091205794001612/0000912057-94-001612-index.html",
        "finalLink": "https://www.sec.gov/Archives/edgar/data/315213/"
    },
    {
        "date": "1993-12-31",
        "symbol": "RHI",
        "reportedCurrency": "USD",
        "cik": "0000315213",
        "fillingDate": "1994-03-22",
        "acceptedDate": "1994-03-22 00:00:00",
        "calendarYear": "1993",
        "period": "Q4",
        "revenue": 87100000,
        "costOfRevenue": 53700000,
        "grossProfit": 33400000,
        "grossProfitRatio": 0.383467279,
        "researchAndDevelopmentExpenses": 0,
        "generalAndAdministrativeExpenses": 0,
        "sellingAndMarketingExpenses": 0,
        "sellingGeneralAndAdministrativeExpenses": 24500000,
        "otherExpenses": 0,
        "operatingExpenses": 26300000,
        "costAndExpenses": 80000000,
        "interestIncome": 0,
        "interestExpense": 0,
        "depreciationAndAmortization": 1800000,
        "ebitda": 8900000,
        "ebitdaratio": 0.1021814007,
        "operatingIncome": 7100000,
        "operatingIncomeRatio": 0.0815154994,
        "totalOtherIncomeExpensesNet": -1300000,
        "incomeBeforeTax": 5800000,
        "incomeBeforeTaxRatio": 0.0665901263,
        "incomeTaxExpense": 2500000,
        "netIncome": 3300000,
        "netIncomeRatio": 0.0378874856,
        "eps": 0.02,
        "epsdiluted": 0.02,
        "weightedAverageShsOut": 165000000,
        "weightedAverageShsOutDil": 165000000,
        "link": "https://www.sec.gov/Archives/edgar/data/315213/000091205794001011/0000912057-94-001011-index.html",
        "finalLink": "https://www.sec.gov/Archives/edgar/data/315213/"
    },
    {
        "date": "1993-09-30",
        "symbol": "RHI",
        "reportedCurrency": "USD",
        "cik": "0000315213",
        "fillingDate": "1993-09-30",
        "acceptedDate": "1993-09-30 00:00:00",
        "calendarYear": "1993",
        "period": "Q3",
        "revenue": 77100000,
        "costOfRevenue": 47000000,
        "grossProfit": 30100000,
        "grossProfitRatio": 0.3904020752,
        "researchAndDevelopmentExpenses": 0,
        "generalAndAdministrativeExpenses": 0,
        "sellingAndMarketingExpenses": 0,
        "sellingGeneralAndAdministrativeExpenses": 21600000,
        "otherExpenses": 0,
        "operatingExpenses": 23300000,
        "costAndExpenses": 70300000,
        "interestIncome": 0,
        "interestExpense": 0,
        "depreciationAndAmortization": 1600000,
        "ebitda": 8500000,
        "ebitdaratio": 0.1102464332,
        "operatingIncome": 6900000,
        "operatingIncomeRatio": 0.0894941634,
        "totalOtherIncomeExpensesNet": -900000,
        "incomeBeforeTax": 5900000,
        "incomeBeforeTaxRatio": 0.0765239948,
        "incomeTaxExpense": 2800000,
        "netIncome": 3100000,
        "netIncomeRatio": 0.0402075227,
        "eps": 0.02,
        "epsdiluted": 0.02,
        "weightedAverageShsOut": 155000000,
        "weightedAverageShsOutDil": 155000000,
        "link": null,
        "finalLink": null
    },
    {
        "date": "1993-06-30",
        "symbol": "RHI",
        "reportedCurrency": "USD",
        "cik": "0000315213",
        "fillingDate": "1993-06-30",
        "acceptedDate": "1993-06-30 00:00:00",
        "calendarYear": "1993",
        "period": "Q2",
        "revenue": 72400000,
        "costOfRevenue": 43400000,
        "grossProfit": 29000000,
        "grossProfitRatio": 0.4005524862,
        "researchAndDevelopmentExpenses": 0,
        "generalAndAdministrativeExpenses": 0,
        "sellingAndMarketingExpenses": 0,
        "sellingGeneralAndAdministrativeExpenses": 21100000,
        "otherExpenses": 0,
        "operatingExpenses": 22700000,
        "costAndExpenses": 66100000,
        "interestIncome": 0,
        "interestExpense": 0,
        "depreciationAndAmortization": 1700000,
        "ebitda": 8000000,
        "ebitdaratio": 0.1104972376,
        "operatingIncome": 6300000,
        "operatingIncomeRatio": 0.0870165746,
        "totalOtherIncomeExpensesNet": -900000,
        "incomeBeforeTax": 5400000,
        "incomeBeforeTaxRatio": 0.0745856354,
        "incomeTaxExpense": 2500000,
        "netIncome": 2900000,
        "netIncomeRatio": 0.0400552486,
        "eps": 0.02,
        "epsdiluted": 0.02,
        "weightedAverageShsOut": 145000000,
        "weightedAverageShsOutDil": 145000000,
        "link": null,
        "finalLink": null
    },
    {
        "date": "1993-03-31",
        "symbol": "RHI",
        "reportedCurrency": "USD",
        "cik": "0000315213",
        "fillingDate": "1993-03-31",
        "acceptedDate": "1993-03-31 00:00:00",
        "calendarYear": "1993",
        "period": "Q1",
        "revenue": 69600000,
        "costOfRevenue": 41600000,
        "grossProfit": 28000000,
        "grossProfitRatio": 0.4022988506,
        "researchAndDevelopmentExpenses": 0,
        "generalAndAdministrativeExpenses": 0,
        "sellingAndMarketingExpenses": 0,
        "sellingGeneralAndAdministrativeExpenses": 20900000,
        "otherExpenses": 0,
        "operatingExpenses": 22500000,
        "costAndExpenses": 64100000,
        "interestIncome": 0,
        "interestExpense": 0,
        "depreciationAndAmortization": 1600000,
        "ebitda": 7100000,
        "ebitdaratio": 0.1020114943,
        "operatingIncome": 5500000,
        "operatingIncomeRatio": 0.0790229885,
        "totalOtherIncomeExpensesNet": -1100000,
        "incomeBeforeTax": 4400000,
        "incomeBeforeTaxRatio": 0.0632183908,
        "incomeTaxExpense": 2000000,
        "netIncome": 2400000,
        "netIncomeRatio": 0.0344827586,
        "eps": 0.02,
        "epsdiluted": 0.02,
        "weightedAverageShsOut": 120000000,
        "weightedAverageShsOutDil": 120000000,
        "link": null,
        "finalLink": null
    },
    {
        "date": "1992-12-31",
        "symbol": "RHI",
        "reportedCurrency": "USD",
        "cik": "0000315213",
        "fillingDate": "1992-12-31",
        "acceptedDate": "1992-12-31 00:00:00",
        "calendarYear": "1992",
        "period": "Q4",
        "revenue": 59000000,
        "costOfRevenue": 35600000,
        "grossProfit": 23400000,
        "grossProfitRatio": 0.3966101695,
        "researchAndDevelopmentExpenses": 0,
        "generalAndAdministrativeExpenses": 0,
        "sellingAndMarketingExpenses": 0,
        "sellingGeneralAndAdministrativeExpenses": 19000000,
        "otherExpenses": 0,
        "operatingExpenses": 20600000,
        "costAndExpenses": 56200000,
        "interestIncome": 0,
        "interestExpense": 0,
        "depreciationAndAmortization": 1600000,
        "ebitda": 4400000,
        "ebitdaratio": 0.0745762712,
        "operatingIncome": 2800000,
        "operatingIncomeRatio": 0.0474576271,
        "totalOtherIncomeExpensesNet": -1000000,
        "incomeBeforeTax": 1800000,
        "incomeBeforeTaxRatio": 0.0305084746,
        "incomeTaxExpense": 500000,
        "netIncome": 1300000,
        "netIncomeRatio": 0.0220338983,
        "eps": 0.01,
        "epsdiluted": 0.01,
        "weightedAverageShsOut": 130000000,
        "weightedAverageShsOutDil": 130000000,
        "link": null,
        "finalLink": null
    },
    {
        "date": "1992-09-30",
        "symbol": "RHI",
        "reportedCurrency": "USD",
        "cik": "0000315213",
        "fillingDate": "1992-09-30",
        "acceptedDate": "1992-09-30 00:00:00",
        "calendarYear": "1992",
        "period": "Q3",
        "revenue": 55100000,
        "costOfRevenue": 32700000,
        "grossProfit": 22400000,
        "grossProfitRatio": 0.4065335753,
        "researchAndDevelopmentExpenses": 0,
        "generalAndAdministrativeExpenses": 0,
        "sellingAndMarketingExpenses": 0,
        "sellingGeneralAndAdministrativeExpenses": 17600000,
        "otherExpenses": 0,
        "operatingExpenses": 19200000,
        "costAndExpenses": 51900000,
        "interestIncome": 0,
        "interestExpense": 0,
        "depreciationAndAmortization": 1600000,
        "ebitda": 4800000,
        "ebitdaratio": 0.0871143376,
        "operatingIncome": 3200000,
        "operatingIncomeRatio": 0.058076225,
        "totalOtherIncomeExpensesNet": -1000000,
        "incomeBeforeTax": 2200000,
        "incomeBeforeTaxRatio": 0.0399274047,
        "incomeTaxExpense": 1100000,
        "netIncome": 1100000,
        "netIncomeRatio": 0.0199637024,
        "eps": 0.01,
        "epsdiluted": 0.01,
        "weightedAverageShsOut": 110000000,
        "weightedAverageShsOutDil": 110000000,
        "link": null,
        "finalLink": null
    },
    {
        "date": "1992-06-30",
        "symbol": "RHI",
        "reportedCurrency": "USD",
        "cik": "0000315213",
        "fillingDate": "1992-06-30",
        "acceptedDate": "1992-06-30 00:00:00",
        "calendarYear": "1992",
        "period": "Q2",
        "revenue": 53400000,
        "costOfRevenue": 30900000,
        "grossProfit": 22500000,
        "grossProfitRatio": 0.4213483146,
        "researchAndDevelopmentExpenses": 0,
        "generalAndAdministrativeExpenses": 0,
        "sellingAndMarketingExpenses": 0,
        "sellingGeneralAndAdministrativeExpenses": 17600000,
        "otherExpenses": 0,
        "operatingExpenses": 19200000,
        "costAndExpenses": 50100000,
        "interestIncome": 0,
        "interestExpense": 0,
        "depreciationAndAmortization": 1600000,
        "ebitda": 4900000,
        "ebitdaratio": 0.0917602996,
        "operatingIncome": 3300000,
        "operatingIncomeRatio": 0.0617977528,
        "totalOtherIncomeExpensesNet": -1200000,
        "incomeBeforeTax": 2100000,
        "incomeBeforeTaxRatio": 0.0393258427,
        "incomeTaxExpense": 1000000,
        "netIncome": 1100000,
        "netIncomeRatio": 0.0205992509,
        "eps": 0.01,
        "epsdiluted": 0.01,
        "weightedAverageShsOut": 110000000,
        "weightedAverageShsOutDil": 110000000,
        "link": null,
        "finalLink": null
    },
    {
        "date": "1992-03-31",
        "symbol": "RHI",
        "reportedCurrency": "USD",
        "cik": "0000315213",
        "fillingDate": "1992-03-31",
        "acceptedDate": "1992-03-31 00:00:00",
        "calendarYear": "1992",
        "period": "Q1",
        "revenue": 52700000,
        "costOfRevenue": 30200000,
        "grossProfit": 22500000,
        "grossProfitRatio": 0.4269449715,
        "researchAndDevelopmentExpenses": 0,
        "generalAndAdministrativeExpenses": 0,
        "sellingAndMarketingExpenses": 0,
        "sellingGeneralAndAdministrativeExpenses": 17900000,
        "otherExpenses": 0,
        "operatingExpenses": 19500000,
        "costAndExpenses": 49700000,
        "interestIncome": 0,
        "interestExpense": 0,
        "depreciationAndAmortization": 1600000,
        "ebitda": 4600000,
        "ebitdaratio": 0.0872865275,
        "operatingIncome": 3000000,
        "operatingIncomeRatio": 0.0569259962,
        "totalOtherIncomeExpensesNet": -1300000,
        "incomeBeforeTax": 1700000,
        "incomeBeforeTaxRatio": 0.0322580645,
        "incomeTaxExpense": 900000,
        "netIncome": 800000,
        "netIncomeRatio": 0.0151802657,
        "eps": 0.01,
        "epsdiluted": 0.01,
        "weightedAverageShsOut": 140246000,
        "weightedAverageShsOutDil": 140246000,
        "link": null,
        "finalLink": null
    },
    {
        "date": "1991-12-31",
        "symbol": "RHI",
        "reportedCurrency": "USD",
        "cik": "0000315213",
        "fillingDate": "1991-12-31",
        "acceptedDate": "1991-12-31 00:00:00",
        "calendarYear": "1991",
        "period": "Q4",
        "revenue": 50900000,
        "costOfRevenue": 28700000,
        "grossProfit": 22200000,
        "grossProfitRatio": 0.4361493124,
        "researchAndDevelopmentExpenses": 0,
        "generalAndAdministrativeExpenses": 0,
        "sellingAndMarketingExpenses": 0,
        "sellingGeneralAndAdministrativeExpenses": 17200000,
        "otherExpenses": 0,
        "operatingExpenses": 18800000,
        "costAndExpenses": 47500000,
        "interestIncome": 0,
        "interestExpense": 0,
        "depreciationAndAmortization": 1600000,
        "ebitda": 5000000,
        "ebitdaratio": 0.0982318271,
        "operatingIncome": 3400000,
        "operatingIncomeRatio": 0.0667976424,
        "totalOtherIncomeExpensesNet": -1500000,
        "incomeBeforeTax": 1900000,
        "incomeBeforeTaxRatio": 0.0373280943,
        "incomeTaxExpense": 900000,
        "netIncome": 1000000,
        "netIncomeRatio": 0.0196463654,
        "eps": 0.0072,
        "epsdiluted": 0.0072,
        "weightedAverageShsOut": 138416000,
        "weightedAverageShsOutDil": 138416000,
        "link": null,
        "finalLink": null
    },
    {
        "date": "1991-09-30",
        "symbol": "RHI",
        "reportedCurrency": "USD",
        "cik": "0000315213",
        "fillingDate": "1991-09-30",
        "acceptedDate": "1991-09-30 00:00:00",
        "calendarYear": "1991",
        "period": "Q3",
        "revenue": 50900000,
        "costOfRevenue": 28400000,
        "grossProfit": 22500000,
        "grossProfitRatio": 0.442043222,
        "researchAndDevelopmentExpenses": 0,
        "generalAndAdministrativeExpenses": 0,
        "sellingAndMarketingExpenses": 0,
        "sellingGeneralAndAdministrativeExpenses": 17400000,
        "otherExpenses": 0,
        "operatingExpenses": 19000000,
        "costAndExpenses": 47400000,
        "interestIncome": 0,
        "interestExpense": 0,
        "depreciationAndAmortization": 1600000,
        "ebitda": 5100000,
        "ebitdaratio": 0.1001964637,
        "operatingIncome": 3500000,
        "operatingIncomeRatio": 0.068762279,
        "totalOtherIncomeExpensesNet": -1600000,
        "incomeBeforeTax": 1900000,
        "incomeBeforeTaxRatio": 0.0373280943,
        "incomeTaxExpense": 1000000,
        "netIncome": 900000,
        "netIncomeRatio": 0.0176817289,
        "eps": 0.01,
        "epsdiluted": 0.01,
        "weightedAverageShsOut": 110000000,
        "weightedAverageShsOutDil": 110000000,
        "link": null,
        "finalLink": null
    },
    {
        "date": "1991-06-30",
        "symbol": "RHI",
        "reportedCurrency": "USD",
        "cik": "0000315213",
        "fillingDate": "1991-06-30",
        "acceptedDate": "1991-06-30 00:00:00",
        "calendarYear": "1991",
        "period": "Q2",
        "revenue": 51400000,
        "costOfRevenue": 27700000,
        "grossProfit": 23700000,
        "grossProfitRatio": 0.4610894942,
        "researchAndDevelopmentExpenses": 0,
        "generalAndAdministrativeExpenses": 0,
        "sellingAndMarketingExpenses": 0,
        "sellingGeneralAndAdministrativeExpenses": 18600000,
        "otherExpenses": 0,
        "operatingExpenses": 20200000,
        "costAndExpenses": 47900000,
        "interestIncome": 0,
        "interestExpense": 0,
        "depreciationAndAmortization": 1600000,
        "ebitda": 5100000,
        "ebitdaratio": 0.0992217899,
        "operatingIncome": 3500000,
        "operatingIncomeRatio": 0.0680933852,
        "totalOtherIncomeExpensesNet": -1700000,
        "incomeBeforeTax": 1800000,
        "incomeBeforeTaxRatio": 0.0350194553,
        "incomeTaxExpense": 900000,
        "netIncome": 900000,
        "netIncomeRatio": 0.0175097276,
        "eps": 0.01,
        "epsdiluted": 0.01,
        "weightedAverageShsOut": 130000000,
        "weightedAverageShsOutDil": 130000000,
        "link": null,
        "finalLink": null
    },
    {
        "date": "1991-03-31",
        "symbol": "RHI",
        "reportedCurrency": "USD",
        "cik": "0000315213",
        "fillingDate": "1991-03-31",
        "acceptedDate": "1991-03-31 00:00:00",
        "calendarYear": "1991",
        "period": "Q1",
        "revenue": 56300000,
        "costOfRevenue": 30100000,
        "grossProfit": 26200000,
        "grossProfitRatio": 0.4653641208,
        "researchAndDevelopmentExpenses": 0,
        "generalAndAdministrativeExpenses": 0,
        "sellingAndMarketingExpenses": 0,
        "sellingGeneralAndAdministrativeExpenses": 20400000,
        "otherExpenses": 0,
        "operatingExpenses": 22000000,
        "costAndExpenses": 52100000,
        "interestIncome": 0,
        "interestExpense": 0,
        "depreciationAndAmortization": 1600000,
        "ebitda": 5800000,
        "ebitdaratio": 0.1030195382,
        "operatingIncome": 4200000,
        "operatingIncomeRatio": 0.0746003552,
        "totalOtherIncomeExpensesNet": -1800000,
        "incomeBeforeTax": 2400000,
        "incomeBeforeTaxRatio": 0.0426287744,
        "incomeTaxExpense": 1100000,
        "netIncome": 1300000,
        "netIncomeRatio": 0.0230905861,
        "eps": 0.01,
        "epsdiluted": 0.01,
        "weightedAverageShsOut": 130000000,
        "weightedAverageShsOutDil": 130000000,
        "link": null,
        "finalLink": null
    },
    {
        "date": "1990-12-31",
        "symbol": "RHI",
        "reportedCurrency": "USD",
        "cik": "0000315213",
        "fillingDate": "1990-12-31",
        "acceptedDate": "1990-12-31 00:00:00",
        "calendarYear": "1990",
        "period": "Q4",
        "revenue": 59100000,
        "costOfRevenue": 31500000,
        "grossProfit": 27600000,
        "grossProfitRatio": 0.4670050761,
        "researchAndDevelopmentExpenses": 0,
        "generalAndAdministrativeExpenses": 0,
        "sellingAndMarketingExpenses": 0,
        "sellingGeneralAndAdministrativeExpenses": 22900000,
        "otherExpenses": 0,
        "operatingExpenses": 24500000,
        "costAndExpenses": 56000000,
        "interestIncome": 0,
        "interestExpense": 0,
        "depreciationAndAmortization": 1600000,
        "ebitda": 4700000,
        "ebitdaratio": 0.0795262267,
        "operatingIncome": 3100000,
        "operatingIncomeRatio": 0.0524534687,
        "totalOtherIncomeExpensesNet": -2400000,
        "incomeBeforeTax": 700000,
        "incomeBeforeTaxRatio": 0.0118443316,
        "incomeTaxExpense": 200000,
        "netIncome": 500000,
        "netIncomeRatio": 0.0084602369,
        "eps": 0.0034,
        "epsdiluted": 0.0034,
        "weightedAverageShsOut": 148571429,
        "weightedAverageShsOutDil": 148571429,
        "link": null,
        "finalLink": null
    },
    {
        "date": "1990-09-30",
        "symbol": "RHI",
        "reportedCurrency": "USD",
        "cik": "0000315213",
        "fillingDate": "1990-09-30",
        "acceptedDate": "1990-09-30 00:00:00",
        "calendarYear": "1990",
        "period": "Q3",
        "revenue": 60100000,
        "costOfRevenue": 30800000,
        "grossProfit": 29300000,
        "grossProfitRatio": 0.4875207987,
        "researchAndDevelopmentExpenses": 0,
        "generalAndAdministrativeExpenses": 0,
        "sellingAndMarketingExpenses": 0,
        "sellingGeneralAndAdministrativeExpenses": 22300000,
        "otherExpenses": 0,
        "operatingExpenses": 23700000,
        "costAndExpenses": 54500000,
        "interestIncome": 0,
        "interestExpense": 0,
        "depreciationAndAmortization": 1400000,
        "ebitda": 7000000,
        "ebitdaratio": 0.1164725458,
        "operatingIncome": 5600000,
        "operatingIncomeRatio": 0.0931780366,
        "totalOtherIncomeExpensesNet": -2100000,
        "incomeBeforeTax": 3500000,
        "incomeBeforeTaxRatio": 0.0582362729,
        "incomeTaxExpense": 1300000,
        "netIncome": 2200000,
        "netIncomeRatio": 0.0366056572,
        "eps": 0.02,
        "epsdiluted": 0.02,
        "weightedAverageShsOut": 110000000,
        "weightedAverageShsOutDil": 110000000,
        "link": null,
        "finalLink": null
    },
    {
        "date": "1990-06-30",
        "symbol": "RHI",
        "reportedCurrency": "USD",
        "cik": "0000315213",
        "fillingDate": "1990-06-30",
        "acceptedDate": "1990-06-30 00:00:00",
        "calendarYear": "1990",
        "period": "Q2",
        "revenue": 62800000,
        "costOfRevenue": 31800000,
        "grossProfit": 31000000,
        "grossProfitRatio": 0.4936305732,
        "researchAndDevelopmentExpenses": 0,
        "generalAndAdministrativeExpenses": 0,
        "sellingAndMarketingExpenses": 0,
        "sellingGeneralAndAdministrativeExpenses": 22700000,
        "otherExpenses": 0,
        "operatingExpenses": 24300000,
        "costAndExpenses": 56100000,
        "interestIncome": 0,
        "interestExpense": 0,
        "depreciationAndAmortization": 1600000,
        "ebitda": 8300000,
        "ebitdaratio": 0.1321656051,
        "operatingIncome": 6700000,
        "operatingIncomeRatio": 0.1066878981,
        "totalOtherIncomeExpensesNet": -2100000,
        "incomeBeforeTax": 4600000,
        "incomeBeforeTaxRatio": 0.0732484076,
        "incomeTaxExpense": 1900000,
        "netIncome": 2700000,
        "netIncomeRatio": 0.0429936306,
        "eps": 0.02,
        "epsdiluted": 0.02,
        "weightedAverageShsOut": 135000000,
        "weightedAverageShsOutDil": 135000000,
        "link": null,
        "finalLink": null
    },
    {
        "date": "1990-03-31",
        "symbol": "RHI",
        "reportedCurrency": "USD",
        "cik": "0000315213",
        "fillingDate": "1990-03-31",
        "acceptedDate": "1990-03-31 00:00:00",
        "calendarYear": "1990",
        "period": "Q1",
        "revenue": 66600000,
        "costOfRevenue": 34200000,
        "grossProfit": 32400000,
        "grossProfitRatio": 0.4864864865,
        "researchAndDevelopmentExpenses": 0,
        "generalAndAdministrativeExpenses": 0,
        "sellingAndMarketingExpenses": 0,
        "sellingGeneralAndAdministrativeExpenses": 22800000,
        "otherExpenses": 0,
        "operatingExpenses": 24200000,
        "costAndExpenses": 58400000,
        "interestIncome": 0,
        "interestExpense": 0,
        "depreciationAndAmortization": 1400000,
        "ebitda": 9600000,
        "ebitdaratio": 0.1441441441,
        "operatingIncome": 8200000,
        "operatingIncomeRatio": 0.1231231231,
        "totalOtherIncomeExpensesNet": -2200000,
        "incomeBeforeTax": 6000000,
        "incomeBeforeTaxRatio": 0.0900900901,
        "incomeTaxExpense": 2600000,
        "netIncome": 3400000,
        "netIncomeRatio": 0.0510510511,
        "eps": 0.03,
        "epsdiluted": 0.03,
        "weightedAverageShsOut": 113333333,
        "weightedAverageShsOutDil": 113333333,
        "link": null,
        "finalLink": null
    },
    {
        "date": "1989-12-31",
        "symbol": "RHI",
        "reportedCurrency": "USD",
        "cik": "0000315213",
        "fillingDate": "1989-12-31",
        "acceptedDate": "1989-12-31 00:00:00",
        "calendarYear": "1989",
        "period": "Q4",
        "revenue": 60200000,
        "costOfRevenue": 30600000,
        "grossProfit": 29600000,
        "grossProfitRatio": 0.4916943522,
        "researchAndDevelopmentExpenses": 0,
        "generalAndAdministrativeExpenses": 0,
        "sellingAndMarketingExpenses": 0,
        "sellingGeneralAndAdministrativeExpenses": 20400000,
        "otherExpenses": 0,
        "operatingExpenses": 21900000,
        "costAndExpenses": 52500000,
        "interestIncome": 0,
        "interestExpense": 0,
        "depreciationAndAmortization": 1500000,
        "ebitda": 9200000,
        "ebitdaratio": 0.1528239203,
        "operatingIncome": 7700000,
        "operatingIncomeRatio": 0.1279069767,
        "totalOtherIncomeExpensesNet": -1800000,
        "incomeBeforeTax": 5900000,
        "incomeBeforeTaxRatio": 0.0980066445,
        "incomeTaxExpense": 2500000,
        "netIncome": 3400000,
        "netIncomeRatio": 0.0564784053,
        "eps": 0.02,
        "epsdiluted": 0.02,
        "weightedAverageShsOut": 161250000,
        "weightedAverageShsOutDil": 161250000,
        "link": null,
        "finalLink": null
    },
    {
        "date": "1989-09-30",
        "symbol": "RHI",
        "reportedCurrency": "USD",
        "cik": "0000315213",
        "fillingDate": "1989-09-30",
        "acceptedDate": "1989-09-29 20:00:00",
        "calendarYear": "1989",
        "period": "Q3",
        "revenue": 58600000,
        "costOfRevenue": 29400000,
        "grossProfit": 29200000,
        "grossProfitRatio": 0.4982935154,
        "researchAndDevelopmentExpenses": 0,
        "generalAndAdministrativeExpenses": 0,
        "sellingAndMarketingExpenses": 0,
        "sellingGeneralAndAdministrativeExpenses": 20300000,
        "otherExpenses": 0,
        "operatingExpenses": 21700000,
        "costAndExpenses": 51100000,
        "interestIncome": 0,
        "interestExpense": 0,
        "depreciationAndAmortization": 1400000,
        "ebitda": 8900000,
        "ebitdaratio": 0.1518771331,
        "operatingIncome": 7500000,
        "operatingIncomeRatio": 0.1279863481,
        "totalOtherIncomeExpensesNet": -2000000,
        "incomeBeforeTax": 5500000,
        "incomeBeforeTaxRatio": 0.0938566553,
        "incomeTaxExpense": 2400000,
        "netIncome": 3100000,
        "netIncomeRatio": 0.0529010239,
        "eps": 0.03,
        "epsdiluted": 0.03,
        "weightedAverageShsOut": 103333333,
        "weightedAverageShsOutDil": 103333333,
        "link": "",
        "finalLink": ""
    },
    {
        "date": "1989-06-30",
        "symbol": "RHI",
        "reportedCurrency": "USD",
        "cik": "0000315213",
        "fillingDate": "1989-06-30",
        "acceptedDate": "1989-06-29 20:00:00",
        "calendarYear": "1989",
        "period": "Q2",
        "revenue": 57600000,
        "costOfRevenue": 0,
        "grossProfit": 57600000,
        "grossProfitRatio": 1,
        "researchAndDevelopmentExpenses": 0,
        "generalAndAdministrativeExpenses": 0,
        "sellingAndMarketingExpenses": 0,
        "sellingGeneralAndAdministrativeExpenses": 0,
        "otherExpenses": 0,
        "operatingExpenses": 0,
        "costAndExpenses": 0,
        "interestIncome": 0,
        "interestExpense": 0,
        "depreciationAndAmortization": 0,
        "ebitda": 57600000,
        "ebitdaratio": 1,
        "operatingIncome": 57600000,
        "operatingIncomeRatio": 1,
        "totalOtherIncomeExpensesNet": -57600000,
        "incomeBeforeTax": 0,
        "incomeBeforeTaxRatio": 0,
        "incomeTaxExpense": 0,
        "netIncome": 3200000,
        "netIncomeRatio": 0.0555555556,
        "eps": 0.03,
        "epsdiluted": 0.03,
        "weightedAverageShsOut": 137044000,
        "weightedAverageShsOutDil": 137044000,
        "link": "",
        "finalLink": ""
    },
    {
        "date": "1989-03-31",
        "symbol": "RHI",
        "reportedCurrency": "USD",
        "cik": "0000315213",
        "fillingDate": "1989-03-31",
        "acceptedDate": "1989-03-30 19:00:00",
        "calendarYear": "1989",
        "period": "Q1",
        "revenue": 58100000,
        "costOfRevenue": 0,
        "grossProfit": 58100000,
        "grossProfitRatio": 1,
        "researchAndDevelopmentExpenses": 0,
        "generalAndAdministrativeExpenses": 0,
        "sellingAndMarketingExpenses": 0,
        "sellingGeneralAndAdministrativeExpenses": 0,
        "otherExpenses": 0,
        "operatingExpenses": 0,
        "costAndExpenses": 0,
        "interestIncome": 0,
        "interestExpense": 0,
        "depreciationAndAmortization": 0,
        "ebitda": 58100000,
        "ebitdaratio": 1,
        "operatingIncome": 58100000,
        "operatingIncomeRatio": 1,
        "totalOtherIncomeExpensesNet": -58100000,
        "incomeBeforeTax": 0,
        "incomeBeforeTaxRatio": 0,
        "incomeTaxExpense": 0,
        "netIncome": 3800000,
        "netIncomeRatio": 0.065404475,
        "eps": 0.03,
        "epsdiluted": 0.03,
        "weightedAverageShsOut": 135904000,
        "weightedAverageShsOutDil": 135904000,
        "link": "",
        "finalLink": ""
    },
    {
        "date": "1988-12-31",
        "symbol": "RHI",
        "reportedCurrency": "USD",
        "cik": "0000315213",
        "fillingDate": "1988-12-31",
        "acceptedDate": "1988-12-30 19:00:00",
        "calendarYear": "1988",
        "period": "Q4",
        "revenue": 47400000,
        "costOfRevenue": 0,
        "grossProfit": 47400000,
        "grossProfitRatio": 1,
        "researchAndDevelopmentExpenses": 0,
        "generalAndAdministrativeExpenses": 0,
        "sellingAndMarketingExpenses": 0,
        "sellingGeneralAndAdministrativeExpenses": 0,
        "otherExpenses": -154700000,
        "operatingExpenses": -154700000,
        "costAndExpenses": -154700000,
        "interestIncome": 0,
        "interestExpense": 0,
        "depreciationAndAmortization": 0,
        "ebitda": -107300000,
        "ebitdaratio": -2.2637130802,
        "operatingIncome": -107300000,
        "operatingIncomeRatio": -2.2637130802,
        "totalOtherIncomeExpensesNet": 107300000,
        "incomeBeforeTax": 0,
        "incomeBeforeTaxRatio": 0,
        "incomeTaxExpense": 0,
        "netIncome": 3100000,
        "netIncomeRatio": 0.0654008439,
        "eps": 0.02,
        "epsdiluted": 0.02,
        "weightedAverageShsOut": 137044000,
        "weightedAverageShsOutDil": 137044000,
        "link": "",
        "finalLink": ""
    },
    {
        "date": "1988-09-30",
        "symbol": "RHI",
        "reportedCurrency": "USD",
        "cik": "0000315213",
        "fillingDate": "1988-09-30",
        "acceptedDate": "1988-09-29 20:00:00",
        "calendarYear": "1988",
        "period": "Q3",
        "revenue": 45600000,
        "costOfRevenue": 0,
        "grossProfit": 45600000,
        "grossProfitRatio": 1,
        "researchAndDevelopmentExpenses": 0,
        "generalAndAdministrativeExpenses": 0,
        "sellingAndMarketingExpenses": 0,
        "sellingGeneralAndAdministrativeExpenses": 0,
        "otherExpenses": 0,
        "operatingExpenses": 0,
        "costAndExpenses": 0,
        "interestIncome": 0,
        "interestExpense": 0,
        "depreciationAndAmortization": 0,
        "ebitda": 45600000,
        "ebitdaratio": 1,
        "operatingIncome": 45600000,
        "operatingIncomeRatio": 1,
        "totalOtherIncomeExpensesNet": -45600000,
        "incomeBeforeTax": 0,
        "incomeBeforeTaxRatio": 0,
        "incomeTaxExpense": 0,
        "netIncome": 3100000,
        "netIncomeRatio": 0.0679824561,
        "eps": 0.03,
        "epsdiluted": 0.03,
        "weightedAverageShsOut": 135904000,
        "weightedAverageShsOutDil": 135904000,
        "link": "",
        "finalLink": ""
    },
    {
        "date": "1988-06-30",
        "symbol": "RHI",
        "reportedCurrency": "USD",
        "cik": "0000315213",
        "fillingDate": "1988-06-30",
        "acceptedDate": "1988-06-29 20:00:00",
        "calendarYear": "1988",
        "period": "Q2",
        "revenue": 44000000,
        "costOfRevenue": 0,
        "grossProfit": 44000000,
        "grossProfitRatio": 1,
        "researchAndDevelopmentExpenses": 0,
        "generalAndAdministrativeExpenses": 0,
        "sellingAndMarketingExpenses": 0,
        "sellingGeneralAndAdministrativeExpenses": 0,
        "otherExpenses": 0,
        "operatingExpenses": 0,
        "costAndExpenses": 0,
        "interestIncome": 0,
        "interestExpense": 0,
        "depreciationAndAmortization": 0,
        "ebitda": 44000000,
        "ebitdaratio": 1,
        "operatingIncome": 44000000,
        "operatingIncomeRatio": 1,
        "totalOtherIncomeExpensesNet": -44000000,
        "incomeBeforeTax": 0,
        "incomeBeforeTaxRatio": 0,
        "incomeTaxExpense": 0,
        "netIncome": 3100000,
        "netIncomeRatio": 0.0704545455,
        "eps": 0.03,
        "epsdiluted": 0.03,
        "weightedAverageShsOut": 135016000,
        "weightedAverageShsOutDil": 135016000,
        "link": "",
        "finalLink": ""
    },
    {
        "date": "1988-03-31",
        "symbol": "RHI",
        "reportedCurrency": "USD",
        "cik": "0000315213",
        "fillingDate": "1988-03-31",
        "acceptedDate": "1988-03-30 19:00:00",
        "calendarYear": "1988",
        "period": "Q1",
        "revenue": 45100000,
        "costOfRevenue": 0,
        "grossProfit": 45100000,
        "grossProfitRatio": 1,
        "researchAndDevelopmentExpenses": 0,
        "generalAndAdministrativeExpenses": 0,
        "sellingAndMarketingExpenses": 0,
        "sellingGeneralAndAdministrativeExpenses": 0,
        "otherExpenses": 0,
        "operatingExpenses": 0,
        "costAndExpenses": 0,
        "interestIncome": 0,
        "interestExpense": 0,
        "depreciationAndAmortization": 0,
        "ebitda": 45100000,
        "ebitdaratio": 1,
        "operatingIncome": 45100000,
        "operatingIncomeRatio": 1,
        "totalOtherIncomeExpensesNet": -45100000,
        "incomeBeforeTax": 0,
        "incomeBeforeTaxRatio": 0,
        "incomeTaxExpense": 0,
        "netIncome": 2700000,
        "netIncomeRatio": 0.0598669623,
        "eps": 0.02,
        "epsdiluted": 0.02,
        "weightedAverageShsOut": 134464000,
        "weightedAverageShsOutDil": 134464000,
        "link": "",
        "finalLink": ""
    },
    {
        "date": "1987-12-31",
        "symbol": "RHI",
        "reportedCurrency": "USD",
        "cik": "0000315213",
        "fillingDate": "1987-12-31",
        "acceptedDate": "1987-12-30 19:00:00",
        "calendarYear": "1987",
        "period": "Q4",
        "revenue": 26500000,
        "costOfRevenue": 0,
        "grossProfit": 26500000,
        "grossProfitRatio": 1,
        "researchAndDevelopmentExpenses": 0,
        "generalAndAdministrativeExpenses": 0,
        "sellingAndMarketingExpenses": 0,
        "sellingGeneralAndAdministrativeExpenses": 0,
        "otherExpenses": -88400000,
        "operatingExpenses": -88400000,
        "costAndExpenses": -88400000,
        "interestIncome": 0,
        "interestExpense": 0,
        "depreciationAndAmortization": 0,
        "ebitda": -61900000,
        "ebitdaratio": -2.3358490566,
        "operatingIncome": -61900000,
        "operatingIncomeRatio": -2.3358490566,
        "totalOtherIncomeExpensesNet": 61900000,
        "incomeBeforeTax": 0,
        "incomeBeforeTaxRatio": 0,
        "incomeTaxExpense": 0,
        "netIncome": 0,
        "netIncomeRatio": 0,
        "eps": 0.02,
        "epsdiluted": 0.02,
        "weightedAverageShsOut": 135016000,
        "weightedAverageShsOutDil": 135016000,
        "link": "",
        "finalLink": ""
    },
    {
        "date": "1987-09-30",
        "symbol": "RHI",
        "reportedCurrency": "USD",
        "cik": "0000315213",
        "fillingDate": "1987-09-30",
        "acceptedDate": "1987-09-29 20:00:00",
        "calendarYear": "1987",
        "period": "Q3",
        "revenue": 26400000,
        "costOfRevenue": 0,
        "grossProfit": 26400000,
        "grossProfitRatio": 1,
        "researchAndDevelopmentExpenses": 0,
        "generalAndAdministrativeExpenses": 0,
        "sellingAndMarketingExpenses": 0,
        "sellingGeneralAndAdministrativeExpenses": 0,
        "otherExpenses": 0,
        "operatingExpenses": 0,
        "costAndExpenses": 0,
        "interestIncome": 0,
        "interestExpense": 0,
        "depreciationAndAmortization": 0,
        "ebitda": 26400000,
        "ebitdaratio": 1,
        "operatingIncome": 26400000,
        "operatingIncomeRatio": 1,
        "totalOtherIncomeExpensesNet": -26400000,
        "incomeBeforeTax": 0,
        "incomeBeforeTaxRatio": 0,
        "incomeTaxExpense": 0,
        "netIncome": 0,
        "netIncomeRatio": 0,
        "eps": 0.03,
        "epsdiluted": 0.03,
        "weightedAverageShsOut": 135016000,
        "weightedAverageShsOutDil": 135016000,
        "link": "",
        "finalLink": ""
    },
    {
        "date": "1987-06-30",
        "symbol": "RHI",
        "reportedCurrency": "USD",
        "cik": "0000315213",
        "fillingDate": "1987-06-30",
        "acceptedDate": "1987-06-29 20:00:00",
        "calendarYear": "1987",
        "period": "Q2",
        "revenue": 26400000,
        "costOfRevenue": 0,
        "grossProfit": 26400000,
        "grossProfitRatio": 1,
        "researchAndDevelopmentExpenses": 0,
        "generalAndAdministrativeExpenses": 0,
        "sellingAndMarketingExpenses": 0,
        "sellingGeneralAndAdministrativeExpenses": 0,
        "otherExpenses": 0,
        "operatingExpenses": 0,
        "costAndExpenses": 0,
        "interestIncome": 0,
        "interestExpense": 0,
        "depreciationAndAmortization": 0,
        "ebitda": 26400000,
        "ebitdaratio": 1,
        "operatingIncome": 26400000,
        "operatingIncomeRatio": 1,
        "totalOtherIncomeExpensesNet": -26400000,
        "incomeBeforeTax": 0,
        "incomeBeforeTaxRatio": 0,
        "incomeTaxExpense": 0,
        "netIncome": 0,
        "netIncomeRatio": 0,
        "eps": 0.03,
        "epsdiluted": 0.03,
        "weightedAverageShsOut": 135016000,
        "weightedAverageShsOutDil": 135016000,
        "link": "",
        "finalLink": ""
    },
    {
        "date": "1987-03-31",
        "symbol": "RHI",
        "reportedCurrency": "USD",
        "cik": "0000315213",
        "fillingDate": "1987-03-31",
        "acceptedDate": "1987-03-30 19:00:00",
        "calendarYear": "1987",
        "period": "Q1",
        "revenue": 26400000,
        "costOfRevenue": 0,
        "grossProfit": 26400000,
        "grossProfitRatio": 1,
        "researchAndDevelopmentExpenses": 0,
        "generalAndAdministrativeExpenses": 0,
        "sellingAndMarketingExpenses": 0,
        "sellingGeneralAndAdministrativeExpenses": 0,
        "otherExpenses": 0,
        "operatingExpenses": 0,
        "costAndExpenses": 0,
        "interestIncome": 0,
        "interestExpense": 0,
        "depreciationAndAmortization": 0,
        "ebitda": 26400000,
        "ebitdaratio": 1,
        "operatingIncome": 26400000,
        "operatingIncomeRatio": 1,
        "totalOtherIncomeExpensesNet": -26400000,
        "incomeBeforeTax": 0,
        "incomeBeforeTaxRatio": 0,
        "incomeTaxExpense": 0,
        "netIncome": 0,
        "netIncomeRatio": 0,
        "eps": 0.02,
        "epsdiluted": 0.02,
        "weightedAverageShsOut": 135016000,
        "weightedAverageShsOutDil": 135016000,
        "link": "",
        "finalLink": ""
    },
    {
        "date": "1986-12-31",
        "symbol": "RHI",
        "reportedCurrency": "USD",
        "cik": "0000315213",
        "fillingDate": "1986-12-31",
        "acceptedDate": "1986-12-30 19:00:00",
        "calendarYear": "1986",
        "period": "Q4",
        "revenue": 1900000,
        "costOfRevenue": 0,
        "grossProfit": 1900000,
        "grossProfitRatio": 1,
        "researchAndDevelopmentExpenses": 0,
        "generalAndAdministrativeExpenses": 0,
        "sellingAndMarketingExpenses": 0,
        "sellingGeneralAndAdministrativeExpenses": 0,
        "otherExpenses": -5400000,
        "operatingExpenses": -5400000,
        "costAndExpenses": -5400000,
        "interestIncome": 0,
        "interestExpense": 0,
        "depreciationAndAmortization": 0,
        "ebitda": -3500000,
        "ebitdaratio": -1.8421052632,
        "operatingIncome": -3500000,
        "operatingIncomeRatio": -1.8421052632,
        "totalOtherIncomeExpensesNet": 3500000,
        "incomeBeforeTax": 0,
        "incomeBeforeTaxRatio": 0,
        "incomeTaxExpense": 0,
        "netIncome": 0,
        "netIncomeRatio": 0,
        "eps": 0.01,
        "epsdiluted": 0.01,
        "weightedAverageShsOut": 124846000,
        "weightedAverageShsOutDil": 124846000,
        "link": "",
        "finalLink": ""
    },
    {
        "date": "1986-09-30",
        "symbol": "RHI",
        "reportedCurrency": "USD",
        "cik": "0000315213",
        "fillingDate": "1986-09-30",
        "acceptedDate": "1986-09-29 20:00:00",
        "calendarYear": "1986",
        "period": "Q3",
        "revenue": 1800000,
        "costOfRevenue": 0,
        "grossProfit": 1800000,
        "grossProfitRatio": 1,
        "researchAndDevelopmentExpenses": 0,
        "generalAndAdministrativeExpenses": 0,
        "sellingAndMarketingExpenses": 0,
        "sellingGeneralAndAdministrativeExpenses": 0,
        "otherExpenses": 0,
        "operatingExpenses": 0,
        "costAndExpenses": 0,
        "interestIncome": 0,
        "interestExpense": 0,
        "depreciationAndAmortization": 0,
        "ebitda": 1800000,
        "ebitdaratio": 1,
        "operatingIncome": 1800000,
        "operatingIncomeRatio": 1,
        "totalOtherIncomeExpensesNet": 0,
        "incomeBeforeTax": 0,
        "incomeBeforeTaxRatio": 0,
        "incomeTaxExpense": 0,
        "netIncome": 0,
        "netIncomeRatio": 0,
        "eps": 0,
        "epsdiluted": 0,
        "weightedAverageShsOut": 124846000,
        "weightedAverageShsOutDil": 124846000,
        "link": "",
        "finalLink": ""
    },
    {
        "date": "1986-06-30",
        "symbol": "RHI",
        "reportedCurrency": "USD",
        "cik": "0000315213",
        "fillingDate": "1986-06-30",
        "acceptedDate": "1986-06-29 20:00:00",
        "calendarYear": "1986",
        "period": "Q2",
        "revenue": 1800000,
        "costOfRevenue": 0,
        "grossProfit": 1800000,
        "grossProfitRatio": 1,
        "researchAndDevelopmentExpenses": 0,
        "generalAndAdministrativeExpenses": 0,
        "sellingAndMarketingExpenses": 0,
        "sellingGeneralAndAdministrativeExpenses": 0,
        "otherExpenses": 0,
        "operatingExpenses": 0,
        "costAndExpenses": 0,
        "interestIncome": 0,
        "interestExpense": 0,
        "depreciationAndAmortization": 0,
        "ebitda": 1800000,
        "ebitdaratio": 1,
        "operatingIncome": 1800000,
        "operatingIncomeRatio": 1,
        "totalOtherIncomeExpensesNet": 0,
        "incomeBeforeTax": 0,
        "incomeBeforeTaxRatio": 0,
        "incomeTaxExpense": 0,
        "netIncome": 0,
        "netIncomeRatio": 0,
        "eps": 0,
        "epsdiluted": 0,
        "weightedAverageShsOut": 124846000,
        "weightedAverageShsOutDil": 124846000,
        "link": "",
        "finalLink": ""
    },
    {
        "date": "1986-03-31",
        "symbol": "RHI",
        "reportedCurrency": "USD",
        "cik": "0000315213",
        "fillingDate": "1986-03-31",
        "acceptedDate": "1986-03-30 19:00:00",
        "calendarYear": "1986",
        "period": "Q1",
        "revenue": 1800000,
        "costOfRevenue": 0,
        "grossProfit": 1800000,
        "grossProfitRatio": 1,
        "researchAndDevelopmentExpenses": 0,
        "generalAndAdministrativeExpenses": 0,
        "sellingAndMarketingExpenses": 0,
        "sellingGeneralAndAdministrativeExpenses": 0,
        "otherExpenses": 0,
        "operatingExpenses": 0,
        "costAndExpenses": 0,
        "interestIncome": 0,
        "interestExpense": 0,
        "depreciationAndAmortization": 0,
        "ebitda": 1800000,
        "ebitdaratio": 1,
        "operatingIncome": 1800000,
        "operatingIncomeRatio": 1,
        "totalOtherIncomeExpensesNet": -1800000,
        "incomeBeforeTax": 0,
        "incomeBeforeTaxRatio": 0,
        "incomeTaxExpense": 0,
        "netIncome": 0,
        "netIncomeRatio": 0,
        "eps": 0.01,
        "epsdiluted": 0.01,
        "weightedAverageShsOut": 124846000,
        "weightedAverageShsOutDil": 124846000,
        "link": "",
        "finalLink": ""
    },
    {
        "date": "1985-12-31",
        "symbol": "RHI",
        "reportedCurrency": "USD",
        "cik": "0000315213",
        "fillingDate": "1985-12-31",
        "acceptedDate": "1985-12-30 19:00:00",
        "calendarYear": "1985",
        "period": "Q4",
        "revenue": 4800000,
        "costOfRevenue": 0,
        "grossProfit": 4800000,
        "grossProfitRatio": 1,
        "researchAndDevelopmentExpenses": 0,
        "generalAndAdministrativeExpenses": 0,
        "sellingAndMarketingExpenses": 0,
        "sellingGeneralAndAdministrativeExpenses": 0,
        "otherExpenses": -19700000,
        "operatingExpenses": -19700000,
        "costAndExpenses": -19700000,
        "interestIncome": 0,
        "interestExpense": 0,
        "depreciationAndAmortization": 0,
        "ebitda": -14900000,
        "ebitdaratio": -3.1041666667,
        "operatingIncome": -14900000,
        "operatingIncomeRatio": -3.1041666667,
        "totalOtherIncomeExpensesNet": 14900000,
        "incomeBeforeTax": 0,
        "incomeBeforeTaxRatio": 0,
        "incomeTaxExpense": 0,
        "netIncome": 1000000,
        "netIncomeRatio": 0.2083333333,
        "eps": 0.01,
        "epsdiluted": 0.01,
        "weightedAverageShsOut": 145764000,
        "weightedAverageShsOutDil": 145764000,
        "link": "",
        "finalLink": ""
    },
    {
        "date": "1985-09-30",
        "symbol": "RHI",
        "reportedCurrency": "USD",
        "cik": "0000315213",
        "fillingDate": "1985-09-30",
        "acceptedDate": "1985-09-29 20:00:00",
        "calendarYear": "1985",
        "period": "Q3",
        "revenue": 9400000,
        "costOfRevenue": 0,
        "grossProfit": 9400000,
        "grossProfitRatio": 1,
        "researchAndDevelopmentExpenses": 0,
        "generalAndAdministrativeExpenses": 0,
        "sellingAndMarketingExpenses": 0,
        "sellingGeneralAndAdministrativeExpenses": 0,
        "otherExpenses": 0,
        "operatingExpenses": 0,
        "costAndExpenses": 0,
        "interestIncome": 0,
        "interestExpense": 0,
        "depreciationAndAmortization": 0,
        "ebitda": 9400000,
        "ebitdaratio": 1,
        "operatingIncome": 9400000,
        "operatingIncomeRatio": 1,
        "totalOtherIncomeExpensesNet": -9400000,
        "incomeBeforeTax": 0,
        "incomeBeforeTaxRatio": 0,
        "incomeTaxExpense": 0,
        "netIncome": 1100000,
        "netIncomeRatio": 0.1170212766,
        "eps": 0.01,
        "epsdiluted": 0.01,
        "weightedAverageShsOut": 163922000,
        "weightedAverageShsOutDil": 163922000,
        "link": "",
        "finalLink": ""
    }
]